3529 5158
677 376 786 432 722
1479 388 1791 429 APPmmx
1829 388 1894 427 11.
1935 386 2330 429 masma-Ario

678 488 864 552 bilem
911 489 975 551 et
1020 487 1425 551 necessariam
1473 485 1893 570 ignorantiam
1938 485 2094 570 legis
2141 488 2205 549 et
2250 486 2734 564 constitutionis,
2770 488 2866 551 est
2896 485 3141 550 audien-

678 595 793 659 dus
819 596 882 660 et
912 594 1315 672 excusanduS,
1342 595 1395 659 si
1427 594 1644 677 probet
1675 594 1928 669 iustam,
1955 595 2364 658 necessariam
2395 595 2459 658 et
2481 595 2865 678 probabilem
2889 614 3133 659 causam

676 699 1070 783 ignorantiae
1112 699 1301 763 etiam
1337 699 1479 780 post
1508 697 1755 780 lapsum
1788 697 2054 761 duorum
2099 698 2406 762 mensium
2437 724 2498 761 ».

766 803 873 865 30.
901 801 1088 866 Ratio
1128 819 1295 883 erg0,
1346 820 1454 863 cur
1494 801 1590 865 tot
1638 800 2045 884 allegationes
2082 800 2275 865 falsae
2321 820 2429 865 seu
2477 801 2585 865 abs
2633 821 2696 865 re
2745 801 3138 885 proferantur

678 905 815 969 tota
864 903 1136 987 profluit,
1187 922 1256 965 ex
1305 922 1395 979 60,
1431 901 1596 984 quod
1628 921 1750 966 non
1799 902 1953 966 satis
1997 902 2248 983 quidam
2297 903 2629 987 inspexerit
2674 905 2915 970 statum
2958 924 3138 987 quae-

682 1005 923 1073 stionis.
964 1006 1064 1069 Ita
1110 1005 1273 1069 Azor
1306 1006 1457 1069 tom.
1505 1006 1559 1067 1.
1594 1005 1701 1069 lib.
1738 1004 1799 1068 5.
1833 1023 1965 1088 cap.
2002 1006 2062 1068 3.
2099 1025 2156 1087 q.
2192 1006 2275 1082 3.,
2312 1005 2402 1071 ita
2435 1004 2661 1071 Suarez
2694 1026 2829 1089 sup.
2864 1026 2925 1070 n.
2972 1008 3135 1081 126.;

681 1110 772 1174 ita
806 1110 870 1172 et
892 1107 1291 1172 Reiffenstuel
1328 1102 1435 1170 lib.
1474 1108 1529 1169 1.
1573 1107 1671 1170 tit.
1714 1109 1774 1171 2.
1809 1127 1867 1171 11.
1910 1108 2077 1182 125.,
2113 1108 2220 1189 qui
2245 1109 2508 1192 ingenue
2533 1109 2787 1182 fatetur,
2814 1109 3138 1174 citationes

681 1231 744 1276 se
791 1211 1154 1275 mutuatum
1201 1210 1390 1275 fuisse
1439 1232 1475 1276 a
1522 1210 1822 1293 Prospero
1871 1209 2193 1274 Farinacio
2228 1211 2505 1296 (Fragm.
2533 1209 2850 1275 Criminal.
2893 1214 3052 1294 part.
3087 1213 3135 1275 Ι.

682 1335 740 1377 11.
778 1313 926 1377 656.
966 1312 1119 1396 Opp.
1156 1314 1315 1394 part.
1344 1314 1460 1377 111.
1485 1317 1638 1379 tom.
1690 1314 1749 1376 2.
1786 1332 1926 1397 pag.
1968 1314 2112 1376 111.
2164 1314 2270 1377 lib.
2305 1313 2546 1378 Variar.
2597 1312 3007 1396 Quaestion.).
3056 1314 3142 1378 At

680 1414 1125 1480 advertendum
1172 1416 1323 1493 erat,
1375 1415 1769 1479 Farinacium
1817 1415 1901 1479 ibi
1949 1434 2130 1499 agere
2176 1415 2250 1480 de
2288 1415 2747 1481 Constitutione
2779 1417 3136 1500 praesertim

668 1516 933 1598 poenali
978 1519 1040 1581 et
1071 1517 1396 1599 complecti
1417 1516 1567 1597 (vid.
1596 1517 1743 1581 ibid.
1781 1539 1839 1581 11.
1877 1518 2025 1581 653.
2060 1520 2124 1582 61
2157 1519 2338 1602 658.)
2363 1517 2553 1582 etiam
2584 1519 2771 1603 legeS,
2807 1538 2962 1600 quas
2987 1520 3138 1583 Pon·

682 1622 831 1686 tifex
880 1621 1001 1685 fert
1048 1639 1157 1703 pro
1192 1639 1305 1685 sua
1352 1620 1585 1685 ditione
1632 1620 1980 1704 temporali,
2021 1640 2237 1703 nempe
2269 1639 2378 1703 pro
2428 1618 2614 1684 Statu
2659 1620 3140 1687 Ecclesiastico:

682 1723 832 1788 adeo
882 1727 953 1788 ut
1003 1722 1191 1786 addat
1238 1742 1295 1785 n.
1333 1722 1504 1798 658„
1539 1741 1781 1786 necesse
1827 1722 2015 1787 fuisse
2049 1722 2227 1803 (dum
2273 1724 2402 1807 ipse
2434 1743 2661 1788 munus
2692 1725 2950 1808 gerebat
2997 1725 3141 1788 Pro-

677 1826 983 1891 curatoris
1028 1825 1284 1908 fiscalis)
1332 1827 1404 1889 ut
1450 1825 1876 1907 disputaretur
1921 1824 1996 1888 de
2042 1824 2151 1889 hoc
2175 1827 2496 1907 principio
2541 1827 2604 1890 in
2645 1846 2831 1891 causa
2870 1827 3138 1909 quadam

676 1928 952 2008 caffl'tali.

766 2031 1029 2095 Proinde
1075 2031 1140 2093 111
1184 2050 1314 2094 16111
1362 2049 1538 2095 suam
1588 2031 1830 2113 praeter
1864 2030 2019 2095 alios
2051 2032 2256 2113 plures
2288 2031 2648 2097 Farinacius
2683 2033 2917 2117 allegat
2947 2033 3133 2097 etiam

678 2133 1011 2219 Aegidium
1070 2133 1418 2197 Bellamera
1464 2136 1528 2197 et
1573 2133 1992 2198 Alexandrum
2040 2134 2112 2198 (16
2163 2133 2395 2199 Naevo.
2460 2134 2546 2198 At
2594 2154 2738 2199 vero
2804 2138 3138 2219 possuntne

679 2236 786 2302 isti
835 2236 1139 2327 accenseri
1185 2235 1534 2301 fautoribus
1584 2236 1751 2300 illius
1800 2235 2134 2313 doctrinae,
2161 2256 2270 2320 pro
2319 2256 2441 2319 qua
2492 2238 2648 2302 111106
2697 2238 2928 2321 allegat
2975 2238 3140 2302 Reif-

680 2340 985 2404 fenstuel?

768 2443 872 2506 31.
908 2442 988 2506 Et
1036 2462 1182 2507 sane
1228 2442 1526 2526 Aegidius
1576 2442 1924 2506 Bellamera
1972 2443 2034 2506 111
2081 2462 2131 2505 6.
2191 2440 2657 2524 CoynoscentcS,
2709 2466 2766 2508 n.
2819 2445 2877 2506 6.
2929 2447 3138 2527 aperte

680 2545 963 2622 admittit
1009 2545 1401 2622 sententiam,
1451 2564 1608 2628 quae
1656 2545 1817 2610 inter
1863 2545 2328 2629 imperatoriam
2377 2546 2439 2610 et
2487 2546 2769 2631 papalem
2818 2546 3136 2611 Constitu-

678 2649 909 2713 tionem
955 2649 1071 2712 hoc
1119 2648 1297 2731 ponit
1341 2648 1665 2712 discrimen
1713 2674 1745 2704 «
1779 2647 1940 2730 quod
1976 2650 2069 2712 est
2117 2667 2376 2726 11666666,
2412 2649 2577 2730 quod
2608 2650 2671 2713 in
2704 2650 2982 2732 qualibet
3007 2668 3138 2733 pro-

674 2752 875 2815 vincia
924 2751 1275 2832 publicetur
1321 2751 1415 2813 lex
1463 2750 1919 2832 imperatoris...
1979 2749 2094 2814 Sed
2142 2771 2315 2816 secus
2363 2750 2856 2818 Constitutiones
2889 2753 3131 2836 Papae3

675 2853 824 2934 quia
861 2854 1032 2935 Papa
1078 2853 1142 2916 in
1190 2872 1313 2918 uno
1361 2852 1496 2916 loco
1544 2854 1755 2916 manet
1787 2852 2122 2916 immobilis
2154 2878 2216 2917 ».
2249 2854 2398 2918 -Alia
2438 2874 2583 2940 ergo
2609 2854 2681 2919 de
2712 2875 2901 2920 causa
2941 2856 3136 2920 Bella-

674 2973 842 3019 mera
892 2955 1200 3039 allegatus
1238 2954 1441 3019 fuerat
1490 2975 1525 3018 a
1573 2954 2072 3030 Fa1·inacio,scil.
2106 2956 2266 3019 circa
2305 2958 2779 3034 excusationem,
2814 2978 3000 3041 quam
3035 2958 3136 3021 ba·

678 3057 814 3120 bere
840 3057 1077 3139 possint
1106 3057 1484 3140 ignorantes,

767 3162 871 3223 32.
913 3159 1254 3224 Alexander
1302 3160 1513 3223 autem
1559 3159 1630 3222 de
1677 3159 1891 3224 Naevo
1935 3160 1998 3223 in
2047 3180 2179 3243 cap.
2223 3159 2667 3241 Coynoscentcs
2713 3182 2770 3226 n.
2822 3164 2927 3226 33.
2961 3164 3132 3227 litem

678 3264 917 3328 dirimit
941 3264 1059 3327 ista
1093 3263 1514 3327 conclusione:
1556 3287 1589 3320 «
1624 3261 1858 3326 Octava
1891 3262 2186 3327 limitatio
2219 3262 2378 3344 (scil.
2419 3263 2752 3341 doctrinae,
2786 3285 2945 3346 quae
2982 3265 3134 3330 duos

682 3385 919 3430 menses
969 3365 1044 3428 ad
1090 3364 1413 3447 ligandum
1461 3365 1764 3449 concedit)
1812 3369 1923 3443 est,
1975 3366 2219 3445 quando
2268 3366 2455 3431 datur
2519 3368 2776 3433 scientia
2824 3366 3135 3433 Constitu-

686 3468 871 3532 tionis
892 3492 907 3540 ς
928 3487 1071 3530 nam
1092 3466 1281 3530 etiam
1316 3472 1459 3531 ante
1492 3467 1646 3532 duos
1676 3487 1916 3532 menses
1933 3469 2212 3553 ligantur
2243 3471 2503 3534 scientes
2522 3468 3047 3537 Constitutionem
3073 3499 3129 3533 ».

678 3571 872 3650 Atqui
905 3569 1056 3633 haec
1086 3570 1266 3651 plane
1304 3570 1611 3646 evincunt,
1649 3570 1747 3653 agi
1783 3570 1856 3634 de
1888 3573 2301 3649 excusatione,
2337 3591 2526 3654 quam
2573 3574 2799 3638 habeat
2844 3576 3132 3659 ignorans

682 3674 878 3738 latam
918 3673 1137 3756 legem.
1165 3674 1329 3756 Ergo
1378 3692 1499 3737 non
1547 3675 1640 3737 est
1687 3692 1886 3738 sermo
1920 3674 1993 3737 de
2032 3674 2092 3738 vi
2127 3675 2465 3758 obligandi.

766 3777 1093 3839 Praeterea
1127 3775 1270 3839 ibid.
1304 3796 1363 3839 n.
1401 3776 1503 3838 37.
1540 3795 1837 3856 qua-erens
1871 3796 1947 3839 an
1979 3777 2392 3842 necessarium
2427 3780 2529 3853 sit,
2564 3780 2728 3861 quod
2752 3778 3130 3848 Constitutio

676 3879 1023 3962 publicetur
1071 3879 1129 3941 in
1181 3878 1457 3959 qualibet
1505 3877 1838 3960 provincia,
1873 3879 2216 3960 respondet,
2267 3880 2430 3962 quod
2488 3908 2520 3938 «
2556 3884 2666 3946 aut
2711 3882 3027 3965 loquimur
3069 3885 3128 3948 in

679 3980 1139 4045 Constitutione
1186 3979 1350 4043 facta
1398 4000 1503 4062 per
1551 3980 2016 4062 Imperatorem,
2084 3984 2143 4045 et
2191 3961 2340 4046 tunc
2387 3984 2532 4047 talis
2580 3982 2964 4050 Constitutio
3011 4006 3128 4051 non

673 4083 834 4167 ligat
878 4083 1246 4166 provinciaS‚
1298 4082 1357 4146 in
1406 4083 1631 4164 quibus
1678 4101 1799 4146 non
1848 4083 1968 4146 fuit
2016 4085 2395 4167 publicata...
2447 4085 2560 4151 Sed
2609 4088 2656 4150 si
2709 4087 3022 4170 loquimur
3066 4088 3123 4152 in

676 4184 1136 4251 Constitutione
1184 4186 1421 4269 Papali,
1463 4188 1609 4250 sunt
1648 4185 1983 4268 opiniones.
2019 4185 2135 4250 Sed
2168 4187 2402 4252 Paulus
2451 4190 2512 4252 et
2559 4188 2736 4253 Butr.
2788 4191 2888 4254 hic
2920 4190 3128 4255 dicunt

676 4307 807 4351 esse
855 4289 926 4351 de
976 4288 1119 4353 stilo
1168 4287 1408 4364 Curiae,
1466 4289 1628 4370 quod
1685 4291 2018 4371 postquam
2056 4291 2151 4353 est
2204 4289 2368 4354 facta
2419 4290 2756 4374 publicatio
2819 4293 2882 4357 in
2922 4292 3124 4368 Curia,

678 4389 901 4472 elapsis
950 4391 1191 4455 duobus
1240 4391 1569 4466 mensibus,
1606 4388 1990 4456 Constitutio
2039 4392 2198 4474 ligat
2239 4412 2488 4473 omnes,.
2518 4394 2664 4476 quia
2711 4396 3128 4468 verisimiliter

679 4496 885 4575 potest
918 4494 1142 4558 notitia
1175 4494 1435 4558 transire
1475 4495 1552 4558 ad
1585 4494 1769 4574 alios;
1806 4514 1875 4559 ex
1907 4514 1978 4560 eo
2012 4495 2175 4577 quod
2209 4496 2268 4560 in
2303 4495 2490 4561 Curia
2522 4501 2972 4564 consueverunt
3003 4517 3129 4563 esse

687 4596 960 4658 homines
1008 4597 1415 4659 communiter
1453 4596 1524 4659 de
1560 4598 1844 4661 omnibus
1891 4599 2173 4681 partibus
2221 4601 2432 4664 mundi
2491 4603 2552 4664 et
2585 4601 2698 4665 hoc
2743 4601 2958 4666 dicunt
3005 4621 3130 4667 6666
