3529 5158
867 409 1354 451 PROPOffl‘rlONUM
1390 411 1824 452 DAMNATARUM
1864 414 1901 451 A
1939 414 2118 453 CLEM.
2159 414 2236 452 XI.
2671 410 2791 451 XLV

420 516 524 571 12.
569 511 856 585 Quando
904 512 1091 571 Deus
1137 512 1289 571 vult
1335 512 1595 571 salvare
1642 512 1951 590 animam,
2003 529 2422 587 quocumque
2471 516 2787 587 tempore,

334 618 753 678 quocumque
797 601 940 661 loco
987 601 1266 661 effectus
1315 601 1784 662 indubitabilis
1831 602 2138 677 sequitur
2185 602 2597 661 voluntatem
2639 599 2788 660 Dei.

423 693 525 751 13.
578 690 861 764 Quando
910 690 1096 749 Deus
1160 691 1311 751 vult
1357 690 1643 750 animam
1691 692 1948 751 salvam
1994 690 2208 750 facere
2256 695 2324 749 et
2375 707 2522 750 eam
2568 688 2793 765 tangit

335 780 672 841 interioris
704 779 959 856 gratiae
1007 795 1167 839 suae
1215 796 1431 855 manu,
1470 781 1656 839 nulla
1702 780 2017 840 voluutas
2065 781 2358 839 humana
2402 780 2464 839 ei
2513 778 2787 839 resistit.

424 873 525 929 14.
564 869 1195 943 Quantumcumque
1231 874 1526 928 remotus
1558 887 1599 929 a
1628 869 1848 929 salute
1895 869 1986 928 sit
2032 872 2341 944 peceator
2387 868 2787 944 obstinatae,

336 959 601 1035 quaudo
651 960 841 1017 Iesus
888 975 959 1017 se
1004 957 1065 1017 ei
1101 957 1464 1016 videndum
1498 959 1773 1019 exhibet
1819 959 2069 1018 lumine
2115 958 2394 1018 salutari
2443 975 2604 1018 suae
2640 974 2790 1034 gra-

334 1050 487 1128 tiae,
520 1050 787 1122 oportet
833 1049 909 1105 ut
954 1063 1024 1107 se
1071 1046 1291 1121 dedat,
1337 1051 1661 1121 accurrat,
1713 1064 1857 1108 sese
1906 1048 2214 1107 humiliet
2260 1050 2329 1106 et
2373 1048 2606 1107 adoret
2646 1046 2789 1106 Sal-

337 1140 633 1198 vatorem
680 1153 895 1196 suum.

424 1230 526 1286 15.
563 1225 848 1298 Quando
888 1227 1066 1286 Deus
1117 1227 1497 1286 mandatum
1547 1244 1739 1285 suum
1772 1232 1843 1287 et
1890 1222 2090 1285 suam
2125 1232 2468 1286 externam
2506 1224 2785 1286 locutio-

335 1332 486 1375 nem
516 1314 873 1375 comitatur
904 1316 1220 1375 uuctione
1251 1316 1354 1377 sui
1407 1316 1700 1390 Spiritus
1746 1323 1816 1376 et
1862 1315 2164 1376 interiori
2205 1315 2273 1374 vi
2322 1315 2577 1391 gratiae
2606 1330 2789 1391 suae,

336 1408 646 1479 operatur
694 1404 876 1463 illam
923 1404 992 1464 in
1041 1405 1236 1465 corde
1283 1405 1748 1483 obedientiam,
1801 1423 1998 1481 quam
2048 1405 2241 1480 petit.

426 1495 529 1552 16.
564 1494 806 1553 Nullae
852 1498 1013 1554 sunt
1044 1495 1410 1571 illecebrae,
1447 1511 1619 1570 quae
1667 1512 1802 1555 non
1841 1496 2084 1555 cedant
2121 1494 2453 1554 illecebris
2502 1492 2789 1570 gratiae3

337 1583 495 1659 quia
539 1582 710 1642 nihil
754 1583 1011 1642 resistit
1056 1584 1516 1659 omnipotenti.

426 1675 530 1732 17.
566 1671 805 1732 Gratia
849 1674 953 1732 est
989 1689 1121 1732 vox
1154 1673 1270 1732 illa
1321 1674 1559 1747 Patris,
1602 1689 1772 1747 quae
1819 1674 2120 1733 homines
2170 1673 2453 1732 interius
2490 1671 2686 1731 docet
2716 1686 2795 1729 ac

338 1778 449 1821 eos
480 1760 709 1821 venire
744 1761 905 1822 facit
928 1762 1013 1821 ad
1040 1763 1261 1822 Iesum
1297 1763 1668 1823 Christum:
1702 1762 2108 1838 quicumque
2139 1761 2225 1821 ad
2258 1778 2405 1820 eum
2433 1777 2568 1819 11011
2609 1758 2798 1819 venit

339 1856 691 1927 postquam
738 1851 1002 1911 audivit
1039 1868 1270 1911 vocem
1316 1852 1711 1912 exteriorem
1761 1851 1938 1928 Filii,
1981 1853 2368 1911 nullatenus
2413 1853 2519 1909 est
2557 1849 2795 1908 doctus

337 1957 377 1999 a
421 1941 641 2001 Patre.

427 2033 529 2089 18.
582 2030 819 2091 Semen
868 2029 1078 2108 verbi,
1120 2031 1300 2104 quod
1348 2048 1584 2091 manus
1632 2030 1759 2090 Dei
1809 2029 2065 2108 irrigat,
2106 2046 2367 2104 semper
2411 2029 2611 2089 affert
2656 2026 2794 2086 fru-

338 2122 519 2179 ctum
567 2136 782 2179 suum.

433 2211 536 2269 19.
578 2209 707 2268 Dei
739 2208 960 2284 gratia
997 2209 1164 2268 nihil
1197 2209 1380 2269 aliud
1414 2214 1537 2288 est,
1573 2227 1775 2284 quam
1807 2210 1953 2269 eius
1985 2208 2410 2283 omnipotens
2447 2206 2792 2266 voluntas:

338 2299 499 2358 haec
544 2301 648 2358 est
706 2297 876 2377 idea,
934 2314 1135 2372 quam
1195 2300 1380 2359 Deus
1435 2300 1581 2374 ipse
1644 2298 1837 2358 nobis
1893 2298 2102 2359 tradit
2157 2298 2225 2356 in
2288 2296 2600 2357 omnibus
2652 2294 2794 2355 suis

340 2386 722 2463 ScripturiS.

427 2479 533 2536 20.
570 2478 748 2536 Vera
784 2478 1041 2553 gratiae
1076 2478 1225 2537 idea
1270 2480 1393 2553 est,
1428 2477 1609 2553 quod
1658 2479 1845 2537 Deus
1885 2477 2033 2537 vult
2081 2477 2210 2536 sibi
2241 2494 2281 2535 a
2315 2475 2507 2535 nobis
2539 2473 2796 2533 obediri

339 2571 408 2627 et
438 2566 784 2626 obeditur:
817 2566 1105 2643 imperat
1151 2571 1221 2628 et
1251 2567 1474 2627 omnia
1511 2568 1713 2627 fiunt:
1761 2566 2063 2642 loquitur
2112 2570 2433 2642 tanquam
2470 2563 2797 2624 Dominus

340 2660 410 2716 et
454 2657 676 2715 omnia
722 2656 851 2716 sibi
898 2657 1231 2717 submissa
1279 2662 1457 2718 suut.

429 2749 535 2805 21.
572 2745 813 2805 Gratia
860 2746 1011 2805 Iesu
1064 2745 1315 2807 Christi
1365 2751 1469 2808 est
1515 2747 1735 2822 gratia
1783 2747 1996 2825 fortis,
2031 2751 2289 2823 potens,
2332 2761 2663 2820 suprema,
2695 2742 2799 2801 iu-

342 2834 701 2912 vincibilis,
744 2838 977 2911 utpote
1025 2852 1197 2911 quae
1243 2841 1347 2896 est
1393 2835 1689 2912 operatio
1736 2836 2110 2896 voluntatis
2159 2834 2658 2911 omnipotentis,
2697 2848 2801 2892 se-

342 2924 543 3000 quela
588 2929 659 2984 et
717 2923 1006 2984 imitatio
1068 2926 1474 3000 operationis
1536 2925 1664 2985 Dei
1728 2925 2144 2986 incarnantis
2207 2930 2273 2986 et
2339 2920 2801 2984 resuscitantis

341 3013 583 3073 Filium
633 3029 847 3072 suum.

431 3105 537 3162 22.
589 3103 959 3163 Concordia
1002 3104 1477 3179 omnipotentis
1527 3104 1936 3179 operationis
1976 3106 2100 3164 Dei
2151 3105 2221 3162 iu
2269 3103 2464 3164 corde
2511 3100 2801 3161 hominis

340 3210 484 3252 cum
536 3191 747 3252 libero
796 3192 1009 3267 ipsius
1057 3195 1427 3254 voluntat-is
1474 3210 1801 3254 consensu
1852 3194 2348 3253 demonstratur
2397 3192 2575 3250 illico
2610 3191 2803 3250 nobis

344 3282 409 3340 in
457 3281 935 3360 incarnatione,
986 3282 1196 3342 veluti
1249 3283 1433 3343 fonte
1499 3286 1705 3358 atque
1764 3283 2127 3358 archetypo
2174 3281 2470 3340 omnium
2517 3279 2802 3338 aliarum

344 3371 804 3446 operationum
853 3370 1339 3432 misericordiae
1387 3376 1457 3431 et
1503 3371 1779 3449 gratiae,
1822 3388 1995 3445 quae
2042 3387 2272 3431 omues
2319 3370 2417 3430 ita
2463 3369 2803 3445 gratuitae

341 3465 544 3535 atque
581 3459 676 3519 ita
722 3460 1177 3535 dependentes
1209 3479 1248 3522 a
1287 3463 1429 3521 Deo
1478 3464 1657 3532 sunt,
1694 3459 1873 3520 sicut
1904 3461 2050 3535 ipsa
2096 3460 2442 3535 originalis
2480 3459 2799 3534 operatio.

432 3550 538 3608 23.
591 3550 776 3609 Deus
823 3550 967 3624 ipse
1014 3551 1204 3611 nobis
1251 3551 1467 3610 ideam
1514 3549 1799 3610 tradidit
1868 3549 2347 3625 omnipotentis
2396 3548 2804 3625 operationis

344 3654 501 3698 suae
548 3638 825 3716 gratiae,
876 3655 1020 3698 eam
1070 3639 1453 3716 significans
1500 3658 1619 3715 per
1668 3639 1868 3716 illam,
1911 3656 2082 3714 quae
2131 3643 2470 3699 creaturas
2508 3656 2545 3699 e
2593 3637 2804 3698 nihilo

348 3726 655 3802 producit
699 3731 770 3787 et
816 3729 1096 3788 mortuis
1143 3729 1361 3789 reddit
1413 3729 1639 3789 vitam.

438 3819 544 3876 24.
595 3818 785 3877 Iusta
831 3816 1002 3896 idea,
1053 3837 1248 3893 quam
1283 3819 1586 3879 centurio
1635 3818 1838 3878 habet
1885 3819 1968 3878 de
2016 3818 2501 3892 omnipotentia
2551 3818 2677 3876 Dei
2737 3820 2806 3877 et

352 3905 503 3966 Iesu
550 3906 805 3966 Christi
853 3907 923 3966 in
974 3907 1290 3967 sanandis
1337 3908 1729 3983 corporibus
1779 3909 1919 3968 solo
1967 3912 2152 3967 motu
2202 3923 2362 3966 suae
2411 3906 2802 3984 voluntatis,

350 3998 451 4055 est
493 3995 716 4071 imago
764 3995 972 4074 ideae,
1006 4013 1176 4072 qnae
1208 3997 1435 4057 haberi
1460 3997 1673 4070 debet
1704 3997 1785 4056 de
1821 3995 2304 4072 omnipotentia
2352 4013 2511 4055 suae
2549 3995 2807 4071 gratiae

359 4083 425 4142 in
472 4084 789 4144 sanandis
835 4085 1185 4146 animabus
1231 4103 1271 4145 a
1318 4086 1707 4162 eupiditate.

439 4174 541 4234 25.
579 4174 766 4233 Deus
799 4173 1136 4236 illuminat
1167 4176 1454 4235 animam
1489 4180 1559 4235 et
1590 4192 1732 4235 eam
1767 4179 1981 4253 sanat,
2017 4193 2229 4250 aeque
2261 4191 2339 4234 ac
2370 4191 2631 4250 corpus,
2666 4174 2809 4234 sola

354 4278 471 4322 sua
515 4262 898 4324 voluntate:
952 4264 1139 4324 iubet
1185 4270 1253 4325 et
1302 4265 1425 4340 ipsi
1478 4265 1996 4340 obtemperatur.

438 4355 540 4412 26.
578 4352 820 4412 Nullae
870 4352 1117 4413 dantur
1164 4354 1441 4434 gratiae,
1494 4353 1620 4413 nisi
1674 4371 1794 4429 per
1839 4355 2054 4414 fidem.

438 4443 541 4502 27.
592 4440 797 4501 Fides
829 4446 933 4502 est
979 4442 1191 4518 prima
1239 4444 1457 4521 gratia
1502 4447 1571 4503 et
1619 4442 1769 4503 fons
1802 4444 2098 4503 omnium
2145 4443 2444 4502 aliarum.

439 4533 541 4633 22.
577 4530 811 4634 1)τίωο
834 4530 1071 4611 gratia,
1099 4550 1298 4608 quam
1330 4535 1509 4593 Deus
1544 4533 1850 4592 concedit
1875 4532 2224 4608 peccatori,
2244 4535 2350 4592 est
2380 4534 2804 4606 peccatorum

358 4634 667 4682 remissio.
