3529 5158
643 374 752 430 266
1240 387 1451 428 1111131.
1489 388 1554 427 ιι.
1593 386 1678 426 nn
1714 386 2129 428 consonarum.
2169 386 2367 429 carm*
2406 388 2497 427 111.
2953 370 3099 447 [235]

735 487 818 551 Ε1
863 487 1113 568 quidem
1157 485 1363 567 quoad
1394 485 1806 570 cogitationes
1839 488 2057 547 contra
2086 483 2292 564 fidem,
2319 483 2627 548 docendus
2660 482 3002 566 poenitenS,
3035 502 3112 547 ne

647 590 912 673 positive
958 607 1235 674 pugnare
1267 588 1420 652 velit
1455 589 1671 653 contra
1716 586 2147 665 tentationem,
2198 586 2492 651 eliciendo
2542 587 2720 651 actus
2768 585 3109 669 oppositOS‚

648 693 752 757 sed
783 692 1014 756 habeat
1048 711 1113 755 se
1143 693 1324 774 quasi
1355 690 1710 775 permissive
1758 690 1822 753 et
1865 708 2010 753 cum
2033 690 2414 772 contemptu,
2452 688 2629 753 velut
2659 689 2715 753 si
2755 707 2827 752 ea
2873 707 2908 751 a
2957 706 3114 769 quo-

649 795 818 878 piam
865 793 988 858 alio
1035 794 1234 859 stulto
1266 793 1386 857 dici
1419 792 1663 857 audiret
1698 794 1763 856 et
1784 791 1995 874 potius
2031 809 2223 874 quam
2252 792 2318 855 in
2355 792 2531 855 aestu
2568 790 2936 855 tentationis
2963 789 3113 855 velit

650 898 866 962 elicere
913 899 1124 961 actum
1168 897 1330 975 fidei,
1377 895 1623 960 facilius
1669 895 1893 972 vincet,
1944 895 1998 958 si
2042 895 2315 958 mentem
2361 893 2705 957 abstrahat.
2769 891 3115 957 Pertinebit

652 1001 863 1064 autem
903 998 979 1062 ad
1026 999 1420 1082 prudentiam
1451 997 1828 1073 confessarii,
1868 1000 1943 1061 ut
1978 997 2269 1080 inspectis
2301 1014 2599 1080 personae
2628 994 3114 1060 circumstantiis

650 1102 858 1166 varios
887 1100 1105 1165 modos
1153 1119 1263 1183 pro
1310 1100 1570 1165 diversis
1626 1099 1935 1164 adiunctis
1982 1100 2324 1183 suggerat;
2381 1116 2529 1162 nam
2574 1097 2682 1162 alii
2727 1098 2954 1181 3113113,
3005 1095 3112 1161 3111

651 1203 1071 1279 mulierculae,
1108 1202 1214 1266 alii
1238 1202 1518 1266 studioso
1551 1204 1734 1266 erunt
1758 1201 2048 1284 aptiores.
2083 1199 2351 1280 Quidam
2375 1199 2552 1264 facile
2575 1198 2903 1281 tranquilli
2931 1198 3112 1275 fiunt,

653 1306 801 1371 dum
834 1307 1152 1390 regerunt:
1187 1304 1329 1386 Eyo
1366 1304 1548 1368 credo
1585 1305 1750 1367 sicut
1778 1323 1828 1366 3.
1870 1304 2215 1367 Antonius.

743 1409 905 1471 Item
941 1406 1342 1482 suadendum,
1383 1426 1459 1470 ne
1495 1406 1897 1488 scrupulosus
1943 1406 2170 1469 directe
2208 1406 2447 1489 pugnet
2490 1404 2709 1469 contra
2753 1402 2980 1467 iudicia
3026 1403 3115 1464 13-

651 1510 938 1585 meraria,
980 1509 1085 1573 sed
1122 1510 1499 1574 contemnat.
1532 1508 1634 1572 Ita
1665 1508 1720 1572 si
1752 1507 2075 1572 oboriatur
2111 1507 2435 1591 cogitatiO,
2458 1505 2626 1587 quod
2656 1505 2969 1588 quispiam
3001 1503 3115 1566 aut

654 1611 1010 1676 luxuriosus
1041 1610 1126 1675 sit
1173 1611 1286 1674 aut
1330 1609 1431 1674 fur
1467 1612 1605 1687 etc.‚
1654 1629 1778 1675 non
1824 1607 2007 1673 debet
2049 1627 2266 1693 cogere
2312 1609 2584 1675 mentam
2631 1606 2709 1671 ad
2757 1604 3113 1688 oppositum

657 1713 1043 1778 sentiendum
1089 1731 1199 1776 nec
1235 1713 1507 1776 rationes
1553 1729 1867 1793 quaerere,
1924 1710 2151 1793 quibus
2195 1710 2444 1785 iudicet,
2479 1709 2660 1773 illum
2697 1726 2827 1772 esse
2873 1708 3117 1771 castum

656 1817 914 1892 iustum,
943 1815 1115 1898 pium
1133 1818 1247 1879 etc.
1281 1815 1501 1880 Potest
1523 1815 1640 1878 sibi
1665 1813 1898 1878 dicere:
1925 1812 2235 1895 Quidquid
2260 1813 2367 1877 ille
2396 1812 2499 1890 sit,
2526 1810 2676 1893 quid
2694 1810 2772 1885 ad
2793 1812 2903 1875 te?
2927 1808 3117 1872 Visne

653 1918 880 1982 idcirco
930 1920 1000 1979 tu
1040 1920 1327 1999 peccare?
1358 1918 1475 1981 313.

745 2020 918 2084 Idem
965 2019 1347 2083 suadendum
1392 2019 1537 2095 11113,
1588 2019 1696 2100 qui
1741 2020 1999 2083 internis
2037 2020 2338 2084 vexantur
2383 2018 2890 2102 cogitationibus),
2939 2013 3119 2096 quasi

659 2125 859 2188 Deum
881 2123 1329 2205 blasphement,
1349 2123 1544 2186 velint
1565 2121 1879 2186 destruere
1903 2124 2018 2186 etc.
2054 2121 2316 2186 Videtur
2348 2122 2512 2186 enim
2542 2121 2703 2198 istis,
2734 2121 2887 2185 haec
2912 2116 3119 2182 omnia

657 2245 688 2289 e
736 2224 916 2290 corde
963 2225 1301 2307 provenire,
1353 2225 1430 2289 ob
1479 2225 1931 2289 vehementiam
1978 2225 2108 2288 scil.
2159 2224 2223 2287 et
2267 2225 2693 2298 turbationem
2726 2221 3114 2307 phantasiae.

657 2327 999 2392 Phantasia
1045 2328 1210 2391 hisce
1256 2327 1924 2410 repraesentationibus
1959 2328 2011 2391 si
2042 2327 2127 2391 sit
2173 2327 2442 2405 assueta,
2477 2347 2601 2393 non
2632 2326 2913 2391 subiacet
2941 2324 3118 2389 liber-

659 2430 797 2495 tati.
839 2427 1216 2513 Contemptu
1261 2430 1458 2514 igitur
1487 2429 1794 2499 utendum
1839 2448 1949 2493 nec
1993 2428 2373 2513 litigandum
2417 2431 2514 2494 est
2558 2449 2701 2494 cum
2744 2427 2892 2505 illis,
2938 2424 3120 2507 quasi

659 2534 813 2600 velit
843 2553 946 2599 eas
972 2535 1288 2618 expellere,
1322 2553 1432 2599 nec
1456 2533 1593 2598 dein
1619 2533 2085 2617 disputandum,
2121 2551 2200 2598 an
2233 2551 2567 2599 consensus
2600 2531 2943 2600 accesserit.
2972 2528 3121 2596 Sua-

659 2639 900 2716 deatur,
942 2639 1016 2701 ut
1044 2640 1194 2701 tunc
1230 2638 1511 2700 numeret
1534 2638 1632 2700 vel
1663 2636 1791 2700 dies
1814 2638 2043 2701 mensis
2082 2637 2180 2701 vel
2202 2637 2449 2701 litteras
2482 2636 2801 2720 alphabeti
2830 2637 2945 2700 aut
2966 2633 3122 2715 quot

659 2739 840 2803 vitris
877 2739 1120 2803 constet
1148 2738 1418 2801 fenestra
1450 2739 1562 2801 aut
1607 2737 1813 2802 solum
1844 2739 2165 2802 lateribus

749 2842 832 2905 Et
861 2842 984 2904 huc
1014 2841 1281 2923 pertinet
1323 2840 1652 2917 monitum,
1687 2859 1761 2903 ne
1788 2825 1951 2921 quis,
1986 2840 2135 2905 dum
2172 2843 2432 2906 vexatur
2476 2840 2650 2906 metu
2681 2836 3117 2913 consentiendi,

659 2945 843 3028 gestu
889 2943 988 3007 vel
1018 2943 1220 3007 verbis
1267 2961 1330 3006 se
1362 2941 1649 3006 defendat
1678 2943 1894 3007 contra
1931 2944 2326 3021 tentationes,
2362 2965 2421 3008 v.
2459 2963 2552 3028 gr.
2580 2941 2877 3028 agitando
2908 2941 3117 3024 caput,

660 3046 948 3110 dicendo:
986 3064 1130 3123 non,
1164 3063 1306 3120 non,
1341 3044 1505 3122 nolo,
1537 3063 1658 3110 non
1692 3045 1871 3120 facio,
1908 3045 2009 3109 abi
2055 3046 2297 3112 diabole
2343 3047 2458 3110 etc.
2508 3046 2679 3110 Haec
2714 3046 2879 3110 enim
2910 3042 3119 3127 potius

657 3168 848 3231 quam
887 3147 1227 3212 remedium
1274 3147 1552 3222 afferant,
1592 3147 1798 3232 magis
1831 3148 2033 3212 solent
2064 3147 2388 3213 accendere
2420 3147 2817 3232 phantasiam
2849 3148 2914 3212 et
2942 3163 3118 3211 vexa·

661 3252 894 3316 tionem
927 3269 997 3314 ac
1021 3250 1444 3314 turbationem
1477 3269 1724 3334 augere.

750 3353 966 3431 Quoad
1013 3371 1116 3417 eos
1147 3352 1427 3434 denique,
1462 3353 1664 3434 quiin
1698 3354 1867 3418 omni
1915 3372 2092 3436 opere
2140 3354 2459 3437 peccatum
2498 3355 2723 3419 timent
2754 3355 2819 3419 et
2862 3373 2937 3418 ne
2987 3371 3121 3435 ope-

659 3456 872 3518 rentur
917 3474 1059 3517 cum
1105 3454 1312 3530 dubio,
1354 3479 1389 3512 ⁴<
1421 3455 1585 3519 hisce
1632 3455 1866 3537 (inquit
1910 3476 1958 3520 3.
1994 3456 2179 3539 Α1311.
2215 3455 2424 3520 Prax.
2468 3454 2645 3535 Confi
2684 3477 2748 3522 n.
2798 3457 2937 3538 98.)
2981 3473 3118 3520 3113·

659 3557 945 3634 dendum,
994 3557 1070 3618 ut
1111 3556 1301 3620 libere
1348 3558 1411 3620 et
1467 3558 1759 3622 audacter
1819 3561 2166 3641 operentur,
2222 3560 2517 3643 scrupulo
2577 3561 2954 3641 contempto.
3004 3557 3119 3621 His

661 3659 829 3722 valet
874 3657 1209 3722 dictamen:
1259 3658 1558 3740 quidquid
1602 3679 1727 3725 non
1782 3661 1957 3725 video
2015 3680 2144 3726 3333
2204 3661 2608 3725 manifestum
2667 3663 3013 3744 peccatum,
3060 3657 3117 3721 id

658 3762 849 3826 libere
893 3779 1146 3844 possum
1194 3780 1394 3846 agere.
1427 3761 1555 3826 Nec
1599 3764 2101 3844 permittendum,
2140 3765 2215 3827 ut
2243 3782 2308 3827 se
2340 3764 2629 3828 accusent
2658 3762 2731 3827 de
2766 3761 2950 3826 factis
2981 3779 3120 3825 cum

663 3864 849 3929 dubio
899 3889 960 3928 ».
2634 3887 2641 3892 ·

750 3965 930 4040 235.
951 3967 1168 4048 Quoad
1200 3969 1522 4052 scrupulos
1547 3968 1610 4031 in
1635 3969 1996 4033 celebranda
2020 3967 2235 4046 Missa,
2272 3970 2423 4033 haec
2458 3970 2672 4033 monet
2707 3965 2893 4032 Croix
2922 3967 3031 4032 lib.
3058 3968 3116 4029 6.

661 4072 821 4156 part.
863 4073 923 4135 2.
957 4092 1019 4135 n.
1058 4073 1204 4135 190.
1247 4070 1311 4135 Si
1358 4071 1684 4153 scrupulus
1731 4071 1816 4135 sit
1861 4070 2023 4135 circa
2067 4070 2495 4146 intentionem,
2527 4071 2764 4154 cogitet
2809 4069 2977 4152 quod
3021 4069 3122 4134 do-

661 4174 801 4238 cent
848 4191 1077 4248 3111333,
1118 4173 1222 4237 vix
1269 4173 1560 4256 possibile
1606 4192 1754 4248 esse,
1806 4176 1880 4238 ut
1925 4173 2230 4238 sacerdoti
2276 4174 2517 4238 ratione
2580 4173 2786 4237 utenti
2829 4172 2991 4237 desit
3033 4171 3121 4237 in-

662 4275 878 4350 tentio,
926 4275 1047 4338 nisi
1094 4275 1251 4339 sciat
1297 4295 1360 4340 se
1400 4277 1755 4359 oppositum
1804 4276 2092 4340 voluisse.
2128 4277 2402 4342 Intentio
2442 4277 2707 4341 habetur
2743 4277 2807 4340 et
2852 4275 3031 4358 patet
3058 4274 3119 4338 in

664 4395 733 4441 eo
767 4377 933 4458 quod
966 4376 1141 4452 facit3
1177 4397 1321 4441 nam
1368 4397 1490 4442 non
1527 4377 1776 4455 faceret,
1816 4378 1935 4443 nisi
1970 4379 2174 4443 vellet.
2211 4379 2312 4443 Ita
2349 4378 2537 4444 habet
2567 4377 2977 4442 intentionem
3013 4377 3121 4441 im-

663 4477 923 4560 ponendi
966 4478 1265 4543 amictum
1297 4481 1505 4562 capiti,
1539 4480 1791 4545 lavandi
1837 4500 2079 4559 manus,
2115 4480 2297 4545 eundi
2336 4481 2413 4545 ad
2454 4482 2650 4546 altare
2687 4482 2802 4545 etc.

755 4580 916 4643 Hinc
963 4580 1105 4644 huic
1152 4580 1554 4661 suadendum,
1595 4603 1668 4647 ne
1715 4586 1970 4647 renovet
2014 4584 2420 4648 intentionem
2473 4586 2538 4647 et
2582 4602 2657 4647 ne
2703 4584 2875 4648 dicat
2917 4602 3119 4648 secum
