<?xml version="1.0" encoding="UTF-8"?>
<!DOCTYPE html PUBLIC "-//W3C//DTD XHTML 1.0 Transitional//EN"
    "http://www.w3.org/TR/xhtml1/DTD/xhtml1-transitional.dtd">
<html xmlns="http://www.w3.org/1999/xhtml" xml:lang="en" lang="en">
 <head>
  <title>
</title>
<meta http-equiv="Content-Type" content="text/html;charset=utf-8" />
  <meta name='ocr-system' content='tesseract 3.04.00' />
  <meta name='ocr-capabilities' content='ocr_page ocr_carea ocr_par ocr_line ocrx_word'/>
</head>
<body>
  <div class='ocr_page' id='page_1' title='image "./opustheologicum00palmgoog/opustheologicum00palmgoog_0254.png"; bbox 0 0 3529 5158; ppageno 0'>
   <div class='ocr_carea' id='block_1_1' title="bbox 350 373 2812 449">
    <p class='ocr_par' dir='ltr' id='par_1_1' title="bbox 350 373 2812 449">
     <span class='ocr_line' id='line_1_1' title="bbox 350 373 2812 449; baseline 0.001 -19"><span class='ocrx_word' id='word_1_1' title='bbox 350 373 491 449; x_wconf 75' lang='lat'><strong>[162]</strong></span> <span class='ocrx_word' id='word_1_2' title='bbox 871 386 1271 428; x_wconf 60' lang='lat' dir='ltr'>conselnmla</span> <span class='ocrx_word' id='word_1_3' title='bbox 1308 387 1501 430; x_wconf 62' lang='lat' dir='ltr'>numa</span> <span class='ocrx_word' id='word_1_4' title='bbox 1540 386 1973 429; x_wconf 62' lang='lat' dir='ltr'>specumnva.</span> <span class='ocrx_word' id='word_1_5' title='bbox 2012 387 2311 430; x_wconf 66' lang='lat' dir='ltr'>paam-res:</span> <span class='ocrx_word' id='word_1_6' title='bbox 2709 378 2812 433; x_wconf 81' lang='lat'>157</span> 
     </span>
    </p>
   </div>
   <div class='ocr_carea' id='block_1_2' title="bbox 329 481 2813 4673">
    <p class='ocr_par' dir='ltr' id='par_1_2' title="bbox 346 481 2813 762">
     <span class='ocr_line' id='line_1_2' title="bbox 349 481 2807 561; baseline 0.002 -12"><span class='ocrx_word' id='word_1_7' title='bbox 349 504 576 557; x_wconf 87' lang='lat' dir='ltr'>revera,</span> <span class='ocrx_word' id='word_1_8' title='bbox 612 504 753 549; x_wconf 92' lang='lat' dir='ltr'>cum</span> <span class='ocrx_word' id='word_1_9' title='bbox 800 483 1116 548; x_wconf 81' lang='lat' dir='ltr'>veniemus</span> <span class='ocrx_word' id='word_1_10' title='bbox 1164 481 1241 547; x_wconf 89' lang='lat' dir='ltr'>ad</span> <span class='ocrx_word' id='word_1_11' title='bbox 1286 502 1471 548; x_wconf 89' lang='lat' dir='ltr'>usum</span> <span class='ocrx_word' id='word_1_12' title='bbox 1517 483 1738 548; x_wconf 89' lang='lat' dir='ltr'>harum</span> <span class='ocrx_word' id='word_1_13' title='bbox 1771 483 2210 561; x_wconf 75' lang='lat' dir='ltr'>doctrinarum,</span> <span class='ocrx_word' id='word_1_14' title='bbox 2245 485 2588 552; x_wconf 89' lang='lat' dir='ltr'>videbimus</span> <span class='ocrx_word' id='word_1_15' title='bbox 2622 508 2669 553; x_wconf 89' lang='grc'>3.</span> <span class='ocrx_word' id='word_1_16' title='bbox 2702 489 2807 553; x_wconf 87' lang='lat' dir='ltr'>Al·</span> 
     </span>
     <span class='ocr_line' id='line_1_3' title="bbox 346 585 2813 673; baseline 0.002 -22"><span class='ocrx_word' id='word_1_17' title='bbox 346 588 652 671; x_wconf 89' lang='lat' dir='ltr'>phonsum</span> <span class='ocrx_word' id='word_1_18' title='bbox 684 586 887 650; x_wconf 90' lang='lat' dir='ltr'>dubiis</span> <span class='ocrx_word' id='word_1_19' title='bbox 919 585 1319 669; x_wconf 78' lang='lat' dir='ltr'>speculativis</span> <span class='ocrx_word' id='word_1_20' title='bbox 1350 605 1422 649; x_wconf 88' lang='lat' dir='ltr'>ea</span> <span class='ocrx_word' id='word_1_21' title='bbox 1454 604 1787 662; x_wconf 79' lang='lat' dir='ltr'>accensere,</span> <span class='ocrx_word' id='word_1_22' title='bbox 1821 605 1978 668; x_wconf 88' lang='lat' dir='ltr'>quae</span> <span class='ocrx_word' id='word_1_23' title='bbox 2009 586 2349 653; x_wconf 90' lang='lat' dir='ltr'>liceitatem</span> <span class='ocrx_word' id='word_1_24' title='bbox 2381 590 2717 673; x_wconf 89' lang='lat' dir='ltr'>respiciunt</span> <span class='ocrx_word' id='word_1_25' title='bbox 2749 593 2813 656; x_wconf 89' lang='lat' dir='ltr'>et</span> 
     </span>
     <span class='ocr_line' id='line_1_4' title="bbox 348 687 2021 762; baseline -0.001 -9"><span class='ocrx_word' id='word_1_26' title='bbox 348 691 758 762; x_wconf 80' lang='lat' dir='ltr'>honestatem,</span> <span class='ocrx_word' id='word_1_27' title='bbox 789 707 913 753; x_wconf 91' lang='lat' dir='ltr'>non</span> <span class='ocrx_word' id='word_1_28' title='bbox 947 690 1159 752; x_wconf 90' lang='lat' dir='ltr'>autem</span> <span class='ocrx_word' id='word_1_29' title='bbox 1188 706 1423 752; x_wconf 88' lang='lat' dir='ltr'>meram</span> <span class='ocrx_word' id='word_1_30' title='bbox 1459 687 1637 752; x_wconf 91' lang='lat' dir='ltr'>illam</span> <span class='ocrx_word' id='word_1_31' title='bbox 1670 689 2021 754; x_wconf 88' lang='lat' dir='ltr'>veritatem.</span> 
     </span>
    </p>

    <p class='ocr_par' dir='ltr' id='par_1_3' title="bbox 346 788 2811 1284">
     <span class='ocr_line' id='line_1_5' title="bbox 435 788 2811 873; baseline 0.003 -19"><span class='ocrx_word' id='word_1_32' title='bbox 435 788 592 862; x_wconf 77' lang='grc'><strong>162.</strong></span> <span class='ocrx_word' id='word_1_33' title='bbox 626 791 717 857; x_wconf 88' lang='lat' dir='ltr'>Ut</span> <span class='ocrx_word' id='word_1_34' title='bbox 763 790 999 873; x_wconf 88' lang='lat' dir='ltr'>aliquid</span> <span class='ocrx_word' id='word_1_35' title='bbox 1045 791 1119 856; x_wconf 90' lang='lat' dir='ltr'>de</span> <span class='ocrx_word' id='word_1_36' title='bbox 1165 790 1261 855; x_wconf 90' lang='lat' dir='ltr'>his</span> <span class='ocrx_word' id='word_1_37' title='bbox 1291 790 1750 863; x_wconf 85' lang='lat' dir='ltr'>concludamus,</span> <span class='ocrx_word' id='word_1_38' title='bbox 1785 791 2237 857; x_wconf 90' lang='lat' dir='ltr'>concedendum</span> <span class='ocrx_word' id='word_1_39' title='bbox 2279 794 2392 869; x_wconf 88' lang='lat' dir='ltr'>est,</span> <span class='ocrx_word' id='word_1_40' title='bbox 2425 793 2490 858; x_wconf 93' lang='lat' dir='ltr'>in</span> <span class='ocrx_word' id='word_1_41' title='bbox 2524 795 2811 861; x_wconf 89' lang='lat' dir='ltr'>omnibus</span> 
     </span>
     <span class='ocr_line' id='line_1_6' title="bbox 348 893 2810 979; baseline 0.001 -20"><span class='ocrx_word' id='word_1_42' title='bbox 348 894 698 979; x_wconf 84' lang='lat' dir='ltr'>praemissis</span> <span class='ocrx_word' id='word_1_43' title='bbox 744 893 1205 959; x_wconf 88' lang='lat' dir='ltr'>definitionibus</span> <span class='ocrx_word' id='word_1_44' title='bbox 1250 893 1565 976; x_wconf 84' lang='lat' dir='ltr'>(sepositis</span> <span class='ocrx_word' id='word_1_45' title='bbox 1610 893 1795 959; x_wconf 91' lang='lat' dir='ltr'>modo</span> <span class='ocrx_word' id='word_1_46' title='bbox 1841 895 2158 959; x_wconf 86' lang='lat' dir='ltr'>nonnullis</span> <span class='ocrx_word' id='word_1_47' title='bbox 2220 895 2543 978; x_wconf 84' lang='lat' dir='ltr'>particulis</span> <span class='ocrx_word' id='word_1_48' title='bbox 2590 898 2698 962; x_wconf 90' lang='lat' dir='ltr'>abs</span> <span class='ocrx_word' id='word_1_49' title='bbox 2745 917 2810 963; x_wconf 86' lang='lat' dir='ltr'>re</span> 
     </span>
     <span class='ocr_line' id='line_1_7' title="bbox 347 995 2808 1080; baseline 0.001 -18"><span class='ocrx_word' id='word_1_50' title='bbox 347 996 632 1080; x_wconf 84' lang='lat' dir='ltr'>adiectis)</span> <span class='ocrx_word' id='word_1_51' title='bbox 680 995 914 1079; x_wconf 88' lang='lat' dir='ltr'>aliquid</span> <span class='ocrx_word' id='word_1_52' title='bbox 959 996 1191 1069; x_wconf 84' lang='lat' dir='ltr'>haberi,</span> <span class='ocrx_word' id='word_1_53' title='bbox 1226 995 1391 1077; x_wconf 88' lang='lat' dir='ltr'>quod</span> <span class='ocrx_word' id='word_1_54' title='bbox 1439 996 1515 1059; x_wconf 90' lang='lat' dir='ltr'>ad</span> <span class='ocrx_word' id='word_1_55' title='bbox 1546 1015 1676 1060; x_wconf 90' lang='lat' dir='ltr'>rem</span> <span class='ocrx_word' id='word_1_56' title='bbox 1708 995 1886 1061; x_wconf 88' lang='lat' dir='ltr'>facit:</span> <span class='ocrx_word' id='word_1_57' title='bbox 1922 1000 1990 1061; x_wconf 90' lang='lat' dir='ltr'>at</span> <span class='ocrx_word' id='word_1_58' title='bbox 2035 1016 2156 1062; x_wconf 90' lang='lat' dir='ltr'>non</span> <span class='ocrx_word' id='word_1_59' title='bbox 2204 997 2359 1062; x_wconf 86' lang='lat' dir='ltr'>satis</span> <span class='ocrx_word' id='word_1_60' title='bbox 2392 998 2648 1064; x_wconf 86' lang='lat' dir='ltr'>disserte</span> <span class='ocrx_word' id='word_1_61' title='bbox 2680 1020 2808 1064; x_wconf 90' lang='lat' dir='ltr'>rem</span> 
     </span>
     <span class='ocr_line' id='line_1_8' title="bbox 347 1098 2806 1182; baseline 0.001 -18"><span class='ocrx_word' id='word_1_62' title='bbox 347 1099 619 1173; x_wconf 76' lang='lat' dir='ltr'>definiri:</span> <span class='ocrx_word' id='word_1_63' title='bbox 669 1098 831 1164; x_wconf 89' lang='lat' dir='ltr'>unde</span> <span class='ocrx_word' id='word_1_64' title='bbox 874 1099 968 1174; x_wconf 83' lang='lat' dir='ltr'>fit,</span> <span class='ocrx_word' id='word_1_65' title='bbox 1011 1102 1086 1163; x_wconf 91' lang='lat' dir='ltr'>ut</span> <span class='ocrx_word' id='word_1_66' title='bbox 1129 1098 1463 1181; x_wconf 89' lang='lat' dir='ltr'>propositis</span> <span class='ocrx_word' id='word_1_67' title='bbox 1510 1098 1650 1163; x_wconf 89' lang='lat' dir='ltr'>aliis</span> <span class='ocrx_word' id='word_1_68' title='bbox 1695 1099 1856 1163; x_wconf 87' lang='lat' dir='ltr'>forte</span> <span class='ocrx_word' id='word_1_69' title='bbox 1902 1100 2215 1182; x_wconf 81' lang='lat' dir='ltr'>exemplis,</span> <span class='ocrx_word' id='word_1_70' title='bbox 2264 1118 2506 1165; x_wconf 89' lang='lat' dir='ltr'>necesse</span> <span class='ocrx_word' id='word_1_71' title='bbox 2553 1101 2636 1165; x_wconf 89' lang='lat' dir='ltr'>sit</span> <span class='ocrx_word' id='word_1_72' title='bbox 2682 1103 2806 1167; x_wconf 89' lang='lat' dir='ltr'>iam</span> 
     </span>
     <span class='ocr_line' id='line_1_9' title="bbox 346 1201 2279 1284; baseline -0.001 -18"><span class='ocrx_word' id='word_1_73' title='bbox 346 1205 590 1267; x_wconf 89' lang='lat' dir='ltr'>mutare</span> <span class='ocrx_word' id='word_1_74' title='bbox 617 1201 1027 1276; x_wconf 89' lang='lat' dir='ltr'>definitiones,</span> <span class='ocrx_word' id='word_1_75' title='bbox 1059 1201 1284 1284; x_wconf 89' lang='lat' dir='ltr'>quippe</span> <span class='ocrx_word' id='word_1_76' title='bbox 1316 1201 1546 1266; x_wconf 87' lang='lat' dir='ltr'>allatae</span> <span class='ocrx_word' id='word_1_77' title='bbox 1575 1201 1702 1266; x_wconf 90' lang='lat' dir='ltr'>illis</span> <span class='ocrx_word' id='word_1_78' title='bbox 1734 1221 1854 1266; x_wconf 89' lang='lat' dir='ltr'>non</span> <span class='ocrx_word' id='word_1_79' title='bbox 1887 1202 2279 1267; x_wconf 89' lang='lat' dir='ltr'>conveniunt.</span> 
     </span>
    </p>

    <p class='ocr_par' dir='ltr' id='par_1_4' title="bbox 342 1302 2811 2315">
     <span class='ocr_line' id='line_1_10' title="bbox 432 1302 2811 1389; baseline 0.002 -21"><span class='ocrx_word' id='word_1_80' title='bbox 432 1305 690 1369; x_wconf 90' lang='lat' dir='ltr'>Planior</span> <span class='ocrx_word' id='word_1_81' title='bbox 718 1305 837 1370; x_wconf 90' lang='lat' dir='ltr'>erit</span> <span class='ocrx_word' id='word_1_82' title='bbox 858 1304 983 1377; x_wconf 87' lang='lat' dir='ltr'>via,</span> <span class='ocrx_word' id='word_1_83' title='bbox 1010 1305 1063 1368; x_wconf 88' lang='lat' dir='ltr'>si</span> <span class='ocrx_word' id='word_1_84' title='bbox 1087 1323 1158 1369; x_wconf 83' lang='lat' dir='ltr'>ex</span> <span class='ocrx_word' id='word_1_85' title='bbox 1179 1302 1384 1368; x_wconf 90' lang='lat' dir='ltr'>indole</span> <span class='ocrx_word' id='word_1_86' title='bbox 1409 1304 1691 1369; x_wconf 89' lang='lat' dir='ltr'>veritatis</span> <span class='ocrx_word' id='word_1_87' title='bbox 1721 1306 1860 1369; x_wconf 91' lang='lat' dir='ltr'>tum</span> <span class='ocrx_word' id='word_1_88' title='bbox 1891 1305 2308 1388; x_wconf 87' lang='lat' dir='ltr'>speculativae</span> <span class='ocrx_word' id='word_1_89' title='bbox 2332 1308 2470 1369; x_wconf 91' lang='lat' dir='ltr'>tum</span> <span class='ocrx_word' id='word_1_90' title='bbox 2502 1307 2811 1389; x_wconf 86' lang='lat' dir='ltr'>practicae</span> 
     </span>
     <span class='ocr_line' id='line_1_11' title="bbox 345 1405 2809 1491; baseline 0 -19"><span class='ocrx_word' id='word_1_91' title='bbox 345 1408 751 1473; x_wconf 88' lang='lat' dir='ltr'>desumantur</span> <span class='ocrx_word' id='word_1_92' title='bbox 773 1407 932 1472; x_wconf 87' lang='lat' dir='ltr'>istae</span> <span class='ocrx_word' id='word_1_93' title='bbox 954 1425 1200 1490; x_wconf 90' lang='lat' dir='ltr'>quoque</span> <span class='ocrx_word' id='word_1_94' title='bbox 1216 1405 1387 1470; x_wconf 89' lang='lat' dir='ltr'>dubii</span> <span class='ocrx_word' id='word_1_95' title='bbox 1408 1406 1734 1488; x_wconf 87' lang='lat' dir='ltr'>utriusque</span> <span class='ocrx_word' id='word_1_96' title='bbox 1758 1406 2163 1473; x_wconf 90' lang='lat' dir='ltr'>definitiones.</span> <span class='ocrx_word' id='word_1_97' title='bbox 2184 1408 2573 1474; x_wconf 85' lang='lat' dir='ltr'>Revocentur</span> <span class='ocrx_word' id='word_1_98' title='bbox 2597 1409 2809 1491; x_wconf 89' lang='lat' dir='ltr'>itaque</span> 
     </span>
     <span class='ocr_line' id='line_1_12' title="bbox 349 1509 2809 1593; baseline 0.001 -18"><span class='ocrx_word' id='word_1_99' title='bbox 349 1512 527 1576; x_wconf 80' lang='lat' dir='ltr'>verba</span> <span class='ocrx_word' id='word_1_100' title='bbox 561 1530 612 1575; x_wconf 89' lang='lat' dir='ltr'>s.</span> <span class='ocrx_word' id='word_1_101' title='bbox 632 1510 907 1575; x_wconf 90' lang='lat' dir='ltr'>Thomae</span> <span class='ocrx_word' id='word_1_102' title='bbox 934 1511 991 1574; x_wconf 92' lang='lat'>1.</span> <span class='ocrx_word' id='word_1_103' title='bbox 1011 1530 1070 1592; x_wconf 89' lang='lat' dir='ltr'>q.</span> <span class='ocrx_word' id='word_1_104' title='bbox 1095 1510 1196 1573; x_wconf 86' lang='lat'>79.</span> <span class='ocrx_word' id='word_1_105' title='bbox 1217 1510 1334 1573; x_wconf 88' lang='lat' dir='ltr'>art.</span> <span class='ocrx_word' id='word_1_106' title='bbox 1357 1509 1459 1572; x_wconf 94' lang='grc'>11.</span> <span class='ocrx_word' id='word_1_107' title='bbox 1479 1528 1613 1592; x_wconf 90' lang='lat' dir='ltr'>sup.</span> <span class='ocrx_word' id='word_1_108' title='bbox 1630 1510 1920 1593; x_wconf 86' lang='lat' dir='ltr'>n.132.):</span> <span class='ocrx_word' id='word_1_109' title='bbox 1947 1535 1982 1568; x_wconf 86' lang='lat'>«</span> <span class='ocrx_word' id='word_1_110' title='bbox 2001 1511 2360 1576; x_wconf 87' lang='lat' dir='ltr'>Intellectus</span> <span class='ocrx_word' id='word_1_111' title='bbox 2391 1510 2809 1591; x_wconf 74' lang='lat' dir='ltr'>speculativas</span> 
     </span>
     <span class='ocr_line' id='line_1_13' title="bbox 345 1611 2806 1696; baseline 0 -18"><span class='ocrx_word' id='word_1_112' title='bbox 345 1616 453 1691; x_wconf 87' lang='lat' dir='ltr'>est,</span> <span class='ocrx_word' id='word_1_113' title='bbox 488 1613 601 1695; x_wconf 87' lang='lat' dir='ltr'>qui</span> <span class='ocrx_word' id='word_1_114' title='bbox 633 1613 798 1695; x_wconf 88' lang='lat' dir='ltr'>quod</span> <span class='ocrx_word' id='word_1_115' title='bbox 829 1612 1251 1696; x_wconf 86' lang='lat' dir='ltr'>apprehendit,</span> <span class='ocrx_word' id='word_1_116' title='bbox 1284 1631 1405 1677; x_wconf 91' lang='lat' dir='ltr'>non</span> <span class='ocrx_word' id='word_1_117' title='bbox 1438 1612 1684 1677; x_wconf 90' lang='lat' dir='ltr'>ordinat</span> <span class='ocrx_word' id='word_1_118' title='bbox 1716 1612 1794 1676; x_wconf 90' lang='lat' dir='ltr'>ad</span> <span class='ocrx_word' id='word_1_119' title='bbox 1827 1631 2002 1695; x_wconf 89' lang='lat' dir='ltr'>opus,</span> <span class='ocrx_word' id='word_1_120' title='bbox 2036 1613 2139 1676; x_wconf 90' lang='lat' dir='ltr'>sed</span> <span class='ocrx_word' id='word_1_121' title='bbox 2175 1612 2251 1675; x_wconf 90' lang='lat' dir='ltr'>ad</span> <span class='ocrx_word' id='word_1_122' title='bbox 2292 1611 2491 1676; x_wconf 80' lang='lat' dir='ltr'>solam</span> <span class='ocrx_word' id='word_1_123' title='bbox 2521 1614 2806 1678; x_wconf 89' lang='lat' dir='ltr'>veritatis</span> 
     </span>
     <span class='ocr_line' id='line_1_14' title="bbox 343 1714 2809 1803; baseline -0.001 -21"><span class='ocrx_word' id='word_1_124' title='bbox 343 1717 795 1803; x_wconf 83' lang='lat' dir='ltr'>cognitionem:</span> <span class='ocrx_word' id='word_1_125' title='bbox 832 1717 1155 1796; x_wconf 74' lang='lat' dir='ltr'>practicus</span> <span class='ocrx_word' id='word_1_126' title='bbox 1201 1736 1344 1782; x_wconf 91' lang='lat' dir='ltr'>vero</span> <span class='ocrx_word' id='word_1_127' title='bbox 1389 1716 1744 1781; x_wconf 89' lang='lat' dir='ltr'>intellectus</span> <span class='ocrx_word' id='word_1_128' title='bbox 1790 1714 2036 1790; x_wconf 85' lang='lat' dir='ltr'>dicitur,</span> <span class='ocrx_word' id='word_1_129' title='bbox 2071 1715 2178 1796; x_wconf 91' lang='lat' dir='ltr'>qui</span> <span class='ocrx_word' id='word_1_130' title='bbox 2226 1716 2362 1788; x_wconf 91' lang='lat' dir='ltr'>hoc,</span> <span class='ocrx_word' id='word_1_131' title='bbox 2396 1715 2561 1797; x_wconf 85' lang='lat' dir='ltr'>quod</span> <span class='ocrx_word' id='word_1_132' title='bbox 2600 1734 2809 1800; x_wconf 83' lang='lat' dir='ltr'>appre—</span> 
     </span>
     <span class='ocr_line' id='line_1_15' title="bbox 344 1817 2806 1903; baseline 0 -20"><span class='ocrx_word' id='word_1_133' title='bbox 344 1819 574 1895; x_wconf 89' lang='lat' dir='ltr'>hendit,</span> <span class='ocrx_word' id='word_1_134' title='bbox 627 1818 872 1884; x_wconf 91' lang='lat' dir='ltr'>ordinat</span> <span class='ocrx_word' id='word_1_135' title='bbox 918 1819 992 1883; x_wconf 91' lang='lat' dir='ltr'>ad</span> <span class='ocrx_word' id='word_1_136' title='bbox 1043 1838 1197 1903; x_wconf 86' lang='lat' dir='ltr'>opus</span> <span class='ocrx_word' id='word_1_137' title='bbox 1230 1845 1292 1881; x_wconf 83' lang='lat'>».</span> <span class='ocrx_word' id='word_1_138' title='bbox 1325 1819 1407 1882; x_wconf 86' lang='lat' dir='ltr'>Et</span> <span class='ocrx_word' id='word_1_139' title='bbox 1451 1818 1757 1900; x_wconf 90' lang='lat' dir='ltr'>loquendo</span> <span class='ocrx_word' id='word_1_140' title='bbox 1806 1817 1879 1882; x_wconf 92' lang='lat' dir='ltr'>de</span> <span class='ocrx_word' id='word_1_141' title='bbox 1910 1818 2159 1898; x_wconf 73' lang='lat' dir='ltr'>obiecta,</span> <span class='ocrx_word' id='word_1_142' title='bbox 2194 1837 2301 1882; x_wconf 91' lang='lat' dir='ltr'>seu</span> <span class='ocrx_word' id='word_1_143' title='bbox 2349 1818 2612 1883; x_wconf 89' lang='lat' dir='ltr'>veritate</span> <span class='ocrx_word' id='word_1_144' title='bbox 2642 1818 2806 1884; x_wconf 91' lang='lat' dir='ltr'>idem</span> 
     </span>
     <span class='ocr_line' id='line_1_16' title="bbox 343 1921 2809 2001; baseline -0.001 -15"><span class='ocrx_word' id='word_1_145' title='bbox 343 1943 390 1986; x_wconf 87' lang='grc'>3.</span> <span class='ocrx_word' id='word_1_146' title='bbox 422 1922 647 1987; x_wconf 84' lang='grc' dir='ltr'><strong>Τ11331.</strong></span> <span class='ocrx_word' id='word_1_147' title='bbox 679 1922 828 1987; x_wconf 89' lang='lat' dir='ltr'>ibid.</span> <span class='ocrx_word' id='word_1_148' title='bbox 862 1922 938 1986; x_wconf 91' lang='lat' dir='ltr'>ad</span> <span class='ocrx_word' id='word_1_149' title='bbox 972 1925 1063 1986; x_wconf 84' lang='lat'>2.:</span> <span class='ocrx_word' id='word_1_150' title='bbox 1105 1948 1139 1979; x_wconf 84' lang='lat'>‹</span> <span class='ocrx_word' id='word_1_151' title='bbox 1172 1921 1495 1987; x_wconf 89' lang='lat' dir='ltr'>Obiectum</span> <span class='ocrx_word' id='word_1_152' title='bbox 1526 1921 1880 1985; x_wconf 87' lang='lat' dir='ltr'>intellectus</span> <span class='ocrx_word' id='word_1_153' title='bbox 1915 1922 2191 2001; x_wconf 70' lang='lat' dir='ltr'>practici</span> <span class='ocrx_word' id='word_1_154' title='bbox 2235 1924 2330 1986; x_wconf 89' lang='lat' dir='ltr'>est</span> <span class='ocrx_word' id='word_1_155' title='bbox 2376 1922 2609 1986; x_wconf 92' lang='lat' dir='ltr'>bonum</span> <span class='ocrx_word' id='word_1_156' title='bbox 2650 1922 2809 1986; x_wconf 89' lang='lat' dir='ltr'>ordi-</span> 
     </span>
     <span class='ocr_line' id='line_1_17' title="bbox 344 2022 2806 2109; baseline 0 -20"><span class='ocrx_word' id='word_1_157' title='bbox 344 2025 543 2089; x_wconf 87' lang='lat' dir='ltr'>nabile</span> <span class='ocrx_word' id='word_1_158' title='bbox 589 2024 669 2089; x_wconf 91' lang='lat' dir='ltr'>ad</span> <span class='ocrx_word' id='word_1_159' title='bbox 718 2044 871 2109; x_wconf 87' lang='lat' dir='ltr'>opus</span> <span class='ocrx_word' id='word_1_160' title='bbox 915 2026 1031 2090; x_wconf 76' lang='lat' dir='ltr'>sub</span> <span class='ocrx_word' id='word_1_161' title='bbox 1078 2025 1322 2088; x_wconf 74' lang='lat' dir='ltr'>ratione</span> <span class='ocrx_word' id='word_1_162' title='bbox 1368 2024 1591 2088; x_wconf 78' lang='lat' dir='ltr'>veri».</span> <span class='ocrx_word' id='word_1_163' title='bbox 1642 2022 1941 2103; x_wconf 86' lang='lat' dir='ltr'>Quocirca</span> <span class='ocrx_word' id='word_1_164' title='bbox 1991 2024 2224 2088; x_wconf 87' lang='lat' dir='ltr'>veritas</span> <span class='ocrx_word' id='word_1_165' title='bbox 2268 2023 2651 2103; x_wconf 75' lang='lat' dir='ltr'>speculativa</span> <span class='ocrx_word' id='word_1_166' title='bbox 2696 2044 2806 2089; x_wconf 87' lang='lat' dir='ltr'>seu</span> 
     </span>
     <span class='ocr_line' id='line_1_18' title="bbox 342 2126 2806 2211; baseline 0 -20"><span class='ocrx_word' id='word_1_167' title='bbox 342 2128 680 2193; x_wconf 87' lang='lat' dir='ltr'>theoretica</span> <span class='ocrx_word' id='word_1_168' title='bbox 725 2130 840 2205; x_wconf 85' lang='lat' dir='ltr'>est,</span> <span class='ocrx_word' id='word_1_169' title='bbox 872 2147 1032 2211; x_wconf 88' lang='lat' dir='ltr'>quae</span> <span class='ocrx_word' id='word_1_170' title='bbox 1079 2128 1389 2193; x_wconf 88' lang='lat' dir='ltr'>obiectum</span> <span class='ocrx_word' id='word_1_171' title='bbox 1420 2129 1514 2192; x_wconf 89' lang='lat' dir='ltr'>est</span> <span class='ocrx_word' id='word_1_172' title='bbox 1543 2146 1748 2191; x_wconf 90' lang='lat' dir='ltr'>merae</span> <span class='ocrx_word' id='word_1_173' title='bbox 1795 2126 2336 2208; x_wconf 86' lang='lat' dir='ltr'>contemplationis</span> <span class='ocrx_word' id='word_1_174' title='bbox 2382 2146 2492 2192; x_wconf 89' lang='lat' dir='ltr'>nec</span> <span class='ocrx_word' id='word_1_175' title='bbox 2525 2126 2602 2190; x_wconf 89' lang='lat' dir='ltr'>ad</span> <span class='ocrx_word' id='word_1_176' title='bbox 2648 2145 2806 2210; x_wconf 91' lang='lat' dir='ltr'>opus</span> 
     </span>
     <span class='ocr_line' id='line_1_19' title="bbox 344 2228 2027 2315; baseline -0.003 -21"><span class='ocrx_word' id='word_1_177' title='bbox 344 2230 660 2307; x_wconf 85' lang='lat' dir='ltr'>ordinata;</span> <span class='ocrx_word' id='word_1_178' title='bbox 695 2230 967 2315; x_wconf 88' lang='lat' dir='ltr'>practica</span> <span class='ocrx_word' id='word_1_179' title='bbox 1000 2250 1165 2304; x_wconf 86' lang='lat' dir='ltr'>vero,</span> <span class='ocrx_word' id='word_1_180' title='bbox 1199 2248 1358 2313; x_wconf 87' lang='lat' dir='ltr'>quae</span> <span class='ocrx_word' id='word_1_181' title='bbox 1390 2229 1466 2296; x_wconf 89' lang='lat' dir='ltr'>ad</span> <span class='ocrx_word' id='word_1_182' title='bbox 1500 2248 1654 2312; x_wconf 91' lang='lat' dir='ltr'>opus</span> <span class='ocrx_word' id='word_1_183' title='bbox 1688 2228 2027 2293; x_wconf 88' lang='lat' dir='ltr'>ordinatur.</span> 
     </span>
    </p>

    <p class='ocr_par' dir='ltr' id='par_1_5' title="bbox 329 2331 2805 3548">
     <span class='ocr_line' id='line_1_20' title="bbox 429 2331 2804 2415; baseline -0.001 -16"><span class='ocrx_word' id='word_1_184' title='bbox 429 2335 624 2399; x_wconf 89' lang='lat' dir='ltr'>Porro</span> <span class='ocrx_word' id='word_1_185' title='bbox 670 2335 829 2399; x_wconf 89' lang='lat' dir='ltr'>hanc</span> <span class='ocrx_word' id='word_1_186' title='bbox 873 2333 1128 2399; x_wconf 90' lang='lat' dir='ltr'>eandem</span> <span class='ocrx_word' id='word_1_187' title='bbox 1189 2332 1649 2398; x_wconf 86' lang='lat' dir='ltr'>distinctionem</span> <span class='ocrx_word' id='word_1_188' title='bbox 1693 2331 1876 2396; x_wconf 84' lang='lat' dir='ltr'>facile</span> <span class='ocrx_word' id='word_1_189' title='bbox 1922 2331 2181 2413; x_wconf 88' lang='lat' dir='ltr'>reperies</span> <span class='ocrx_word' id='word_1_190' title='bbox 2237 2331 2300 2394; x_wconf 93' lang='lat' dir='ltr'>in</span> <span class='ocrx_word' id='word_1_191' title='bbox 2364 2331 2804 2415; x_wconf 81' lang='lat' dir='ltr'>dictaminibus</span> 
     </span>
     <span class='ocr_line' id='line_1_21' title="bbox 344 2424 2805 2521; baseline -0.001 -19"><span class='ocrx_word' id='word_1_192' title='bbox 344 2437 647 2521; x_wconf 89' lang='lat' dir='ltr'>practicis,</span> <span class='ocrx_word' id='word_1_193' title='bbox 681 2455 841 2519; x_wconf 89' lang='lat' dir='ltr'>quae</span> <span class='ocrx_word' id='word_1_194' title='bbox 886 2424 1120 2501; x_wconf 87' lang='lat' dir='ltr'>scilicet</span> <span class='ocrx_word' id='word_1_195' title='bbox 1166 2436 1244 2500; x_wconf 88' lang='lat' dir='ltr'>ad</span> <span class='ocrx_word' id='word_1_196' title='bbox 1292 2454 1447 2519; x_wconf 87' lang='lat' dir='ltr'>opus</span> <span class='ocrx_word' id='word_1_197' title='bbox 1494 2434 1876 2511; x_wconf 78' lang='lat' dir='ltr'>ordinantur,</span> <span class='ocrx_word' id='word_1_198' title='bbox 1911 2433 1962 2498; x_wconf 90' lang='lat' dir='ltr'>si</span> <span class='ocrx_word' id='word_1_199' title='bbox 2007 2432 2091 2511; x_wconf 87' lang='lat' dir='ltr'>id,</span> <span class='ocrx_word' id='word_1_200' title='bbox 2139 2433 2304 2515; x_wconf 88' lang='lat' dir='ltr'>quod</span> <span class='ocrx_word' id='word_1_201' title='bbox 2350 2433 2459 2498; x_wconf 89' lang='lat' dir='ltr'>isti</span> <span class='ocrx_word' id='word_1_202' title='bbox 2505 2434 2805 2499; x_wconf 87' lang='lat' dir='ltr'>Doctores</span> 
     </span>
     <span class='ocr_line' id='line_1_22' title="bbox 343 2535 2804 2621; baseline -0.002 -15"><span class='ocrx_word' id='word_1_203' title='bbox 343 2541 626 2608; x_wconf 83' lang='lat' dir='ltr'>dixerunt</span> <span class='ocrx_word' id='word_1_204' title='bbox 670 2541 745 2608; x_wconf 90' lang='lat' dir='ltr'>de</span> <span class='ocrx_word' id='word_1_205' title='bbox 791 2540 1053 2607; x_wconf 85' lang='lat' dir='ltr'>veritate</span> <span class='ocrx_word' id='word_1_206' title='bbox 1101 2538 1429 2605; x_wconf 87' lang='lat' dir='ltr'>ordinabili</span> <span class='ocrx_word' id='word_1_207' title='bbox 1474 2537 1573 2603; x_wconf 88' lang='lat' dir='ltr'>vel</span> <span class='ocrx_word' id='word_1_208' title='bbox 1618 2556 1739 2603; x_wconf 93' lang='lat' dir='ltr'>non</span> <span class='ocrx_word' id='word_1_209' title='bbox 1790 2535 2117 2602; x_wconf 87' lang='lat' dir='ltr'>ordinabili</span> <span class='ocrx_word' id='word_1_210' title='bbox 2146 2535 2224 2602; x_wconf 89' lang='lat' dir='ltr'>ad</span> <span class='ocrx_word' id='word_1_211' title='bbox 2259 2555 2433 2621; x_wconf 76' lang='lat' dir='ltr'>opu8‚</span> <span class='ocrx_word' id='word_1_212' title='bbox 2468 2536 2804 2602; x_wconf 86' lang='lat' dir='ltr'>transferas</span> 
     </span>
     <span class='ocr_line' id='line_1_23' title="bbox 343 2639 2802 2726; baseline -0.002 -17"><span class='ocrx_word' id='word_1_213' title='bbox 343 2645 416 2709; x_wconf 85' lang='lat' dir='ltr'>ad</span> <span class='ocrx_word' id='word_1_214' title='bbox 461 2647 735 2711; x_wconf 85' lang='lat' dir='ltr'>mentem</span> <span class='ocrx_word' id='word_1_215' title='bbox 766 2663 874 2708; x_wconf 89' lang='lat' dir='ltr'>seu</span> <span class='ocrx_word' id='word_1_216' title='bbox 906 2643 1184 2708; x_wconf 90' lang='lat' dir='ltr'>animum</span> <span class='ocrx_word' id='word_1_217' title='bbox 1229 2661 1338 2707; x_wconf 91' lang='lat' dir='ltr'>seu</span> <span class='ocrx_word' id='word_1_218' title='bbox 1384 2660 1640 2726; x_wconf 90' lang='lat' dir='ltr'>scopum</span> <span class='ocrx_word' id='word_1_219' title='bbox 1685 2639 2163 2722; x_wconf 88' lang='lat' dir='ltr'>contemplantis</span> <span class='ocrx_word' id='word_1_220' title='bbox 2208 2640 2538 2705; x_wconf 89' lang='lat' dir='ltr'>veritatem</span> <span class='ocrx_word' id='word_1_221' title='bbox 2585 2660 2691 2724; x_wconf 92' lang='lat' dir='ltr'>per</span> <span class='ocrx_word' id='word_1_222' title='bbox 2738 2661 2802 2705; x_wconf 90' lang='lat' dir='ltr'>se</span> 
     </span>
     <span class='ocr_line' id='line_1_24' title="bbox 343 2741 2800 2830; baseline -0.001 -19"><span class='ocrx_word' id='word_1_223' title='bbox 343 2747 697 2830; x_wconf 89' lang='lat' dir='ltr'>practicam.</span> <span class='ocrx_word' id='word_1_224' title='bbox 724 2746 969 2812; x_wconf 87' lang='lat' dir='ltr'>Etenim</span> <span class='ocrx_word' id='word_1_225' title='bbox 999 2743 1229 2828; x_wconf 87' lang='lat' dir='ltr'>duplici</span> <span class='ocrx_word' id='word_1_226' title='bbox 1260 2743 1445 2810; x_wconf 92' lang='lat' dir='ltr'>modo</span> <span class='ocrx_word' id='word_1_227' title='bbox 1477 2746 1684 2827; x_wconf 89' lang='lat' dir='ltr'>potest</span> <span class='ocrx_word' id='word_1_228' title='bbox 1713 2762 1886 2809; x_wconf 89' lang='lat' dir='ltr'>mens</span> <span class='ocrx_word' id='word_1_229' title='bbox 1916 2741 2076 2808; x_wconf 89' lang='lat' dir='ltr'>circa</span> <span class='ocrx_word' id='word_1_230' title='bbox 2101 2744 2430 2809; x_wconf 89' lang='lat' dir='ltr'>veritatem</span> <span class='ocrx_word' id='word_1_231' title='bbox 2462 2743 2800 2827; x_wconf 88' lang='lat' dir='ltr'>practicam</span> 
     </span>
     <span class='ocr_line' id='line_1_25' title="bbox 343 2846 2803 2933; baseline -0.001 -19"><span class='ocrx_word' id='word_1_232' title='bbox 343 2849 645 2933; x_wconf 88' lang='lat' dir='ltr'>occupari,</span> <span class='ocrx_word' id='word_1_233' title='bbox 678 2867 894 2932; x_wconf 90' lang='lat' dir='ltr'>nempe</span> <span class='ocrx_word' id='word_1_234' title='bbox 930 2850 995 2913; x_wconf 74' lang='grc' dir='ltr'>κ’</span> <span class='ocrx_word' id='word_1_235' title='bbox 1026 2846 1297 2912; x_wconf 87' lang='lat' dir='ltr'>sistendo</span> <span class='ocrx_word' id='word_1_236' title='bbox 1343 2846 1407 2911; x_wconf 93' lang='lat' dir='ltr'>in</span> <span class='ocrx_word' id='word_1_237' title='bbox 1452 2846 1649 2929; x_wconf 89' lang='lat' dir='ltr'>ipsius</span> <span class='ocrx_word' id='word_1_238' title='bbox 1678 2846 1963 2911; x_wconf 87' lang='lat' dir='ltr'>veritatis</span> <span class='ocrx_word' id='word_1_239' title='bbox 1994 2847 2517 2930; x_wconf 86' lang='lat' dir='ltr'>contemplatione</span> <span class='ocrx_word' id='word_1_240' title='bbox 2558 2866 2664 2911; x_wconf 89' lang='lat' dir='ltr'>seu</span> <span class='ocrx_word' id='word_1_241' title='bbox 2698 2866 2803 2911; x_wconf 91' lang='lat' dir='ltr'>no-</span> 
     </span>
     <span class='ocr_line' id='line_1_26' title="bbox 342 2948 2800 3034; baseline -0.001 -18"><span class='ocrx_word' id='word_1_242' title='bbox 342 2952 505 3016; x_wconf 82' lang='lat' dir='ltr'>tione</span> <span class='ocrx_word' id='word_1_243' title='bbox 536 2953 600 3015; x_wconf 93' lang='lat' dir='ltr'>et</span> <span class='ocrx_word' id='word_1_244' title='bbox 625 2952 696 3014; x_wconf 73' lang='grc' dir='ltr'>2ο</span> <span class='ocrx_word' id='word_1_245' title='bbox 718 2951 919 3034; x_wconf 89' lang='lat' dir='ltr'>ipsam</span> <span class='ocrx_word' id='word_1_246' title='bbox 942 2948 1289 3015; x_wconf 90' lang='lat' dir='ltr'>deducendo</span> <span class='ocrx_word' id='word_1_247' title='bbox 1315 2948 1392 3013; x_wconf 90' lang='lat' dir='ltr'>ad</span> <span class='ocrx_word' id='word_1_248' title='bbox 1415 2948 1653 3032; x_wconf 81' lang='lat' dir='ltr'>praxim</span> <span class='ocrx_word' id='word_1_249' title='bbox 1678 2968 1788 3014; x_wconf 89' lang='lat' dir='ltr'>seu</span> <span class='ocrx_word' id='word_1_250' title='bbox 1817 2949 2017 3032; x_wconf 89' lang='lat' dir='ltr'>ipsam</span> <span class='ocrx_word' id='word_1_251' title='bbox 2042 2949 2385 3015; x_wconf 88' lang='lat' dir='ltr'>adhibendo</span> <span class='ocrx_word' id='word_1_252' title='bbox 2411 2951 2484 3013; x_wconf 89' lang='lat' dir='ltr'>ut</span> <span class='ocrx_word' id='word_1_253' title='bbox 2515 2969 2800 3014; x_wconf 90' lang='lat' dir='ltr'>normam</span> 
     </span>
     <span class='ocr_line' id='line_1_27' title="bbox 340 3051 2800 3136; baseline -0.002 -18"><span class='ocrx_word' id='word_1_254' title='bbox 340 3053 719 3119; x_wconf 82' lang='lat' dir='ltr'>directricem</span> <span class='ocrx_word' id='word_1_255' title='bbox 767 3055 964 3127; x_wconf 84' lang='lat' dir='ltr'>actus,</span> <span class='ocrx_word' id='word_1_256' title='bbox 1011 3072 1192 3134; x_wconf 89' lang='lat' dir='ltr'>quem</span> <span class='ocrx_word' id='word_1_257' title='bbox 1240 3051 1433 3136; x_wconf 89' lang='lat' dir='ltr'>ponit.</span> <span class='ocrx_word' id='word_1_258' title='bbox 1482 3053 1553 3117; x_wconf 91' lang='lat' dir='ltr'>In</span> <span class='ocrx_word' id='word_1_259' title='bbox 1609 3053 1799 3136; x_wconf 89' lang='lat' dir='ltr'>priori</span> <span class='ocrx_word' id='word_1_260' title='bbox 1853 3072 1999 3117; x_wconf 90' lang='lat' dir='ltr'>casu</span> <span class='ocrx_word' id='word_1_261' title='bbox 2045 3053 2396 3117; x_wconf 80' lang='lat' dir='ltr'>versabitur</span> <span class='ocrx_word' id='word_1_262' title='bbox 2447 3053 2606 3115; x_wconf 85' lang='lat' dir='ltr'>circa</span> <span class='ocrx_word' id='word_1_263' title='bbox 2662 3071 2800 3116; x_wconf 87' lang='lat' dir='ltr'>eam</span> 
     </span>
     <span class='ocr_line' id='line_1_28' title="bbox 339 3152 2800 3239; baseline -0.002 -18"><span class='ocrx_word' id='word_1_264' title='bbox 339 3157 518 3222; x_wconf 90' lang='lat' dir='ltr'>modo</span> <span class='ocrx_word' id='word_1_265' title='bbox 551 3156 823 3239; x_wconf 90' lang='lat' dir='ltr'>quodam</span> <span class='ocrx_word' id='word_1_266' title='bbox 846 3154 1238 3235; x_wconf 71' lang='lat' dir='ltr'>speculative,</span> <span class='ocrx_word' id='word_1_267' title='bbox 1270 3155 1334 3219; x_wconf 92' lang='lat' dir='ltr'>in</span> <span class='ocrx_word' id='word_1_268' title='bbox 1358 3154 1683 3238; x_wconf 83' lang='lat' dir='ltr'>posteriori</span> <span class='ocrx_word' id='word_1_269' title='bbox 1710 3157 1919 3218; x_wconf 88' lang='lat' dir='ltr'>autem</span> <span class='ocrx_word' id='word_1_270' title='bbox 1945 3153 2294 3216; x_wconf 87' lang='lat' dir='ltr'>versabitur</span> <span class='ocrx_word' id='word_1_271' title='bbox 2319 3152 2590 3232; x_wconf 90' lang='lat' dir='ltr'>quodam</span> <span class='ocrx_word' id='word_1_272' title='bbox 2614 3152 2800 3216; x_wconf 90' lang='lat' dir='ltr'>modo</span> 
     </span>
     <span class='ocr_line' id='line_1_29' title="bbox 329 3251 2799 3341; baseline -0.004 -17"><span class='ocrx_word' id='word_1_273' title='bbox 329 3261 608 3341; x_wconf 68' lang='lat' dir='ltr'>practico</span> <span class='ocrx_word' id='word_1_274' title='bbox 625 3278 647 3322; x_wconf 91' lang='lat'>.·</span> <span class='ocrx_word' id='word_1_275' title='bbox 681 3262 868 3341; x_wconf 86' lang='lat' dir='ltr'>atque</span> <span class='ocrx_word' id='word_1_276' title='bbox 901 3257 1049 3323; x_wconf 89' lang='lat' dir='ltr'>adeo</span> <span class='ocrx_word' id='word_1_277' title='bbox 1082 3257 1398 3323; x_wconf 87' lang='lat' dir='ltr'>distinctio</span> <span class='ocrx_word' id='word_1_278' title='bbox 1422 3275 1544 3320; x_wconf 91' lang='lat' dir='ltr'>non</span> <span class='ocrx_word' id='word_1_279' title='bbox 1572 3255 1833 3339; x_wconf 86' lang='lat' dir='ltr'>attingit</span> <span class='ocrx_word' id='word_1_280' title='bbox 1863 3254 2169 3337; x_wconf 90' lang='lat' dir='ltr'>duplicem</span> <span class='ocrx_word' id='word_1_281' title='bbox 2201 3253 2466 3336; x_wconf 89' lang='lat' dir='ltr'>speciem</span> <span class='ocrx_word' id='word_1_282' title='bbox 2491 3251 2799 3327; x_wconf 86' lang='lat' dir='ltr'>veritatis,</span> 
     </span>
     <span class='ocr_line' id='line_1_30' title="bbox 340 3352 2801 3448; baseline -0.004 -20"><span class='ocrx_word' id='word_1_283' title='bbox 340 3382 551 3448; x_wconf 88' lang='lat' dir='ltr'>nempe</span> <span class='ocrx_word' id='word_1_284' title='bbox 596 3361 1010 3442; x_wconf 73' lang='lat' dir='ltr'>speculativae</span> <span class='ocrx_word' id='word_1_285' title='bbox 1055 3366 1117 3425; x_wconf 76' lang='lat' dir='ltr'>et</span> <span class='ocrx_word' id='word_1_286' title='bbox 1145 3360 1447 3441; x_wconf 73' lang='lat' dir='ltr'>practice,</span> <span class='ocrx_word' id='word_1_287' title='bbox 1481 3358 1586 3423; x_wconf 89' lang='lat' dir='ltr'>sed</span> <span class='ocrx_word' id='word_1_288' title='bbox 1630 3376 1871 3422; x_wconf 88' lang='lat' dir='ltr'>merum</span> <span class='ocrx_word' id='word_1_289' title='bbox 1917 3373 2162 3432; x_wconf 79' lang='grc'><strong>11031111,</strong></span> <span class='ocrx_word' id='word_1_290' title='bbox 2207 3374 2329 3438; x_wconf 93' lang='lat' dir='ltr'>quo</span> <span class='ocrx_word' id='word_1_291' title='bbox 2378 3374 2442 3420; x_wconf 86' lang='lat' dir='ltr'>se</span> <span class='ocrx_word' id='word_1_292' title='bbox 2489 3352 2801 3437; x_wconf 88' lang='lat' dir='ltr'>quispiam</span> 
     </span>
     <span class='ocr_line' id='line_1_31' title="bbox 342 3463 1399 3548; baseline -0.003 -19"><span class='ocrx_word' id='word_1_293' title='bbox 342 3466 523 3531; x_wconf 90' lang='lat' dir='ltr'>habet</span> <span class='ocrx_word' id='word_1_294' title='bbox 553 3466 718 3530; x_wconf 89' lang='lat' dir='ltr'>circa</span> <span class='ocrx_word' id='word_1_295' title='bbox 749 3464 1044 3529; x_wconf 84' lang='lat' dir='ltr'>veritates</span> <span class='ocrx_word' id='word_1_296' title='bbox 1075 3463 1399 3548; x_wconf 76' lang='lat' dir='ltr'>practicas-</span> 
     </span>
    </p>

    <p class='ocr_par' dir='ltr' id='par_1_6' title="bbox 340 3560 2800 3856">
     <span class='ocr_line' id='line_1_32' title="bbox 422 3560 2798 3651; baseline -0.004 -18"><span class='ocrx_word' id='word_1_297' title='bbox 422 3568 586 3633; x_wconf 87' lang='lat' dir='ltr'>Hinc</span> <span class='ocrx_word' id='word_1_298' title='bbox 622 3565 691 3632; x_wconf 88' lang='lat'>1⁰</span> <span class='ocrx_word' id='word_1_299' title='bbox 722 3570 914 3651; x_wconf 81' lang='lat' dir='ltr'>patet,</span> <span class='ocrx_word' id='word_1_300' title='bbox 941 3586 1049 3631; x_wconf 91' lang='lat' dir='ltr'>cur</span> <span class='ocrx_word' id='word_1_301' title='bbox 1071 3563 1407 3631; x_wconf 86' lang='lat' dir='ltr'>Caietanus</span> <span class='ocrx_word' id='word_1_302' title='bbox 1438 3562 1686 3628; x_wconf 82' lang='lat' dir='ltr'>dixerit:</span> <span class='ocrx_word' id='word_1_303' title='bbox 1729 3588 1763 3620; x_wconf 84' lang='lat'>«</span> <span class='ocrx_word' id='word_1_304' title='bbox 1789 3563 2187 3648; x_wconf 83' lang='lat' dir='ltr'>Distinguere</span> <span class='ocrx_word' id='word_1_305' title='bbox 2220 3563 2466 3645; x_wconf 90' lang='lat' dir='ltr'>oportet</span> <span class='ocrx_word' id='word_1_306' title='bbox 2490 3560 2564 3626; x_wconf 91' lang='lat' dir='ltr'>de</span> <span class='ocrx_word' id='word_1_307' title='bbox 2595 3560 2798 3634; x_wconf 78' lang='lat' dir='ltr'>nwdo,</span> 
     </span>
     <span class='ocr_line' id='line_1_33' title="bbox 340 3662 2800 3748; baseline -0.002 -14"><span class='ocrx_word' id='word_1_308' title='bbox 340 3689 412 3734; x_wconf 89' lang='lat' dir='ltr'>an</span> <span class='ocrx_word' id='word_1_309' title='bbox 444 3670 804 3736; x_wconf 90' lang='lat' dir='ltr'>huiusmodi</span> <span class='ocrx_word' id='word_1_310' title='bbox 848 3669 1182 3735; x_wconf 88' lang='lat' dir='ltr'>haesitatio</span> <span class='ocrx_word' id='word_1_311' title='bbox 1229 3687 1338 3733; x_wconf 90' lang='lat' dir='ltr'>seu</span> <span class='ocrx_word' id='word_1_312' title='bbox 1384 3665 1701 3731; x_wconf 89' lang='lat' dir='ltr'>vacillatio</span> <span class='ocrx_word' id='word_1_313' title='bbox 1734 3665 1819 3730; x_wconf 88' lang='lat' dir='ltr'>sit</span> <span class='ocrx_word' id='word_1_314' title='bbox 1849 3664 2024 3729; x_wconf 70' lang='lat' dir='ltr'>ncodo</span> <span class='ocrx_word' id='word_1_315' title='bbox 2070 3664 2452 3748; x_wconf 86' lang='lat' dir='ltr'>speculativo</span> <span class='ocrx_word' id='word_1_316' title='bbox 2492 3664 2591 3728; x_wconf 90' lang='lat' dir='ltr'>vel</span> <span class='ocrx_word' id='word_1_317' title='bbox 2622 3662 2800 3728; x_wconf 81' lang='lat' dir='ltr'>modo</span> 
     </span>
     <span class='ocr_line' id='line_1_34' title="bbox 342 3775 705 3856; baseline -0.006 -18"><span class='ocrx_word' id='word_1_318' title='bbox 342 3775 609 3856; x_wconf 87' lang='lat' dir='ltr'>practico</span> <span class='ocrx_word' id='word_1_319' title='bbox 643 3798 705 3836; x_wconf 79' lang='lat'>».</span> 
     </span>
    </p>

    <p class='ocr_par' dir='ltr' id='par_1_7' title="bbox 338 3868 2801 4162">
     <span class='ocr_line' id='line_1_35' title="bbox 422 3868 2801 3953; baseline -0.004 -13"><span class='ocrx_word' id='word_1_320' title='bbox 422 3877 583 3940; x_wconf 88' lang='lat' dir='ltr'>Item</span> <span class='ocrx_word' id='word_1_321' title='bbox 618 3873 688 3938; x_wconf 87' lang='lat'>2⁰</span> <span class='ocrx_word' id='word_1_322' title='bbox 718 3894 826 3939; x_wconf 88' lang='grc'><strong>331·</strong></span> <span class='ocrx_word' id='word_1_323' title='bbox 869 3874 1034 3939; x_wconf 91' lang='lat' dir='ltr'>idem</span> <span class='ocrx_word' id='word_1_324' title='bbox 1064 3872 1399 3938; x_wconf 88' lang='lat' dir='ltr'>Caietanus</span> <span class='ocrx_word' id='word_1_325' title='bbox 1445 3873 1700 3938; x_wconf 91' lang='lat' dir='ltr'>modum</span> <span class='ocrx_word' id='word_1_326' title='bbox 1745 3871 2193 3951; x_wconf 71' lang='lat' dir='ltr'>speculativmn</span> <span class='ocrx_word' id='word_1_327' title='bbox 2238 3870 2501 3953; x_wconf 77' lang='lat' dir='ltr'>explicet</span> <span class='ocrx_word' id='word_1_328' title='bbox 2547 3887 2653 3950; x_wconf 88' lang='lat' dir='ltr'>per</span> <span class='ocrx_word' id='word_1_329' title='bbox 2692 3868 2801 3931; x_wconf 90' lang='lat' dir='ltr'>du-</span> 
     </span>
     <span class='ocr_line' id='line_1_36' title="bbox 340 3970 2799 4054; baseline -0.004 -14"><span class='ocrx_word' id='word_1_330' title='bbox 340 3976 501 4042; x_wconf 85' lang='lat' dir='ltr'>bium</span> <span class='ocrx_word' id='word_1_331' title='bbox 535 3977 611 4042; x_wconf 89' lang='lat' dir='ltr'>de</span> <span class='ocrx_word' id='word_1_332' title='bbox 642 3996 708 4041; x_wconf 91' lang='lat' dir='ltr'>re</span> <span class='ocrx_word' id='word_1_333' title='bbox 750 3976 1089 4040; x_wconf 74' lang='lat' dir='ltr'>secundum</span> <span class='ocrx_word' id='word_1_334' title='bbox 1131 3995 1236 4048; x_wconf 75' lang='lat' dir='ltr'>se‚·</span> <span class='ocrx_word' id='word_1_335' title='bbox 1266 3975 1522 4040; x_wconf 91' lang='lat' dir='ltr'>modum</span> <span class='ocrx_word' id='word_1_336' title='bbox 1553 3993 1696 4039; x_wconf 83' lang='lat' dir='ltr'>vero</span> <span class='ocrx_word' id='word_1_337' title='bbox 1732 3975 2106 4054; x_wconf 72' lang='lat' dir='ltr'>practicam,</span> <span class='ocrx_word' id='word_1_338' title='bbox 2138 3975 2213 4035; x_wconf 91' lang='lat' dir='ltr'>ut</span> <span class='ocrx_word' id='word_1_339' title='bbox 2259 3975 2354 4034; x_wconf 80' lang='lat' dir='ltr'>est</span> <span class='ocrx_word' id='word_1_340' title='bbox 2381 3970 2546 4032; x_wconf 75' lang='lat' dir='ltr'>ratio</span> <span class='ocrx_word' id='word_1_341' title='bbox 2594 3971 2799 4046; x_wconf 72' lang='lat' dir='ltr'>operis</span> 
     </span>
     <span class='ocr_line' id='line_1_37' title="bbox 338 4073 2434 4162; baseline -0.004 -19"><span class='ocrx_word' id='word_1_342' title='bbox 338 4078 463 4144; x_wconf 88' lang='lat' dir='ltr'>heic</span> <span class='ocrx_word' id='word_1_343' title='bbox 495 4083 559 4144; x_wconf 90' lang='lat' dir='ltr'>et</span> <span class='ocrx_word' id='word_1_344' title='bbox 589 4099 772 4158; x_wconf 85' lang='lat' dir='ltr'>nunc,</span> <span class='ocrx_word' id='word_1_345' title='bbox 804 4098 1021 4162; x_wconf 92' lang='lat' dir='ltr'>nempe</span> <span class='ocrx_word' id='word_1_346' title='bbox 1054 4078 1380 4142; x_wconf 87' lang='lat' dir='ltr'>adhibetur</span> <span class='ocrx_word' id='word_1_347' title='bbox 1409 4077 1545 4142; x_wconf 89' lang='lat' dir='ltr'>heic</span> <span class='ocrx_word' id='word_1_348' title='bbox 1575 4080 1638 4142; x_wconf 91' lang='lat' dir='ltr'>et</span> <span class='ocrx_word' id='word_1_349' title='bbox 1670 4095 1830 4140; x_wconf 92' lang='lat' dir='ltr'>nunc</span> <span class='ocrx_word' id='word_1_350' title='bbox 1862 4078 1934 4139; x_wconf 92' lang='lat' dir='ltr'>ut</span> <span class='ocrx_word' id='word_1_351' title='bbox 1966 4092 2183 4139; x_wconf 89' lang='lat' dir='ltr'>norma</span> <span class='ocrx_word' id='word_1_352' title='bbox 2216 4073 2434 4155; x_wconf 87' lang='lat' dir='ltr'>operis.</span> 
     </span>
    </p>

    <p class='ocr_par' dir='ltr' id='par_1_8' title="bbox 338 4173 2800 4470">
     <span class='ocr_line' id='line_1_38' title="bbox 420 4173 2799 4264; baseline -0.005 -18"><span class='ocrx_word' id='word_1_353' title='bbox 420 4183 581 4248; x_wconf 86' lang='lat' dir='ltr'>Item</span> <span class='ocrx_word' id='word_1_354' title='bbox 629 4182 701 4246; x_wconf 85' lang='lat'>3⁰</span> <span class='ocrx_word' id='word_1_355' title='bbox 744 4180 871 4247; x_wconf 85' lang='lat' dir='ltr'>Cur</span> <span class='ocrx_word' id='word_1_356' title='bbox 915 4179 1185 4246; x_wconf 86' lang='lat' dir='ltr'>Sanchez</span> <span class='ocrx_word' id='word_1_357' title='bbox 1231 4179 1471 4256; x_wconf 77' lang='lat' dir='ltr'>dixerit,</span> <span class='ocrx_word' id='word_1_358' title='bbox 1521 4179 1818 4264; x_wconf 86' lang='lat' dir='ltr'>appellari</span> <span class='ocrx_word' id='word_1_359' title='bbox 1874 4175 2316 4257; x_wconf 71' lang='lat' dir='ltr'>speculativum</span> <span class='ocrx_word' id='word_1_360' title='bbox 2379 4173 2637 4238; x_wconf 89' lang='lat' dir='ltr'>dubium</span> <span class='ocrx_word' id='word_1_361' title='bbox 2685 4175 2799 4236; x_wconf 86' lang='lat' dir='ltr'>aut</span> 
     </span>
     <span class='ocr_line' id='line_1_39' title="bbox 338 4275 2800 4367; baseline -0.004 -19"><span class='ocrx_word' id='word_1_362' title='bbox 338 4285 655 4352; x_wconf 87' lang='lat' dir='ltr'>scientiam</span> <span class='ocrx_word' id='word_1_363' title='bbox 685 4287 801 4349; x_wconf 89' lang='lat' dir='ltr'>aut</span> <span class='ocrx_word' id='word_1_364' title='bbox 832 4284 1181 4367; x_wconf 88' lang='lat' dir='ltr'>opinionem</span> <span class='ocrx_word' id='word_1_365' title='bbox 1209 4284 1299 4348; x_wconf 91' lang='lat' dir='ltr'>rei</span> <span class='ocrx_word' id='word_1_366' title='bbox 1327 4281 1666 4346; x_wconf 70' lang='lat' dir='ltr'>secundum</span> <span class='ocrx_word' id='word_1_367' title='bbox 1696 4302 1759 4346; x_wconf 81' lang='lat' dir='ltr'>se</span> <span class='ocrx_word' id='word_1_368' title='bbox 1780 4302 1801 4343; x_wconf 93' lang='lat'>.·</span> <span class='ocrx_word' id='word_1_369' title='bbox 1834 4278 2175 4364; x_wconf 77' lang='lat' dir='ltr'>practicam</span> <span class='ocrx_word' id='word_1_370' title='bbox 2209 4297 2350 4343; x_wconf 90' lang='lat' dir='ltr'>vero</span> <span class='ocrx_word' id='word_1_371' title='bbox 2384 4275 2644 4341; x_wconf 91' lang='lat' dir='ltr'>dubium</span> <span class='ocrx_word' id='word_1_372' title='bbox 2687 4277 2800 4340; x_wconf 91' lang='lat' dir='ltr'>aut</span> 
     </span>
     <span class='ocr_line' id='line_1_40' title="bbox 338 4383 1983 4470; baseline -0.005 -17"><span class='ocrx_word' id='word_1_373' title='bbox 338 4387 654 4453; x_wconf 79' lang='lat' dir='ltr'>scientiam</span> <span class='ocrx_word' id='word_1_374' title='bbox 686 4389 802 4451; x_wconf 90' lang='lat' dir='ltr'>aut</span> <span class='ocrx_word' id='word_1_375' title='bbox 832 4386 1183 4470; x_wconf 90' lang='lat' dir='ltr'>opinionem</span> <span class='ocrx_word' id='word_1_376' title='bbox 1214 4386 1300 4450; x_wconf 90' lang='lat' dir='ltr'>rei</span> <span class='ocrx_word' id='word_1_377' title='bbox 1334 4388 1613 4464; x_wconf 68' lang='lat' dir='ltr'>respecta</span> <span class='ocrx_word' id='word_1_378' title='bbox 1643 4383 1983 4464; x_wconf 62' lang='lat' dir='ltr'>emt-antis,</span> 
     </span>
    </p>

    <p class='ocr_par' dir='ltr' id='par_1_9' title="bbox 340 4479 2800 4673">
     <span class='ocr_line' id='line_1_41' title="bbox 422 4479 2800 4567; baseline -0.006 -11"><span class='ocrx_word' id='word_1_379' title='bbox 422 4490 561 4556; x_wconf 83' lang='lat' dir='ltr'>Alia</span> <span class='ocrx_word' id='word_1_380' title='bbox 609 4507 759 4555; x_wconf 88' lang='lat' dir='ltr'>vero</span> <span class='ocrx_word' id='word_1_381' title='bbox 806 4487 1220 4554; x_wconf 85' lang='lat' dir='ltr'>distinctionis</span> <span class='ocrx_word' id='word_1_382' title='bbox 1266 4488 1427 4553; x_wconf 87' lang='lat' dir='ltr'>ratio</span> <span class='ocrx_word' id='word_1_383' title='bbox 1474 4486 1614 4550; x_wconf 89' lang='lat' dir='ltr'>inde</span> <span class='ocrx_word' id='word_1_384' title='bbox 1661 4486 2006 4567; x_wconf 86' lang='lat' dir='ltr'>desumpta,</span> <span class='ocrx_word' id='word_1_385' title='bbox 2040 4483 2205 4566; x_wconf 90' lang='lat' dir='ltr'>quod</span> <span class='ocrx_word' id='word_1_386' title='bbox 2237 4482 2494 4547; x_wconf 90' lang='lat' dir='ltr'>dubium</span> <span class='ocrx_word' id='word_1_387' title='bbox 2526 4479 2800 4560; x_wconf 75' lang='lat' dir='ltr'>specula-</span> 
     </span>
     <span class='ocr_line' id='line_1_42' title="bbox 340 4584 2796 4673; baseline -0.003 -19"><span class='ocrx_word' id='word_1_388' title='bbox 340 4594 523 4657; x_wconf 76' lang='lat' dir='ltr'>tivum</span> <span class='ocrx_word' id='word_1_389' title='bbox 553 4593 641 4658; x_wconf 87' lang='lat' dir='ltr'>sit</span> <span class='ocrx_word' id='word_1_390' title='bbox 671 4591 748 4655; x_wconf 88' lang='lat' dir='ltr'>de</span> <span class='ocrx_word' id='word_1_391' title='bbox 778 4589 1078 4673; x_wconf 90' lang='lat' dir='ltr'>principio</span> <span class='ocrx_word' id='word_1_392' title='bbox 1109 4589 1402 4672; x_wconf 89' lang='lat' dir='ltr'>quopiam</span> <span class='ocrx_word' id='word_1_393' title='bbox 1434 4587 1707 4673; x_wconf 87' lang='lat' dir='ltr'>generali</span> <span class='ocrx_word' id='word_1_394' title='bbox 1745 4606 1855 4651; x_wconf 91' lang='lat' dir='ltr'>seu</span> <span class='ocrx_word' id='word_1_395' title='bbox 1885 4585 2221 4649; x_wconf 88' lang='lat' dir='ltr'>universali</span> <span class='ocrx_word' id='word_1_396' title='bbox 2253 4588 2318 4649; x_wconf 88' lang='lat' dir='ltr'>et</span> <span class='ocrx_word' id='word_1_397' title='bbox 2363 4586 2425 4648; x_wconf 91' lang='lat' dir='ltr'>in</span> <span class='ocrx_word' id='word_1_398' title='bbox 2461 4584 2796 4654; x_wconf 84' lang='lat' dir='ltr'>abstracto,</span> 
     </span>
    </p>
   </div>
  </div>
 </body>
</html>
