3529 5158
778 371 1264 413 PROPOSITIONUM
1302 371 1750 413 DAMNATARUM.
1791 372 1927 426 ΗΕΒ,
1965 372 2144 411 PETRI
2183 372 2365 412 OXOM.
2737 374 2818 412 XV

450 476 557 534 21.
586 471 827 533 Gratia
849 470 1485 547 praedestinationis
1515 473 1621 530 est
1649 470 2016 545 vinculum,
2052 487 2185 546 quo
2209 488 2452 546 corpus
2479 472 2817 533 Ecclesiae

353 567 429 623 et
461 562 812 637 quodlibet
849 561 993 620 eius
1042 561 1408 619 membrum
1443 558 1751 635 iungitur
1801 559 2066 620 Christo
2106 560 2310 636 capiti
2343 560 2813 622 insolubiliter.

450 654 557 711 22.
593 652 779 726 Papa
810 650 916 710 vel
942 649 1285 724 praelatus
1319 648 1533 709 malus
1566 652 1634 707 et
1660 648 2032 724 praescitus
2065 652 2169 709 est
2200 650 2564 725 aequivoce
2589 656 2818 727 pastor

354 748 428 801 et
467 757 618 801 vere
658 739 767 798 fur
804 744 874 798 et
912 738 1104 797 latro.

451 832 557 890 23.
587 830 774 904 Papa
797 845 932 887 non
958 826 1159 886 debet
1184 826 1312 885 dici
1342 825 1824 901 sanctissimus,
1860 825 2062 887 etiam
2097 828 2460 888 secundum
2498 830 2811 905 officium3

354 920 522 995 qnia
552 917 719 978 alias
752 934 871 977 rex
918 916 1193 976 deberet
1223 914 1425 975 etiam
1463 914 1594 975 dici
1629 915 2092 977 sanctissimus
2123 917 2491 977 secundum
2528 918 2813 978 officium

353 1012 429 1069 et
460 1012 747 1068 tortores
779 1009 848 1067 et
878 1021 1239 1081 praecones
1270 1004 1653 1064 dicerentur
1676 1005 1921 1064 sancti:
1958 1006 2089 1066 imo
2121 1006 2323 1067 etiam
2363 1006 2670 1067 diabolus
2702 1007 2814 1067 (10-

357 1099 551 1158 110101
581 1095 710 1155 (1101
746 1099 1043 1171 8111101118,
1083 1112 1233 1153 011111
1283 1092 1373 1153 811
1404 1093 1760 1153 officiarius
1793 1093 1941 1154 Dei.

451 1189 556 1246 24.
584 1185 654 1245 Si
684 1186 871 1260 Papa
897 1182 1088 1243 vivat
1113 1182 1381 1243 Christo
1406 1183 1758 1261 contrarie,
1778 1183 2039 1243 etiamsi
2064 1185 2452 1245 ascenderet
2476 1201 2595 1261 per
2617 1185 2811 1247 ritam

353 1280 430 1336 et
462 1273 830 1351 legitimam
864 1272 1252 1334 electionem
1288 1271 1652 1331 secundum
1694 1272 2245 1333 constitutionem
2283 1274 2641 1334 humanam
2664 1275 2815 1335 vul-

352 1370 600 1441 gatam,
635 1366 859 1422 tamen
892 1361 1164 1421 aliunde
1195 1360 1587 1421 ascenderet
1624 1378 1824 1436 quam
1857 1377 1978 1436 per
2011 1362 2372 1440 Christum,
2409 1363 2565 1424 dato
2612 1363 2814 1423 etiam

353 1453 538 1529 quod
586 1452 869 1512 intraret
914 1468 1034 1526 per
1083 1450 1473 1510 electionem
1524 1468 1564 1508 a
1612 1450 1755 1509 Deo
1804 1450 2265 1526 principaliter
2320 1451 2606 1528 factam3
2659 1470 2812 1512 nam

354 1542 564 1602 Iudas
603 1540 957 1601 Iscariotes
990 1540 1118 1600 rite
1144 1543 1213 1599 et
1236 1539 1537 1615 legitime
1576 1542 1680 1598 est
1711 1538 1966 1599 electus
2004 1557 2045 1599 a
2068 1540 2212 1599 Deo
2240 1539 2508 1601 Christo
2542 1541 2696 1601 Iesu
2729 1542 2815 1601 ad

353 1632 813 1708 episcopatum
846 1633 915 1689 et
952 1631 1177 1688 tamen
1214 1628 1519 1688 ascendit
1557 1627 1829 1687 aliunde
1868 1627 1953 1687 ad
1986 1628 2161 1688 ovile
2195 1629 2442 1689 ovium.

447 1724 551 1781 25.
603 1717 1085 1781 Condemnatio
1133 1721 1238 1778 45.
1288 1719 1412 1777 art.
1458 1717 1728 1776 Ioannis
1767 1716 2053 1794 Wicleff,
2104 1735 2222 1791 per
2259 1718 2562 1777 doctores
2614 1717 2812 1795 facta,

352 1812 461 1869 est
509 1807 984 1869 irrationabilis
1031 1810 1102 1866 et
1150 1806 1385 1882 iniqua
1430 1809 1500 1866 et
1547 1804 1937 1865 malefacta:
1989 1806 2143 1865 ficta
2188 1808 2258 1865 et
2289 1822 2491 1866 causa
2535 1823 2655 1881 per
2701 1823 2814 1867 eos

352 1896 1006 1987 allegata„videl·icet
1030 1912 1114 1956 ex
1148 1913 1225 1956 eo
1258 1895 1439 1971 quod
1472 1894 1702 1954 nullus
1725 1911 1955 1954 eorum
1988 1895 2078 1954 sit
2109 1895 2497 1972 catholicus,
2527 1897 2645 1956 sed
2667 1896 2814 1972 qui-

353 1986 525 2046 libet
563 2003 784 2047 eorum
819 1989 940 2045 ant
970 1988 1074 2046 est
1111 1984 1490 2045 haereticus
1521 1987 1642 2043 aut
1672 2000 1992 2044 erroneus
2023 1987 2142 2043 aut
2179 1984 2628 2045 scandalosus.

446 2078 551 2136 26.
588 2076 736 2134 Non
782 2091 858 2134 eo
906 2075 1072 2152 ipso,
1109 2073 1289 2150 quod
1337 2074 1657 2134 electores
1696 2072 1805 2134 vel
1840 2072 2050 2132 maior
2081 2090 2235 2149 pars
2275 2090 2501 2134 eorum
2535 2090 2812 2135 consen·

348 2165 565 2226 serint
604 2164 762 2225 viva
808 2180 972 2225 voce
1004 2163 1368 2245 secundum
1402 2163 1575 2223 ritus
1612 2161 1959 2222 hominum
1999 2163 2067 2221 in
2109 2179 2460 2239 personam
2493 2163 2807 2241 aliquam,

347 2271 429 2315 eo
475 2254 619 2329 ipso
665 2254 784 2313 illa
830 2269 1116 2329 persona
1160 2257 1264 2314 est
1309 2251 1610 2328 legitime
1657 2253 1870 2311 electa
1917 2252 2027 2313 vel
2061 2268 2140 2311 00
2180 2251 2323 2326 ipso
2357 2258 2462 2313 est
2494 2269 2692 2313 veras
2740 2256 2810 2313 et

350 2343 749 2404 manifestus
785 2357 1129 2403 successor
1176 2343 1280 2403 vel
1332 2341 1623 2402 vicarius
1658 2342 1844 2401 Petri
1877 2340 2164 2417 apostoli
2204 2342 2310 2401 vel
2345 2342 2622 2402 alterius
2653 2358 2811 2416 apo-

350 2432 507 2493 stoli
555 2432 626 2491 in
674 2431 887 2491 officio
934 2430 1410 2490 ecclesiastico:
1462 2429 1656 2509 unde,
1708 2429 1853 2490 sive
1899 2431 2218 2491 electores
2267 2429 2436 2491 bene
2483 2431 2590 2491 vel
2640 2432 2812 2492 male

351 2520 699 2600 elegerint,
734 2519 1047 2597 operibus
1081 2518 1278 2581 electi
1311 2518 1629 2578 debemus
1662 2517 1958 2599 credere3
1989 2537 2137 2579 nam
2174 2535 2251 2581 eo
2289 2519 2456 2600 ipso,
2492 2538 2624 2597 quo
2658 2518 2810 2596 quis

352 2610 686 2685 copiosius
717 2614 1030 2686 operatur
1062 2608 1401 2670 meritorie
1431 2607 1518 2668 ad
1549 2607 1920 2684 profectum
1961 2609 2316 2688 Ecclesiae,
2356 2610 2561 2670 habet
2594 2628 2626 2670 a
2665 2611 2810 2672 Deo

356 2700 443 2759 ad
476 2700 597 2760 1100
627 2699 956 2775 copiosius
990 2697 1404 2758 facultatem.

446 2791 550 2850 27.
578 2789 727 2848 Non
746 2792 850 2849 est
873 2787 1171 2851 scintilla
1193 2786 1648 2864 apparentiae,
1667 2787 1847 2861 quod
1879 2791 2185 2863 oporteat
2208 2805 2351 2849 esse
2378 2805 2587 2848 unum
2606 2792 2810 2866 caput

356 2877 425 2936 in
466 2877 933 2954 spiritualibus
964 2893 1203 2952 regens
1242 2876 1626 2952 Ecclesiam,
1654 2876 1835 2951 quod
1860 2892 2120 2951 semper
2152 2895 2298 2937 cum
2337 2876 2636 2939 Ecclesia
2662 2878 2808 2954 ipsa

356 2967 685 3028 militante
724 2969 1158 3028 conversetur
1190 2970 1259 3026 et
1280 2969 1732 3027 conservetur.

446 3059 549 3116 28.
585 3055 892 3117 Christus
923 3054 1069 3115 sine
1100 3054 1352 3116 talibus
1385 3054 1826 3115 monstruosis
1851 3053 2186 3129 capitibus
2208 3072 2329 3131 per
2355 3072 2510 3115 suos
2537 3072 2806 3117 veraces

354 3144 715 3220 discipulos
770 3160 1037 3220 sparsos
1083 3160 1202 3219 per
1256 3144 1480 3204 orbem
1529 3148 1856 3205 terrarum
1912 3143 2152 3204 melius
2199 3161 2389 3203 suam
2439 3143 2802 3203 Ecclesiam

350 3236 709 3310 regularet.

437 3327 543 3384 29.
588 3323 900 3399 Apostoli
932 3327 1003 3383 et
1034 3322 1264 3383 fideles
1295 3320 1673 3382 sacerdotes
1706 3317 1981 3378 Domini
2013 3321 2286 3378 strenue
2311 3316 2382 3375 in
2416 3316 2806 3378 necessariis

345 3411 432 3471 ad
465 3412 751 3472 salutem
785 3413 1178 3489 regularunt
1215 3407 1604 3487 Ecclesiam,
1638 3411 2000 3483 antequam
2038 3407 2263 3481 Papae
2297 3405 2582 3467 officium
2633 3405 2807 3468 foret

347 3500 836 3562 introductum:
880 3501 975 3563 sic
1008 3501 1325 3577 facerent,
1367 3496 1734 3575 deficiente,
1777 3513 1897 3574 per
1929 3512 2186 3556 summe
2217 3494 2553 3572 possibile,
2597 3496 2803 3576 Papa,

349 3607 562 3665 usque
594 3590 680 3650 ad
715 3591 891 3651 diem
924 3589 1178 3650 iudicii.

443 3680 546 3738 30.
580 3679 827 3739 Nullus
864 3683 969 3740 est
999 3678 1309 3738 dominus
1355 3676 1594 3755 civilis,
1638 3675 1867 3736 nullus
1898 3678 2004 3736 est
2040 3675 2401 3751 praelatus,
2443 3674 2669 3733 nullus
2702 3677 2807 3734 est

348 3766 721 3847 episcopus,
761 3769 915 3829 dum
957 3773 1062 3829 est
1093 3767 1162 3827 in
1202 3770 1477 3843 peccato
1511 3764 1797 3826 mortali.

1378 3946 1599 4007 NUM.
1644 3945 1773 4005 ΙΙΙ.

343 4092 823 4169 Propositiones
871 4097 931 4152 9.
968 4091 1270 4168 ,llayistri
1320 4088 1499 4149 Petri
1546 4087 1929 4164 (homousia,
1971 4087 2311 4147 danmatae
2353 4088 2416 4144 in
2455 4085 2801 4162 0011910911.-

528 4182 694 4241 tione
731 4181 1156 4259 Complutmwi
1187 4185 1245 4239 et
1276 4179 1495 4238 dei-nde
1527 4194 1568 4236 (ι
1602 4176 1784 4237 Se‘oelo
1817 4176 1865 4235 I
1879 4175 1947 4236 V.
1988 4194 2157 4235 αηπο
2189 4179 2374 4235 1479.

438 4347 495 4403 1.
546 4345 831 4404 Peccata
864 4341 1190 4420 mortalia,
1217 4344 1547 4416 quantum
1579 4338 1664 4398 ad
1689 4338 1955 4414 culpam
1989 4342 2058 4399 et
2091 4354 2370 4413 poenam
2404 4337 2681 4397 alterius
2703 4355 2805 4400 se-

340 4433 501 4510 culi,
534 4432 842 4493 delentur
865 4449 985 4507 per
1016 4431 1224 4493 solam
1258 4428 1477 4490 cordis
1509 4427 1978 4489 contritionem
2012 4428 2157 4488 sine
2187 4426 2418 4486 ordine
2451 4426 2537 4486 ad
2559 4427 2808 4490 claves.

436 4525 498 4581 2.
541 4521 887 4583 Confessio
920 4520 1005 4581 de
1052 4519 1347 4595 peccatis
1379 4519 1449 4578 in
1489 4517 1709 4593 specie
1750 4517 1884 4577 fuit
1919 4534 2001 4577 ex
2040 4517 2268 4592 aliquo
2305 4518 2565 4576 statuto
2612 4517 2803 4577 utilis

338 4611 703 4690 Ecclesiae,
743 4628 879 4672 non
909 4610 993 4671 de
1027 4609 1172 4670 iure
1204 4609 1460 4669 divino.

504 4713 785 4755 Bam-zaim.
818 4735 870 4744 —
903 4711 1074 4754 Mora!-
1103 4711 1236 4753 Tom.
1269 4710 1312 4751 Ι.
2618 4704 2638 4745 l
