3529 5158
384 372 525 448 [434]
887 386 1286 429 nist-memte
1325 389 1388 431 vr
1426 389 1746 445 concussis,
1788 389 1908 431 vm,
1944 390 2095 433 sona
2134 390 2343 431 namn
2738 381 2846 434 419

387 484 454 550 111
483 484 621 549 foro
654 485 905 549 externo
944 485 1009 549 et
1053 485 1387 550 secundum
1421 487 1578 551 hanc
1613 486 1678 550 in
1725 505 1797 551 eo
1845 488 2212 572 regulariter
2240 488 2659 555 iudicandum.
2709 490 2850 555 Non

391 586 577 652 modo
611 586 776 651 9111111
814 587 910 651 est
938 588 1325 652 communior
1377 588 1528 653 haec
1580 588 1861 654 doctrina
1891 590 2054 653 inter
2105 589 2468 672 interpretes
2520 590 2693 667 iuris,
2744 591 2849 655 sed

386 689 579 754 etiam
604 689 753 770 quia
782 689 989 772 ipsum
1018 688 1317 754 iudicium
1364 690 1816 756 taciturnitatis
1852 692 2116 775 praelati
2163 692 2426 757 videntis
2473 693 2708 758 factum
2754 696 2850 759 est

390 790 569 856 valde
600 791 907 855 incertum
938 792 1003 856 et
1031 791 1106 856 de
1137 811 1201 857 se
1232 792 1437 857 solum
1466 792 1701 858 indicat
1729 794 2214 877 permissionem,
2246 814 2369 860 11011
2417 815 2801 861 consensum.

479 892 564 956 Et
609 912 757 957 sane
803 893 1011 975 potest
1055 894 1375 976 permissio
1407 894 1519 961 illa
1550 914 1681 960 esse
1711 896 1843 961 sine
1872 898 2123 979 peccato
2156 898 2450 980 praelati;
2490 898 2639 980 quia
2661 900 2753 964 ita
2784 918 2849 964 se

387 996 552 1081 gerit
576 996 653 1059 ad
685 995 1012 1060 vitandum
1041 996 1245 1060 maius
1276 997 1533 1075 malum,
1568 999 1666 1063 vel
1696 1000 1949 1082 propter
1978 998 2531 1082 indispositionem,
2564 1019 2755 1083 quam
2784 1001 2848 1064 in

386 1098 639 1163 subdito
687 1098 869 1163 timet
914 1099 1013 1163 vel
1058 1101 1309 1182 propter
1346 1100 1703 1164 scandalum
1739 1101 2027 1177 aliorum,
2067 1101 2314 1183 quando
2345 1103 2581 1167 factum
2618 1104 2715 1167 est
2743 1122 2853 1186 pu-

389 1201 623 1265 blicum
671 1200 769 1265 vel
816 1201 965 1282 quia
1010 1220 1202 1285 grave
1238 1202 1409 1267 aliud
1456 1204 1898 1267 nocumentum
1934 1203 2134 1267 timet.
2169 1202 2362 1287 Saepe
2407 1205 2599 1269 etiam
2644 1205 2853 1288 potest

391 1324 526 1369 esse
562 1304 672 1367 illa
711 1303 1034 1386 permissio
1068 1323 1139 1367 ex
1170 1304 1440 1386 quadam
1485 1305 1868 1389 negligentia
1914 1306 1978 1369 et
2022 1305 2213 1369 nimia
2260 1306 2652 1370 conniventia
2683 1304 2855 1389 prae-

387 1406 507 1470 lati
539 1406 636 1471 vel
668 1426 740 1471 ex
773 1406 1293 1489 pusillanimitate
1339 1407 1532 1470 nimia
1579 1407 1643 1470 et
1678 1406 1815 1472 ideo
1860 1407 2010 1471 licet
2046 1408 2327 1491 superior
2370 1427 2493 1473 non
2531 1410 2854 1473 excusetur

389 1528 428 1573 a
476 1509 678 1593 culpa,
719 1529 841 1574 non
888 1509 1023 1581 ideo
1072 1500 1492 1592 praesumitur
1528 1509 1935 1593 dispensatim
1971 1511 2119 1593 quia
2164 1511 2426 1576 fortasse
2457 1512 2656 1576 maior
2692 1513 2854 1576 esset

390 1614 578 1696 culpa
607 1613 700 1678 ita
725 1614 954 1677 temere
977 1613 1347 1696 dispensare.
1373 1612 1551 1692 Quod
1581 1613 1850 1677 maxime
1873 1613 2063 1678 habet
2089 1613 2318 1692 locum,
2345 1613 2592 1695 quando
2619 1614 2855 1697 dispen-

388 1716 556 1780 satio
603 1733 734 1779 esse
778 1714 1025 1779 deberet
1060 1715 1125 1778 in
1172 1714 1384 1796 aliquo
1429 1714 1671 1779 defectu
1702 1718 2116 1797 permanente,
2151 1716 2247 1778 uti
2282 1716 2347 1779 in
2392 1716 2853 1799 irregularitate

393 1819 493 1883 vel
526 1818 649 1881 alio
698 1817 906 1881 simili.
942 1815 1303 1881 Incredibile
1351 1817 1516 1881 enim
1562 1818 1675 1894 est,
1724 1818 2049 1899 propterea
2080 1815 2243 1898 quod
2290 1815 2630 1900 Episcopus
2677 1817 2851 1893 sciat,

389 1920 713 1986 subditum
736 1919 1141 2004 irregularem
1166 1919 1472 1983 celebrare
1504 1922 1566 1984 et
1597 1919 1966 1997 dissimulet,
1999 1918 2218 1983 statim
2254 1919 2587 2001 praesumi,
2620 1918 2857 2001 dispen-

393 2043 536 2089 sare
583 2043 727 2087 cum
771 2022 881 2087 illo
930 2022 994 2085 111
1045 2022 1530 2107 irregularitate,
1578 2022 1825 2085 etiamsi
1851 2022 2006 2086 alias
2038 2021 2254 2105 possit,
2294 2021 2416 2085 nisi
2445 2040 2516 2085 ex
2562 2021 2703 2085 aliis
2734 2041 2856 2085 cer-

404 2126 669 2191 tioribus
700 2124 1069 2189 coniecturis
1100 2124 1174 2189 de
1205 2124 1376 2188 illius
1412 2123 1736 2188 voluntate
1774 2126 1838 2188 et
1870 2124 2036 2188 iusta
2065 2142 2254 2188 causa
2298 2123 2690 2207 dispensandi
2720 2142 2859 2188 con-

391 2228 546 2303 stet;
587 2245 745 2308 quae
779 2226 1170 2290 coniecturae
1206 2226 1271 2289 in
1305 2225 1438 2290 foro
1472 2225 1770 2290 exteriore
1801 2225 2162 2290 difficillime
2193 2226 2441 2309 probari
2486 2228 2749 2310 possunt
2794 2229 2858 2291 et

392 2329 554 2395 forte
575 2348 698 2394 non
736 2328 1170 2393 admittentur.
1199 2327 1426 2393 Suarez
1459 2328 1606 2392 ibid.
1633 2346 1692 2392 n.
1721 2328 1827 2393 21.

479 2433 903 2498 Veruntamen
941 2451 1064 2497 non
1113 2432 1362 2496 omnino
1393 2431 1719 2496 reiicienda
1750 2431 1920 2515 prior
1940 2432 2249 2496 sententia
2278 2431 2352 2496 de
2388 2432 2599 2497 valore
2631 2433 2859 2497 tacitae

394 2536 888 2620 dispensationis,
937 2534 1274 2601 dummodo
1319 2534 1651 2619 prudenter
1680 2554 1754 2600 ea
1788 2535 2093 2600 sententia
2138 2535 2465 2601 limitetur.
2504 2534 2666 2600 Nam
2714 2535 2860 2601 licet

406 2641 540 2705 sola
572 2639 969 2704 taciturnitas
1007 2658 1129 2704 non
1167 2639 1452 2704 videatur
1496 2638 1806 2703 sufficiens
1835 2637 2133 2702 indicium
2170 2639 2475 2720 positivae
2512 2639 2859 2704 voluntatis

400 2741 814 2826 dispensandi,
848 2744 924 2806 ut
954 2762 1026 2806 ex
1065 2741 1394 2824 praedictis
1447 2742 1676 2816 elucet;
1733 2744 1945 2825 posset
1986 2741 2197 2804 tamen
2228 2741 2645 2806 consummari
2692 2760 2861 2825 prae-

399 2845 673 2929 sumptio
707 2845 762 2909 si
793 2844 953 2909 aliae
985 2844 1487 2908 circumstantiae
1511 2843 2013 2928 adiungerentur.
2048 2843 2148 2907 Ita
2178 2861 2238 2906 v.
2256 2862 2351 2928 gr.
2386 2844 2440 2907 si
2470 2863 2658 2908 causa
2691 2844 2858 2907 iusta

395 2948 787 3033 dispensandi
825 2949 957 3013 tam
993 2947 1242 3013 subdito
1289 2949 1354 3012 et
1398 2948 1700 3030 superiori
1744 2947 2135 3031 singillatim,
2183 2965 2373 3028 quam
2428 2947 2608 3011 alteri
2646 2946 2720 3010 de
2768 2945 2859 3009 al-

400 3056 538 3118 tero
582 3052 846 3117 invicem
891 3051 1041 3116 nota
1087 3052 1250 3115 esset
1293 3051 1358 3115 et
1401 3049 1806 3115 intercederet
1852 3049 2062 3129 aliqua
2108 3048 2347 3112 occasio
2393 3048 2562 3110 iusta
2598 3066 2721 3110 non
2764 3066 2860 3129 pe-

399 3155 568 3220 tendi
618 3172 972 3238 expressum
1019 3171 1386 3218 consensum
1431 3152 1495 3215 et
1524 3170 1596 3215 ex
1641 3149 2083 3215 consuetudine
2119 3149 2280 3211 inter
2311 3147 2631 3212 subditum
2668 3149 2731 3210 et
2763 3167 2860 3211 su-

405 3259 705 3341 periorem
737 3257 1050 3340 praesumi
1080 3255 1412 3338 prudenter
1442 3254 1651 3335 posset
1681 3251 1828 3314 talis
1858 3250 2151 3314 voluntas
2187 3249 2540 3333 superioria.
2574 3247 2751 3312 Suar.
2786 3250 2860 3312 de

401 3358 953 3442 Le9.lib..6.cap
993 3359 1195 3423 13..n
1236 3358 1340 3419 22.

495 3459 650 3527 Sane
680 3463 734 3527 si
772 3462 1149 3539 admittitur,
1183 3479 1255 3524 ex
1286 3457 1722 3522 taciturnitate
1739 3419 1956 3541 colligi
1977 3455 2373 3520 collationem
2394 3454 2859 3530 iurisdictionis,

400 3565 648 3647 quando
679 3564 1080 3630 taciturnitas
1112 3561 1468 3644 aequivalet
1495 3559 1924 3624 ratihabitioni
1956 3559 2032 3622 de
2061 3558 2390 3642 praesenti,
2423 3576 2545 3622 non
2585 3559 2860 3642 apparet,

399 3686 511 3732 9111
538 3668 701 3733 1109
685 3677 895 3751 ipsum
923 3666 1130 3748 quoad
1160 3662 1680 3747 dispensationem
1708 3661 1955 3727 concedi
1992 3680 2116 3726 11011
2152 3662 2368 3745 possit.

487 3766 673 3841 43⁴³.
729 3771 912 3836 Alius
950 3769 1179 3834 tacitae
1217 3765 1705 3850 dispensationis·
1735 3765 1957 3830 modus
2003 3767 2117 3844 est,
2166 3765 2412 3848 quando
2467 3765 2746 3847 superior
2792 3784 2863 3828 ex

398 3875 568 3938 certa
616 3873 873 3937 scientia
906 3871 1141 3954 aliquid
1188 3869 1488 3953 praecipit
1509 3869 1609 3933 vel
1645 3868 1923 3934 concedit
1953 3867 2223 3944 subdito,
2257 3866 2421 3949 quod
2469 3866 2599 3930 sine
2630 3866 2865 3949 dispen-

409 3977 647 4040 satione
692 3974 827 4039 fieri
873 3976 989 4039 aut
1024 3973 1228 4038 valere
1259 3991 1382 4038 non
1412 3973 1637 4055 potest.
1680 3972 1781 4035 Ita
1812 3971 1865 4034 si
1900 3969 2183 4034 Pontifex
2221 3969 2326 4033 det
2364 3967 2726 4032 beneficium
2759 3968 2867 4032 ali-

399 4077 523 4154 cui,
566 4097 750 4159 quem
797 4077 916 4141 scit
963 4095 1094 4141 esse
1141 4075 1551 4160 irregularem
1583 4074 1680 4138 vel
1712 4075 1763 4138 si
1797 4072 2154 4157 praecipiat,
2203 4073 2277 4136 ut
2322 4090 2533 4136 carnes
2580 4071 2725 4136 edat
2770 4071 2866 4136 die

405 4179 835 4245 abstinentiae.
869 4178 1057 4243 Ratio
1096 4179 1242 4260 quia
1290 4177 1570 4261 princeps
1607 4195 1729 4241 non
1776 4175 2076 4258 praecipit
2118 4175 2530 4260 repugnantia
2560 4194 2671 4239 nec
2702 4194 2870 4258 prae·

409 4282 678 4346 sumitur
743 4282 1089 4365 praecipere
1148 4281 1547 4363 iniquitatem
1592 4280 1688 4344 vel
1744 4278 1941 4344 facere
1996 4280 2204 4344 actum
2274 4277 2637 4343 invalidum.
2700 4279 2867 4364 Ergo

412 4384 561 4449 dum
608 4383 887 4449 concedit
933 4384 1047 4447 aut
1091 4384 1409 4466 praecipit,
1459 4384 1740 4448 censetur
1787 4382 2004 4447 tollere
2048 4383 2577 4466 impedimentum.
2644 4381 2869 4447 Suarez

406 4486 448 4550 1,
481 4507 533 4551 c.
566 4508 628 4551 n.
665 4488 768 4551 23.

494 4590 631 4654 Hae
664 4591 877 4654 autem
916 4589 1188 4652 rationes
1221 4589 1561 4671 procedunt
1581 4589 1657 4653 de
1680 4589 1960 4671 quolibet
1989 4589 2289 4672 praelato,
2316 4588 2425 4671 qui
2457 4590 2663 4653 tamen
2696 4589 2759 4652 in
2798 4605 2869 4651 eo
