3529 5158
722 337 825 392 162
1194 348 1407 390 111661.
1448 347 1513 387 11.
1552 347 1638 386 6111
1674 343 2091 386 consonam-m.
2132 342 2330 385 CAPUT
2368 343 2432 383 11.
2472 343 2612 384 nnn.
2655 344 2692 383 1.
3039 329 3188 405 [166]

721 447 920 529 Atqui
964 445 1245 529 quisquis
1291 445 1480 509 habet
1526 441 1967 509 conscientiam
2014 442 2280 525 practice
2327 440 2601 517 dubiam,
2641 443 2780 506 tum
2827 460 2892 505 se
2940 443 3193 526 exponit

724 549 995 633 periculo
1049 546 1539 631 transgrediendi
1585 544 1996 609 materialiter
2040 545 2262 630 legem,
2311 547 2449 608 tum
2505 544 2954 629 obligationem
3001 546 3190 610 habet

721 651 977 716 cavendi
1013 650 1169 715 illud
1208 650 1570 734 periculum.
1605 649 1791 733 Ergo.

812 753 1137 819 Probanda
1170 755 1265 817 est
1296 752 1522 816 Minor.
1557 751 1640 814 Et
1671 751 1877 832 quoad
1909 750 2172 832 primam
2207 751 2446 832 partem
2478 750 2653 814 nulla
2691 750 3059 834 probatione
3104 752 3192 815 in·
3261 800 3271 811 .

723 857 923 941 diget;
950 876 1098 921 nam
1121 855 1231 937 qui
1252 854 1407 939 agit,
1428 854 1577 917 dum
1600 853 1814 928 nescit,
1845 871 1923 916 an
1948 854 2124 915 actus
2149 850 2232 915 sit
2254 851 2385 936 legi
2404 851 2739 917 conformis
2763 872 2841 918 an
2866 852 3187 930 difformiS,

724 958 997 1043 profecto
1032 957 1303 1041 periculo
1337 976 1401 1021 66
1432 956 1793 1030 committit,
1828 974 1904 1018 ne
1929 957 2107 1018 actus
2139 954 2222 1018 sit
2254 972 2292 1017 a
2328 954 2464 1039 1686
2496 955 2815 1020 difformis.

812 1060 1137 1125 Probanda
1169 1078 1315 1143 ergo
1365 1057 1631 1123 secunda
1676 1075 1839 1140 parS,
1880 1075 2098 1139 nempe
2144 1056 2309 1120 hunc
2348 1056 2547 1121 teneri
2579 1057 2656 1121 ad
2687 1058 3031 1123 cavendum
3064 1059 3191 1123 tale

721 1163 1084 1247 periculum.
1112 1161 1240 1225 Nec
1263 1160 1510 1224 difficile
1536 1162 1629 1225 est
1654 1160 1934 1242 probare.
1963 1158 2125 1222 Nam
2158 1159 2278 1223 huc
2310 1162 2553 1242 spectat
2578 1159 2858 1225 doctrina
2885 1161 3192 1246 generalis

722 1266 797 1330 de
827 1264 1202 1349 ignorantia,
1251 1283 1392 1328 cum
1437 1282 1617 1327 casus
1655 1262 1879 1326 dubiae
1915 1262 2325 1326 conscientiae
2363 1262 2440 1326 ad
2472 1263 2784 1345 quandam
2825 1265 2983 1349 16816
3021 1265 3195 1349 1866-

724 1368 995 1433 rantiam
1040 1368 1382 1432 revocetur.
1433 1367 1643 1450 Argue
1690 1384 1837 1449 ergo
1886 1365 2000 1429 sic:
2052 1362 2172 1443 Qui
2218 1366 2406 1429 habet
2451 1366 2890 1433 conscientiam
2938 1368 3194 1433 dubiam

724 1471 841 1535 6611
872 1470 1166 1553 profecto,
1208 1488 1272 1533 66
1304 1469 1367 1532 16
1399 1466 1755 1552 ignorantia
1786 1467 1944 1551 legis
1971 1468 2224 1531 versari.
2258 1469 2455 1550 Atqui
2485 1469 2767 1552 quisquis
2798 1469 2996 1548 novit,
3031 1490 3098 1535 66
3130 1472 3193 1535 16

723 1574 879 1657 16816
915 1572 1272 1657 ignorantia
1305 1570 1555 1645 versari,
1606 1571 1871 1643 tenetur,
1923 1573 2255 1651 antequam
2304 1574 2474 1655 agat,
2515 1571 2589 1637 de
2620 1573 2756 1657 lege
2788 1573 3100 1656 inquirere
3132 1576 3196 1638 et

724 1696 866 1742 reus
898 1678 1011 1753 est,
1053 1675 1126 1752 si,
1174 1693 1316 1738 cum
1363 1673 1578 1756 possit,
1626 1672 1910 1756 negligat
1957 1672 2378 1757 ignorantiam
2425 1674 2760 1758 depellere3
2811 1676 3039 1760 quippe
3087 1675 3196 1758 qui

723 1779 974 1844 tenetur
998 1776 1075 1842 ad
1096 1778 1266 1862 leges
1291 1774 1641 1851 servandaS,
1668 1777 1916 1838 tenetur
1940 1775 2131 1839 etiam
2156 1774 2233 1838 ad
2257 1776 2501 1841 easdem
2526 1778 2980 1863 cognoscendas
3008 1781 3197 1860 atque

727 1881 879 1945 adeo
903 1879 1318 1962 inquirendas.
1346 1879 1511 1963 Ergo
1538 1877 1645 1959 qui
1678 1876 1813 1961 agit
1844 1896 1986 1941 cum
2010 1877 2383 1942 conscientia
2407 1878 2615 1955 dubia,
2651 1882 2896 1963 peccat3
2933 1881 3082 1962 quia
3109 1880 3195 1944 sic

729 2002 937 2066 68666,
966 1982 1100 2065 6811
1123 1981 1272 2045 (11116
1297 1981 1413 2045 6611
1438 2000 1502 2045 66
1526 1981 1812 2066 18661616
1835 1980 2037 2064 legem
2061 1982 2124 2045 et
2150 1982 2358 2045 tamen
2380 1982 2646 2067 negligit
2668 1983 2743 2047 de
2766 2002 2839 2047 66
2864 1982 3195 2065 inquirere.

816 2085 981 2148 Bene
1012 2084 1076 2147 in
1113 2083 1271 2148 11666
1306 2102 1438 2148 1661
1470 2081 1695 2147 Suarez
1728 2081 1802 2145 cle
1837 2080 2096 2146 Ceasar.
2131 2083 2286 2166 disp.
2323 2083 2428 2148 40.
2462 2088 2609 2148 sect.
2654 2087 2713 2148 5.
2747 2105 2808 2148 n.
2840 2087 2973 2148 12.:
3009 2112 3046 2143 «
3071 2085 3198 2149 Du-

726 2185 900 2250 bium
931 2185 1387 2269 speculativum
1411 2185 1569 2248 circa
1595 2185 1860 2269 1686111...
1887 2204 2010 2249 666
2043 2185 2197 2249 66116
2229 2185 2655 2251 examinatum
2678 2187 2853 2251 iuxta
2891 2188 3199 2271 capacita-

726 2291 855 2354 tem
880 2288 1192 2372 operantis
1217 2290 1279 2353 et
1302 2289 1390 2352 rei
1417 2287 1969 2371 opportunitatem,
1998 2306 2236 2370 semper
2266 2288 2454 2352 infert
2478 2288 2918 2353 conscientiam
2942 2288 3199 2353 dubiam

725 2392 1011 2475 practice,
1038 2412 1197 2474 quae
1228 2411 1350 2457 non
1382 2392 1589 2475 potest
1627 2390 1959 2473 prudenter
1990 2390 2232 2473 deponi,
2272 2391 2394 2455 nisi
2425 2391 2597 2474 prius
2630 2391 3001 2457 adhibeatur
3033 2392 3203 2457 suffi-

724 2495 889 2560 ciens
935 2495 1261 2579 diligentia
1310 2494 1385 2558 ad
1433 2493 1887 2558 dubitationem
1926 2494 2286 2558 tollendam.
2321 2493 2480 2574 Quia
2527 2495 2803 2576 quandiu
2839 2496 3028 2560 homo
3077 2514 3200 2560 non

727 2599 899 2673 facit,
925 2599 1089 2682 quod
1106 2599 1169 2662 16
1191 2599 1328 2681 ipso
1354 2601 1466 2672 661,
1503 2596 1581 2660 6(1
1604 2597 2030 2679 deponendum
2065 2597 2345 2673 dubium,
2379 2597 2475 2661 illi
2505 2597 2858 2680 imputatur
2889 2597 3206 2680 quidquid

725 2705 820 2764 est
832 2699 1111 2780 periculi
1137 2700 1203 2764 in
1243 2700 1357 2763 tali
1390 2699 1745 2782 operatione
1779 2702 1841 2763 61
1877 2699 2254 2783 ignorantia,
2303 2718 2461 2781 quae
2498 2699 2586 2764 ibi
2622 2699 2975 2776 intervenit,
3005 2700 3202 2765 vinci-

725 2802 868 2866 bilis
900 2804 1013 2878 est,
1054 2801 1313 2882 ideoque
1343 2819 1466 2864 non
1507 2802 1714 2882 potest
1747 2820 1783 2863 a
1814 2802 1995 2884 culpa
2036 2821 2324 2866 excusare
2348 2828 2408 2866 ».

816 2905 905 2968 Ex
936 2904 1033 2968 his
1064 2906 1239 2986 patet
1263 2904 1455 2968 etiam
1487 2903 1669 2978 ratio,
1697 2922 1807 2967 cur
1836 2904 2023 2968 homo
2049 2905 2136 2969 sic
2162 2924 2352 2989 agens
2377 2909 2583 2989 peccet
2616 2926 2688 2971 ea
2714 2907 2912 2990 specie
2938 2908 3198 2991 peccati,

725 3007 799 3071 de
817 3027 940 3090 qua
970 3005 1240 3071 dubitat.
1272 3005 1521 3071 Etenim
1544 3006 1806 3087 quisque
1830 3025 2193 3089 praecavere
2217 3011 2463 3073 tenetur
2493 3028 2597 3074 eas
2621 3009 2777 3094 legis
2803 3009 3200 3085 violationes

726 3129 881 3191 quas
926 3110 1122 3188 novit,
1171 3128 1243 3173 ex
1288 3109 1644 3194 ignorantia
1692 3127 1807 3172 sua
1855 3109 1972 3172 sibi
2020 3113 2336 3193 comperta
2384 3130 2455 3174 66
2488 3111 2764 3176 vincibili
2796 3112 2972 3194 sequi
3022 3131 3204 3195 posse

723 3215 912 3294 atque
960 3213 1111 3278 adeo
1158 3230 1300 3278 16116
1339 3210 1651 3276 tenebitur
1690 3210 2049 3276 violationis
2097 3213 2445 3296 cuiuspiam
2489 3214 2554 3277 in
2599 3213 2940 3291 individuo,
2984 3233 3200 3297 quam,

723 3335 864 3379 cum
902 3315 1119 3397 possit,
1169 3314 1436 3400 negligit
1482 3316 1780 3378 avertere.
1815 3314 1914 3377 Ita
1965 3334 2021 3377 v.
2058 3333 2151 3399 gr.
2187 3314 2460 3380 medicus
2491 3316 2687 3381 relate
2736 3316 2812 3380 ad
2851 3317 3203 3400 periculum

726 3420 987 3501 aegroti,
1022 3419 1120 3482 cui
1166 3419 1500 3483 medicinas
1547 3419 1946 3502 praescribat,
1983 3423 2323 3502 antequam
2362 3422 2673 3487 curaverit
2706 3421 2968 3487 dubium
2999 3422 3205 3507 depel-

724 3518 847 3582 lere
865 3519 939 3583 de
954 3520 1154 3584 morbi
1178 3523 1425 3585 natura.
1444 3520 1615 3584 Talis
1642 3523 1854 3584 autem
1870 3523 1964 3584 est
1988 3522 2262 3587 conditio
2296 3525 2611 3606 operantis
2643 3543 2786 3589 cum
2816 3527 3199 3592 conscientia

727 3623 994 3704 practice
1026 3623 1240 3699 dubia3
1275 3624 1451 3689 novit
1477 3623 1641 3687 enim
1669 3623 2114 3707 obligationem
2147 3627 2554 3706 praecavendi
2578 3626 2735 3713 legis
2767 3628 3201 3706 violationem,

725 3724 900 3788 novit
924 3744 996 3788 ex
1019 3744 1132 3789 sua
1157 3725 1513 3809 ignorantia
1538 3725 1771 3789 instare
1795 3724 2155 3791 violationis
2181 3727 2528 3810 periculum
2552 3749 2623 3794 ac
2653 3730 2972 3812 praevidet
3007 3734 3203 3797 etiam

726 3827 891 3890 mala
934 3828 993 3890 in
1026 3828 1223 3910 specie
1255 3847 1363 3892 6611
1394 3827 1711 3892 individuo
1760 3847 1831 3891 ac
1881 3828 2074 3892 sciens
2110 3829 2557 3915 obligationem
2595 3832 2820 3897 idcirco
2854 3832 3204 3917 depellendi

725 3929 1167 4013 ignorantiam,
1200 3930 1604 3995 nihilominus
1635 3930 2029 4013 culpabiliter
2076 3932 2420 4014 periculum
2461 3935 2616 3999 illud
2654 3935 2844 4000 subit.
2886 3936 3060 4002 Reus
3107 3943 3202 4003 est

725 4031 922 4113 igitur
959 4033 1144 4098 huius
1181 4031 1468 4116 specialis
1501 4032 1860 4098 violationis
1899 4036 1960 4098 et
1994 4034 2244 4116 quidem
2276 4055 2417 4102 reus
2450 4041 2563 4116 est,
2599 4038 2729 4104 sive
2759 4040 2884 4105 ista
2933 4040 3200 4106 violatio

725 4135 921 4215 reipsa
972 4134 1154 4212 adsit,
1205 4136 1333 4200 sive
1379 4154 1503 4199 non
1551 4134 1747 4211 adsit3
1799 4136 1894 4199 uti
1943 4155 1999 4199 v.
2040 4157 2134 4221 gr.
2177 4138 2228 4201 si
2278 4140 2550 4205 medicus
2588 4142 2693 4205 ille
2730 4141 3000 4207 fortuito
3047 4144 3201 4209 bene

725 4238 1055 4319 aegrotum
1086 4240 1277 4302 curet.

815 4338 976 4401 Hinc
1000 4338 1323 4404 discrimen
1359 4359 1393 4404 a
1427 4339 1778 4406 conditione
1808 4342 1998 4412 illius,
2040 4343 2146 4425 qui
2173 4348 2326 4429 agat
2352 4365 2493 4409 cum
2525 4348 2899 4413 conscientia
2942 4352 3200 4413 tantum

723 4441 1101 4522 speculative
1125 4443 1331 4508 dubia.
1373 4442 1621 4508 Etenim
1653 4444 1751 4508 hic
1785 4448 2069 4510 censetur
2102 4447 2480 4528 quaesivisse
2513 4470 2621 4514 nec
2654 4453 2863 4517 tamen
2888 4450 3201 4517 invenisse

721 4543 1069 4608 veritatem.
1119 4543 1183 4610 Si
1231 4545 1560 4628 quaepiam
1607 4564 1753 4631 ergo
1789 4549 2086 4630 sequatur
2118 4548 2274 4633 legis
2323 4551 2605 4632 violatio,
2646 4552 2796 4618 haec
2829 4571 2952 4618 non
2985 4559 3198 4637 potest
