3529 5158
407 338 562 414 [496]
642 353 811 400 QUAE
836 352 1272 394 auvam-mirra
1298 350 1675 393 »incussamn
1703 351 1788 391 AD
1815 351 2157 393 Pacem-uu.
2182 352 2717 394 musarum-Mum
2773 339 2878 393 467

412 451 489 514 ad
520 452 731 514 actum
764 449 1083 514 moraliter
1108 451 1171 513 et
1195 450 1475 513 humano
1498 447 1703 524 modo,
1732 447 1983 524 sufficit,
2011 450 2084 513 ut
2108 449 2342 532 cogitet
2364 449 2438 513 (10
2469 469 2533 514 10
2557 450 2700 528 3113,
2721 470 2879 532 (1330

407 551 729 616 moraliter
758 553 959 635 possit
1002 551 1269 615 excitare
1326 570 1471 615 eum
1520 550 1597 613 ad
1644 550 2172 627 considerandum,
2214 552 2287 615 ut
2331 552 2386 614 si
2422 572 2481 615 v,
2513 572 2607 635 gr.
2649 552 2882 635 cogitet

408 653 481 718 (10
521 653 644 716 3113
674 672 739 716 10
787 652 974 716 3131111
1008 654 1106 717 vel
1153 653 1388 717 saltem
1422 653 1687 716 hahente
1718 653 2156 717 connexionem
2184 672 2327 716 cum
2358 653 2522 719 sacto
2554 654 2880 736 praesenti,

408 756 576 838 (13οᾶ
610 759 757 820 3013
789 755 1116 820 tenebatur
1149 755 1490 820 advertere.
1527 755 1738 832 Ratio,
1775 755 1924 836 quia
1954 755 2323 838 impotentia
2358 757 2614 822 moralis
2646 755 2723 820 ad
2746 774 2883 820 con-

410 858 870 923 siderandum...
907 859 1110 924 solum
1142 858 1465 941 provenire
1499 859 1706 940 potest
1751 877 1824 921 ex
1872 857 2112 922 defectu
2144 858 2469 923 excitantis
2508 859 2584 922 ad
2617 858 2884 923 conside-

409 960 675 1027 randum
707 961 804 1025 vel
843 960 1321 1035 advertendum;
1356 980 1502 1044 ergo
1537 961 1590 1023 si
1624 960 1799 1024 adest
1830 958 2101 1023 excitans
2133 959 2442 1025 sufficiens
2473 960 2878 1036 moraliter...,

414 1085 537 1131 non
569 1063 907 1148 reperietur
937 1064 1086 1128 talis
1116 1064 1484 1146 impotentia
1515 1087 1576 1125 2».

504 1169 675 1232 Haec
705 1168 954 1243 Zume13
993 1167 1102 1248 qui
1139 1175 1354 1231 utrum
1388 1186 1494 1249 per
1529 1165 1682 1229 haec
1718 1165 2127 1229 sufficientem
2160 1185 2375 1229 ansam
2413 1165 2647 1230 dederit
2678 1166 2882 1230 existi-

415 1271 643 1348 mandi,
672 1289 742 1334 ea
776 1270 853 1333 ab
886 1270 1019 1353 ipso
1052 1269 1171 1333 dici
1205 1287 1326 1333 303
1359 1269 1614 1332 0310333
1646 1267 1869 1343 solum,
1895 1269 2205 1349 quatenus
2233 1267 2382 1331 velit
2413 1268 2474 1330 in
2507 1267 2740 1331 talibus
2772 1268 2880 1331 ad-

414 1376 640 1440 iunctis
666 1375 859 1440 solere
884 1375 1087 1458 reipsa
1118 1375 1390 1438 mentem
1421 1371 1659 1437 moneri
1690 1371 1766 1436 (10
1798 1371 2005 1436 debito
2040 1371 2416 1448 advertendi,
2439 1371 2541 1436 sed
2565 1374 2882 1454 praeterea

412 1478 720 1559 (13310333
746 1477 916 1550 velit,
947 1477 1010 1540 in
1041 1477 1119 1540 iis
1154 1475 1463 1540 adiunctis
1500 1473 2020 1539 inadvertentiam
2052 1493 2181 1538 esse
2212 1475 2602 1557 culpabilem,
2638 1474 2885 1538 etiamsi

410 1579 714 1663 cogitatio
754 1578 826 1641 de
861 1578 1221 1642 advertendi
1269 1577 1475 1642 debito
1517 1577 1709 1640 menti
1747 1595 1870 1641 non
1912 1578 2213 1652 occurrat,
2264 1578 2373 1641 alii
2421 1577 2705 1641 viderint.
2750 1577 2882 1661 Ego

409 1683 621 1746 tamen
653 1679 921 1744 Sanchez
953 1680 1018 1743 et
1054 1679 1338 1760 Vasquez
1374 1697 1747 1754 excusarem,
1783 1679 1838 1741 si
1871 1681 2184 1760 postremo
2218 1679 2333 1744 1100
2366 1698 2548 1742 30333
2585 1679 2766 1743 illum
2798 1679 2885 1742 in-

412 1783 806 1846 tellexerunt.
830 1781 1003 1845 Licet
1035 1782 1199 1845 enim
1235 1780 1435 1844 adhuc
1466 1799 1573 1862 per
1602 1781 1729 1843 tres
1759 1780 1989 1844 solidas
2022 1781 2340 1845 columnas
2372 1800 2509 1845 03111
2556 1780 2884 1845 materiam

411 1886 871 1952 subtilitatibus
906 1885 1111 1950 taedio
1145 1885 1342 1967 plenis
1380 1885 1598 1960 verset,
1632 1884 1788 1947 nihil
1833 1883 2070 1962 inserit,
2103 1884 2269 1966 quod
2316 1885 2885 1966 aequivocationem

415 1991 629 2055 tollat:
659 1989 783 2052 imo
816 1987 966 2051 dum
992 1986 1361 2051 Caietanum
1399 1986 1891 2069 impugnandum
1925 1988 2208 2063 assumit,
2234 1986 2435 2068 reipsa
2465 1986 2528 2049 in
2554 1985 2883 2050 absurdam

416 2092 767 2175 opinionem
799 2090 1062 2153 incidere
1096 2088 1362 2166 videtur,
1405 2108 1593 2170 quam
1627 2087 1896 2152 Sanchez
1931 2090 1984 2152 ei
2024 2089 2297 2172 affingit3
2333 2107 2713 2170 quamquam
2744 2107 2886 2151 011111

417 2194 588 2279 prius
616 2192 1037 2257 voluntariam
1068 2192 1294 2256 dixerit
1319 2191 1857 2269 inadvertentiam,
1887 2193 2041 2256 satis
2072 2193 2233 2256 hunc
2265 2211 2532 2257 errorem
2565 2212 2600 2256 a
2632 2211 2696 2256 se
2721 2210 2887 2255 31110-

417 2296 577 2361 visse
618 2295 880 2370 videtur,
917 2293 1035 2358 nisi
1086 2293 1429 2376 desipuerit
1476 2312 1546 2358 eo
1597 2314 1812 2375 usque,
1846 2298 1920 2359 31
1966 2294 2392 2360 voluntarium
2439 2294 2679 2370 dixerit,
2721 2293 2885 2374 quod

419 2399 773 2463 nullatenus
812 2396 1227 2480 cognoscitur.

506 2500 892 2579 Deszpuerit,
921 2500 1202 2581 inquam.
1230 2497 1394 2562 Nam
1426 2497 1499 2562 (10
1524 2499 1850 2577 303103113,
1885 2518 2044 2581 (1330
2068 2500 2346 2564 sufficere
2368 2500 2536 2565 (11031
2558 2498 2888 2562 virtualem

415 2624 523 2668 seu
558 2602 1106 2681 interpretativum
1134 2600 1605 2678 advertentiam,
1640 2621 1678 2665 a
1723 2621 1849 2683 qua
1895 2603 2059 2668 absit
2103 2603 2416 2684 quaelibet
2446 2602 2740 2688 cognitio,
2774 2604 2889 2667 hoc

416 2705 613 2769 statui
644 2704 842 2780 debet,
890 2722 1012 2768 non
1043 2702 1159 2766 nisi
1194 2702 1595 2782 desipientem
1630 2705 1694 2767 et
1730 2704 1838 2785 qui
1869 2705 2126 2787 incapax
2158 2706 2242 2771 sit
2272 2706 2658 2791 intelligendi
2689 2704 2888 2789 prima

416 2807 794 2873 moralitatis
834 2806 1159 2880 elementa,
1187 2805 1312 2869 imo
1345 2806 1451 2886 qui
1489 2825 1699 2888 expers
1730 2807 1817 2869 sit
1846 2808 2190 2871 communis
2222 2808 2478 2872 humani
2509 2827 2742 2886 303333,
2778 2826 2887 2890 pro

415 2930 488 2975 ea
533 2912 701 2974 stare
732 2927 929 2992 posse.
970 2908 1135 2972 Hinc
1166 2927 1215 2971 s.
1254 2908 1611 2990 Alphonsus
1642 2909 1749 2973 lib.
1787 2910 1846 2973 5.
1881 2930 1939 2973 n.
1975 2910 2035 2973 4.
2060 2933 2073 2974 ε
2100 2934 2136 2968 «
2168 2908 2689 2989 Concludendum,
2723 2910 2890 2992 quod

418 3013 626 3096 opinio
673 3031 888 3076 eorum
938 3011 1029 3092 (si
1070 3009 1235 3089 forte
1282 3009 1564 3094 adsunt),
1598 3011 1706 3091 qui
1752 3011 1985 3085 dicunt,
2022 3014 2303 3094 operanti
2350 3014 2643 3076 adversus
2687 3013 2889 3095 legem

418 3113 816 3198 imputandos
850 3132 980 3177 esse
1021 3132 1231 3177 omnes
1265 3132 1520 3187 errores,
1556 3130 1712 3192 quos
1745 3113 2105 3183 committit,
2133 3113 2378 3176 etiamsi
2407 3114 2584 3175 nulla
2614 3131 2889 3192 unquam

420 3217 835 3281 intercesserit
885 3215 1151 3280 actualis
1203 3214 1589 3278 advertentia
1636 3233 1745 3277 nec
1791 3213 2020 3277 directe
2067 3232 2176 3276 300
2219 3213 2534 3290 indirecte,
2573 3214 2637 3276 in
2684 3232 2747 3276 se
2793 3214 2896 3277 vel

426 3319 489 3382 in
535 3339 740 3395 causa,
775 3319 1000 3382 saltem
1032 3318 1096 3380 in
1128 3315 1405 3391 conquO,
1443 3313 1547 3378 sed
1584 3316 1836 3378 tantum
1868 3315 2137 3379 adfuerit
2173 3315 2557 3380 advertentia
2603 3314 2895 3397 interpre-

427 3422 645 3498 tativa,
694 3423 757 3485 in
805 3422 921 3485 hoc
970 3420 1299 3484 dumtaxat
1345 3417 1709 3493 0033131033,
1757 3417 1925 3499 (13οᾶ
1971 3418 2101 3500 ipse
2137 3416 2351 3482 debuit
2397 3419 2461 3481 et
2505 3418 2715 3501 potuit
2759 3417 2894 3481 sola

425 3523 699 3605 potentia
733 3522 987 3606 physica
1020 3522 1083 3584 et
1116 3522 1359 3583 remota
1390 3518 1707 3583 malitiam
1731 3517 2069 3587 advertere.
2094 3517 2243 3583 haec
2273 3520 2481 3599 opinio
2510 3519 2687 3584 nullo
2718 3518 2895 3583 modo

419 3625 729 3688 sustineri
748 3626 957 3703 potest
988 3649 1048 3685 ».

508 3723 689 3798 496.
718 3727 801 3791 Et
835 3727 1160 3790 obscuram
1195 3725 1351 3788 hanc
1382 3724 1744 3808 disputandi
1775 3726 2080 3789 rationem
2112 3745 2352 3790 cernere
2384 3729 2479 3790 est
2509 3728 2699 3791 etiam
2733 3726 2897 3808 apud

416 3832 686 3897 Antoine
734 3830 809 3893 de
848 3829 1105 3894 Peccat.
1142 3848 1273 3912 cap.
1317 3831 1375 3893 2.
1411 3850 1469 3911 q.
1506 3831 1567 3892 4.
1604 3848 1762 3913 resp.
1801 3832 1860 3893 2.
1894 3829 2059 3894 Nam
2104 3830 2223 3894 iste
2269 3832 2517 3907 statuit,
2558 3855 2595 3889 «
2621 3831 2698 3895 ad
2728 3849 2895 3895 mor-

420 3935 611 3999 tale...
651 3933 934 3997 sufficere
971 3932 1425 3997 advertentiam
1475 3932 1810 3997 virtualem
1851 3935 1915 3996 et
1942 3932 2482 4015 interpretativam
2527 3933 2893 4007 malitiae...,

420 4037 484 4100 in
515 4055 586 4102 eo
626 4036 1089 4110 consistentem,
1129 4034 1295 4116 quod
1341 4035 1481 4116 quis
1526 4034 1727 4117 possit
1775 4053 1845 4097 ac
1890 4033 2111 4097 debeat
2158 4032 2473 4099 advertere
2520 4034 2893 4100 malitiam...

420 4159 529 4204 nec
561 4141 773 4203 tamen
821 4137 1112 4201 advertat
1141 4161 1203 4199 ».
1245 4135 1362 4201 Sed
1398 4138 1547 4202 licet
1581 4136 1719 4201 dein
1753 4155 1861 4219 per
1906 4136 2060 4200 duas
2109 4134 2337 4200 solidas
2374 4137 2693 4202 columnas
2740 4138 2898 4203 hanc

421 4241 735 4306 crambem
760 4242 982 4316 verset,
1012 4259 1355 4321 numquam
1392 4242 1600 4304 tamen
1632 4239 1915 4322 explicat,
1936 4259 2016 4303 an
2047 4259 2246 4305 sermo
2280 4240 2366 4304 sit
2395 4241 2470 4305 de
2502 4260 2592 4316 eo,
2619 4242 2727 4323 qui
2760 4242 2896 4308 ideo

425 4363 546 4409 non
579 4342 870 4419 advertit,
899 4341 1045 4422 (1313
1078 4342 1272 4407 301033
1306 4345 1370 4407 01
1406 4344 1618 4408 volens
1648 4343 1836 4407 libere
1875 4362 1996 4407 non
2028 4343 2164 4406 vult
2188 4343 2527 4408 advertere.
2562 4344 2764 4425 Quam
2796 4348 2898 4412 (10-

424 4446 695 4509 01113313
726 4442 941 4508 deinde
974 4445 1136 4508 male
1161 4443 1313 4508 dicit
1343 4464 1762 4522 communem3
1792 4466 1934 4510 0313
1971 4466 2090 4511 303
2115 4449 2376 4523 constet,
2403 4467 2740 4529 quamnam
2770 4470 2899 4515 sen-

428 4547 697 4612 tentiam
729 4547 1080 4629 propugnet
1113 4548 1225 4610 331
1264 4547 1604 4631 impugnet.
