3529 5158
365 399 507 475 [604]
893 414 977 454 rm
1012 411 1428 455 onmoxnoma
1465 408 1801 450 commui
1840 407 2039 451 1101113
2075 408 2296 449 camus
2714 393 2822 448 548

366 509 543 576 mode
574 510 901 575 rationem.
938 512 1007 574 2⁰
1045 511 1234 574 Estne
1264 510 1416 574 haec
1446 508 1629 582 ratio,
1662 527 1788 589 qua
1819 507 2131 589 probetur,
2164 507 2382 590 culpae
2404 507 2661 572 venialis
2692 527 2822 573 esse

365 631 558 690 reum,
599 612 655 676 si
691 614 829 695 quis
861 633 986 678 non
1023 613 1361 695 reprimat?

452 709 630 784 6113.
684 714 771 779 Ut
824 734 971 798 ergo
1027 714 1344 797 quidpiam
1393 712 1680 790 nitidum,
1727 712 1896 776 hisce
1940 711 2255 794 impeditis
2300 712 2823 794 speculationibus

366 815 672 898 sepositis,
723 817 1083 894 habeamus,
1133 819 1282 881 haec
1313 817 1519 899 capita
1564 815 1885 880 doctrinae
1928 815 2128 879 statui
2172 814 2412 880 debent.

547 919 616 980 10
664 917 966 998 Quaestio
1013 937 1138 983 non
1184 917 1424 982 infinite
1470 918 1543 982 de
1590 917 1914 998 quibusvis
1957 917 2234 981 motibus
2277 917 2372 993 fit,
2420 917 2525 982 sed
2569 917 2644 981 de
2687 936 2826 981 con-

367 1020 780 1102 cupiscentiae
824 1021 1102 1086 motibus
1148 1040 1290 1085 cum
1337 1020 1744 1085 delectatione
1792 1019 2044 1096 carnali,
2095 1037 2173 1082 an
2220 1021 2506 1085 teneatur
2550 1020 2690 1102 quis
2720 1038 2824 1083 eos

366 1122 698 1205 reprimere
743 1124 1027 1207 positive.

546 1228 617 1289 2⁰
646 1226 928 1291 Positiva
966 1226 1321 1292 resistentia
1358 1245 1468 1289 seu
1514 1225 1834 1308 repressio,
1867 1224 1942 1288 de
1973 1243 2097 1306 qua
2128 1224 2261 1288 heic
2292 1225 2522 1309 agitur,
2562 1244 2684 1289 11011
2731 1224 2827 1287 031

367 1347 573 1393 merus
607 1331 783 1394 actus
816 1329 1113 1412 simplicis
1160 1328 1583 1411 displicentiae
1620 1326 1694 1391 de
1724 1327 1836 1391 illa
1866 1327 2293 1404 delectatione,
2332 1327 2464 1391 sive
2499 1326 2583 1390 sit
2617 1326 2827 1409 displi-

365 1432 567 1496 centia
613 1432 736 1495 ista
780 1431 1070 1510 formulas
1102 1432 1231 1496 sive
1276 1431 1501 1495 saltem
1544 1428 1861 1506 virtualis,
1894 1447 2110 1511 nempe
2154 1430 2218 1492 in
2267 1429 2390 1493 alio
2440 1430 2585 1493 actu
2630 1448 2690 1491 v,
2729 1448 2823 1512 gr.

366 1534 674 1618 propositi
704 1535 1162 1615 quodammodo
1197 1534 1470 1610 inclusa3
1506 1551 1649 1596 cum
1679 1550 1805 1612 qua
1835 1530 2223 1613 displicentia
2253 1533 2418 1595 stare
2450 1531 2657 1613 potest
2690 1549 2828 1594 con-

365 1637 521 1701 ditio
568 1636 837 1701 hominis
887 1636 1163 1717 alioquin
1200 1636 1442 1718 passive
1474 1652 1547 1697 ac
1574 1634 1934 1715 permissive
1965 1632 2171 1714 quoad
2201 1633 2344 1697 illos
2373 1635 2584 1696 motus
2622 1652 2686 1696 se
2723 1634 2829 1696 ha-

366 1739 591 1814 bentis,
618 1740 692 1801 ut
715 1737 895 1801 facile
918 1738 1095 1819 patet
1116 1737 1178 1800 in
1205 1755 1296 1813 eo,
1324 1736 1431 1816 qui
1455 1753 1577 1799 non
1602 1738 1805 1800 cessat
1827 1755 1864 1798 a
1887 1735 2183 1817 quapiam
2205 1735 2510 1799 bonorum
2540 1737 2827 1799 motuum

366 1858 577 1917 causa,
611 1859 669 1903 v.
703 1858 797 1924 gr.
830 1839 1093 1904 lectione
1123 1839 1285 1902 libri.

550 1943 622 2005 3ο
651 1941 793 2006 Νο11
837 1941 912 2005 fit
960 1941 1243 2024 quaestio
1276 1941 1350 2007 de
1379 1941 1478 2018 iis,
1519 1942 1629 2024 qui
1660 1941 1892 2006 habent
1927 1941 2161 2006 iustam
2198 1960 2472 2019 causam,
2505 1961 2615 2005 cur
2644 1941 2830 2024 repri-

367 2045 607 2110 mendis
638 2045 942 2110 eiusmodi
972 2045 1247 2109 motibus
1278 2064 1401 2110 non
1448 2045 1743 2110 insistant
1774 2047 1838 2110 et
1874 2063 1984 2128 pro
2017 2045 2242 2127 quibus
2279 2045 2546 2110 sufficiet
2589 2044 2830 2127 praedi-

368 2151 508 2214 ctus
557 2150 733 2212 actus
781 2148 880 2212 vel
924 2148 1203 2212 formalis
1252 2149 1348 2212 vel
1396 2148 1684 2212 virtualis
1729 2148 2185 2231 displicentiae;
2233 2147 2307 2212 de
2352 2148 2577 2230 quibus
2622 2166 2758 2231 sup.
2793 2168 2830 2210 a

369 2274 428 2317 n.
465 2254 618 2317 595.
658 2252 894 2317 dictum
941 2254 1055 2316 est.

459 2351 638 2426 604.
680 2353 974 2434 Quaestio
1009 2373 1155 2439 ergo
1195 2357 1290 2418 est
1320 2356 1409 2431 4⁰,
1447 2375 1524 2418 311
1570 2356 1634 2418 111
1674 2355 1814 2418 31113
1860 2354 2124 2433 casibuS,
2158 2356 2223 2419 in
2254 2356 2481 2437 quibus
2518 2355 2693 2418 nulla
2739 2373 2832 2417 ra·

372 2457 691 2522 tionabilis
738 2474 926 2520 causa
957 2456 1171 2519 subest
1218 2474 1340 2520 non
1384 2456 1754 2539 reprimendi
1802 2457 1985 2521 hosce
2026 2458 2239 2521 motus
2271 2476 2343 2521 ac
2371 2457 2829 2534 delectationes,

370 2561 659 2625 teneatur
690 2560 829 2642 quis
861 2560 1106 2643 praeter
1142 2559 1316 2624 illam
1355 2559 1699 2625 voluntatis
1731 2559 2203 2643 displicentiam,
2237 2579 2427 2643 quam
2457 2560 2834 2627 inefficacem

372 2664 779 2748 supponimus
828 2663 905 2727 ad
951 2665 1164 2728 motus
1194 2663 1630 2746 reprimendos,
1671 2662 1845 2728 aliud
1875 2663 2126 2745 aliquod
2157 2663 2428 2728 medium
2462 2665 2541 2729 ad
2571 2665 2633 2729 id
2666 2665 2834 2729 adhi-

370 2765 526 2841 bere,
581 2767 698 2829 sub
743 2765 923 2850 gravi
972 2765 1351 2850 obligatione
1384 2785 1461 2829 an
1494 2766 1611 2829 sub
1655 2765 1797 2830 levi.
1846 2764 1930 2829 Et
1973 2765 2119 2840 dixi,
2158 2765 2580 2849 displicentiae
2619 2770 2834 2832 actum

373 2868 645 2948 supponi
689 2868 1110 2948 inefficacem;
1157 2868 1305 2950 quia
1351 2869 1404 2932 si
1448 2869 1661 2932 motus
1692 2869 1858 2933 esset
1901 2868 2222 2946 eiusmodi,
2273 2868 2352 2933 ad
2407 2889 2591 2952 quem
2650 2870 2839 2953 repri-

370 2973 664 3036 mendum
720 2973 896 3036 actus
952 2971 1054 3035 ille
1110 2971 1533 3055 displicentiae
1581 2972 1910 3047 sufficeret,
1967 2972 2094 3035 iam
2149 2972 2305 3035 nihil
2363 2973 2628 3035 ulterius
2674 2974 2837 3036 esset

369 3075 825 3158 inquirendum,
875 3094 983 3140 nec
1030 3077 1195 3139 esset
1241 3075 1558 3155 inefficax.

549 3179 620 3242 5⁰
651 3177 883 3242 Exinde
914 3177 1121 3241 minus
1160 3177 1445 3260 attigisse
1476 3196 1605 3241 rem
1640 3176 1886 3240 videtur
1916 3196 1964 3239 3.
1999 3176 2183 3258 Alph.
2219 3176 2369 3257 (vid.
2404 3194 2539 3258 sup.
2566 3196 2626 3238 n.
2655 3178 2835 3259 201.)

381 3281 626 3360 (111311ᾶο
674 3279 1010 3363 positivam
1049 3278 1485 3354 resistentiam,
1521 3296 1644 3359 qua
1675 3277 2038 3341 cohibeatur
2082 3294 2339 3342 venerea
2386 3276 2735 3354 delectatio,
2773 3279 2837 3342 in

384 3380 498 3444 hoc
541 3381 966 3465 displicentiae
1014 3381 1159 3444 actu
1207 3381 1488 3445 constare
1547 3381 1858 3443 autumat.
1907 3380 2043 3444 Imo
2090 3399 2138 3443 3.
2188 3380 2373 3463 Alph.
2422 3381 2671 3445 tantum
2717 3399 2838 3445 non

384 3484 790 3549 accensendus
823 3483 1137 3549 videretur
1173 3481 1569 3558 AuctoribuS,
1610 3482 1718 3563 qui
1755 3481 1994 3546 nullam
2032 3485 2376 3566 agnoscunt
2412 3484 2476 3548 in
2511 3483 2840 3548 omissione

380 3586 686 3666 positivae
732 3586 1122 3650 resistentiae
1169 3585 1436 3667 culpam.
1476 3584 1639 3648 Nam
1686 3585 1758 3662 is,
1807 3603 1930 3650 non
1977 3604 2150 3650 secus
2199 3606 2269 3651 ac
2315 3587 2427 3666 illi,
2462 3588 2616 3652 satis
2654 3588 2840 3669 putat

373 3705 502 3752 esse
548 3689 976 3773 displicentiae
1010 3690 1239 3752 actum.
1275 3688 1356 3752 Et
1388 3688 1440 3751 si
1478 3688 1643 3751 hunc
1673 3688 1951 3752 sufficere
1985 3690 2170 3771 putat
2200 3691 2446 3771 quando
2494 3691 2706 3755 subest
2742 3710 2841 3771 pe-

378 3791 646 3855 riculum
694 3810 1046 3868 consensuS,
1083 3810 1119 3854 a
1149 3790 1397 3855 fortiori
1429 3790 1837 3855 sufficientem
1875 3791 2148 3869 dixisset,
2181 3792 2291 3856 ubi
2335 3794 2452 3857 hoc
2497 3791 2838 3874 periculum

378 3892 566 3958 abest.

558 3997 629 4060 6⁰
659 3996 919 4077 Quando
964 3997 1129 4061 absit
1160 3996 1501 4080 periculum
1548 4015 1899 4075 consensuS,
1927 3997 2168 4061 fatente
2198 4016 2246 4060 s.
2282 3997 2465 4080 Alph.
2500 3995 2651 4078 (vid.
2701 4016 2836 4080 sup.

383 4118 441 4162 11.
483 4102 686 4185 200.),
722 4121 866 4166 vera
905 4102 1001 4166 est
1032 4101 1357 4177 sententia,
1399 4118 1557 4183 quae
1588 4100 1785 4178 docet,
1821 4101 2215 4165 omissionem
2252 4100 2618 4184 reprimendi
2658 4102 2841 4166 hosce

377 4204 589 4268 motus
636 4223 744 4287 per
791 4204 1044 4286 aliquod
1092 4202 1262 4268 aliud
1307 4202 1600 4279 medium,
1649 4222 1834 4284 quem
1881 4204 1965 4267 sit
2010 4203 2397 4286 displicentia
2441 4204 2572 4277 illa,
2605 4203 2679 4268 de
2716 4223 2840 4286 qua

382 4323 590 4389 supra,
640 4326 876 4371 meram
918 4327 1048 4372 esse
1086 4308 1334 4390 culpam
1368 4306 1688 4371 venialem.
1720 4307 1859 4370 Imo
1906 4326 2048 4370 cum
2085 4326 2134 4369 s.
2167 4308 2521 4391 Alphonsus
2551 4309 2614 4371 in
2653 4327 2725 4371 ea
2758 4308 2845 4371 af-

380 4410 733 4477 firmatione
765 4413 1004 4478 nullam
1035 4415 1339 4481 rationem
1373 4414 1660 4479 habuisse
1692 4414 1937 4479 videtur
1968 4416 2153 4480 huius
2193 4417 2368 4480 actus
2398 4416 2839 4500 displicentiae,

382 4512 605 4577 saltem
650 4514 957 4593 formalis,
1007 4517 1163 4580 nihil
1211 4517 1381 4581 aliud
1427 4519 1586 4582 forte
1632 4518 1873 4601 exigere
1918 4517 2048 4601 ipse
2096 4518 2357 4597 videtur,
2396 4539 2582 4601 quam
2633 4521 2841 4584 actum

386 4615 549 4681 hunc
587 4616 1030 4702 displicentiae,
1065 4621 1139 4684 111
1170 4619 1286 4684 dici
1322 4622 1535 4703 possit,
1575 4622 1929 4703 quempiam
1961 4623 2120 4686 satis
2149 4625 2212 4687 et
2237 4624 2503 4703 positive
2533 4625 2842 4696 resistere,
