3529 5158
705 330 820 386 610
1210 341 1422 383 mer.
1462 342 1542 382 tv.
1581 341 1666 381 Dm
1701 340 2008 382 Pmoa‘rffl.
2049 340 2248 381 carm·
2285 340 2377 379 111.
2415 339 2560 381 nun.
2597 340 2659 380 11.
3028 322 3178 399 [709]

703 440 941 505 feratur
965 439 1215 503 caritati
1240 439 1355 502 Dei
1385 439 1484 503 vel
1515 438 1798 522 proximi,
1824 439 1890 502 et,
1916 437 2003 501 sic
2034 437 2154 502 erit
2185 439 2507 520 peccatum
2537 437 2836 502 mortale:
2871 437 2923 500 si
2956 439 3171 502 autem

704 542 883 606 tanta
929 561 1051 607 non
1100 542 1184 605 sit
1228 540 1601 605 inordinatio
1651 541 1837 605 huius
1885 540 2134 617 amoriS,
2184 541 2506 623 peccatum
2553 540 2672 604 erit
2719 539 2975 603 veniale.
3009 540 3165 604 Ibid.

703 643 936 708 a.4.*

717 820 725 831 ,
809 770 916 823 LX.
942 772 1090 836 Roep.
1119 773 1168 823 2.
1195 769 1347 823 Filiae
1383 768 1633 824 Avaritiae
1669 778 1782 823 sunt
1819 777 2095 835 sequentes.

812 856 858 905 l.
886 854 1159 908 obduratio
1195 854 1361 908 cordis
1390 858 1581 920 (contra
1613 853 2024 923 misericordiam)
2052 853 2219 919 egenis
2257 860 2306 907 ct
2345 851 2647 920 pauperibus
2687 866 2782 904 non
2808 851 3168 918 compatiendo,

699 954 787 993 eos
828 938 1147 1003 obiurgando,
1175 939 1338 993 debita
1366 940 1487 993 dure
1513 938 1656 993 nimis
1695 938 1951 1005 exigendo,
1977 941 2172 1005 quando
2197 936 2409 991 creditor
2437 952 2529 989 non
2557 943 2632 989 est
2659 937 2898 989 solvendo
2935 941 3030 990 etc.
3066 938 3170 990 Hac

700 1024 963 1091 aliquando
1001 1023 1196 1091 peccari
1229 1032 1389 1092 potest
1415 1024 1699 1088 mortaliter,
1726 1027 1921 1091 quando
1962 1031 2276 1091 praeceptum
2303 1026 2645 1087 eleemosynae
2674 1024 2751 1075 vel
2778 1021 2996 1075 caritatis
3023 1029 3168 1085 urget

697 1114 748 1163 et
786 1116 946 1163 tamen
985 1124 1048 1162 ex
1077 1109 1161 1162 tali
1185 1109 1365 1162 duritia
1397 1123 1492 1163 non
1524 1110 1831 1164 subvenitur.
1859 1112 2032 1163 Navar.
2060 1125 2101 1163 c.
2128 1110 2212 1162 27.
2238 1110 2347 1163 Tol.
2377 1112 2408 1162 Ι.
2437 1112 2486 1161 8.
2512 1124 2555 1160 c.
2586 1110 2671 1161 26.
2706 1105 2837 1160 Vide
2872 1106 3077 1159 dicenda
3102 1108 3167 1160 de

694 1193 895 1248 caritate
932 1194 1161 1260 proximi.

807 1282 855 1331 2.
884 1278 1171 1344 inquietudo
1209 1279 1389 1342 cordis,
1419 1283 1511 1333 boc
1550 1287 1625 1332 est
1665 1285 1929 1334 venemens
1966 1287 2014 1333 et
2059 1278 2334 1333 inordinata
2380 1277 2643 1346 applicatio
2685 1276 2863 1331 mentis
2904 1277 2965 1329 ad
3007 1276 3169 1342 acqui·

695 1365 876 1417 rendas
914 1367 991 1416 vel
1018 1367 1381 1417 conservandas
1406 1364 1621 1429 divitias,
1647 1380 1756 1417 cum
1783 1364 1914 1417 inani
1939 1372 1981 1417 et
2013 1377 2140 1416 vano
2169 1363 2360 1428 timore,
2390 1378 2451 1416 ne
2476 1378 2571 1416 non
2613 1360 2928 1428 acquirantur
2955 1363 3032 1414 vel
3059 1376 3164 1426 per·

697 1450 892 1502 dantur.
915 1452 1000 1501 Est
1027 1448 1261 1513 mortalis
1282 1451 1475 1515 quando
1498 1449 1704 1503 retrahit
1729 1464 1754 1502 a
1783 1448 2122 1515 spiritualibus
2146 1451 2223 1501 vel
2257 1447 2382 1512 aliiS‚
2403 1449 2462 1500 ad
2489 1462 2614 1514 quae
2655 1460 2715 1499 ex
2737 1450 2998 1513 praecepto
3023 1446 3163 1509 gravi

697 1532 973 1597 obligamur
988 1534 1060 1599 (v.
1082 1547 1154 1598 gr.
1182 1533 1430 1587 auditione
1452 1534 1652 1605 Missae)
1678 1538 1754 1587 vel
1781 1534 1967 1588 inducit
1995 1536 2294 1600 superfluum
2323 1533 2539 1586 timorem
2569 1539 2615 1585 et
2642 1546 2703 1585 ex
2730 1534 2825 1584 boc
2845 1530 3164 1583 diffidentiam

695 1632 812 1681 erga
853 1621 1026 1671 Deum.
1056 1617 1279 1671 venialis
1308 1626 1398 1679 est,
1435 1619 1477 1673 si
1516 1619 1579 1673 sit
1619 1621 1680 1672 de
1714 1634 1768 1671 re
1808 1621 1948 1675 bona.
1990 1620 2075 1671 sed
2108 1625 2327 1684 tempore
2369 1619 2447 1671 vel
2486 1618 2596 1670 loco
2632 1615 2871 1676 indebito,
2915 1629 2964 1665 v.
3001 1629 3076 1678 gr.
3102 1617 3166 1669 de

695 1701 890 1767 familia,
918 1716 1095 1770 messe,
1117 1702 1377 1769 vindemia,
1399 1706 1595 1770 quando
1619 1704 1729 1770 quis
1754 1711 1829 1758 est
1853 1704 1902 1757 in
1929 1708 2110 1769 templo
2142 1705 2218 1757 vel
2249 1704 2516 1756 vacandum
2544 1709 2619 1756 est
2643 1703 2751 1755 Deo
2775 1716 2817 1755 ε.
2838 1703 3015 1754 Tuom.
3037 1703 3088 1754 2.
3109 1703 3165 1755 2.

692 1804 740 1855 q.
767 1790 853 1842 55.
882 1805 926 1842 a.
955 1794 1002 1844 6.
1032 1790 1201 1855 Regin.
1230 1794 1261 1843 l.
1289 1794 1375 1844 23.
1401 1806 1445 1845 c.
1474 1796 1523 1844 2.
1551 1807 1597 1857 q.
1627 1794 1675 1845 5.
1706 1794 1880 1845 Escob.

799 1876 849 1927 3.
879 1874 1142 1929 Violentia.
1172 1876 1391 1929 Mortalis
1417 1883 1508 1938 est,
1535 1878 1727 1943 quando
1753 1882 1829 1929 est
1853 1871 2032 1929 iniusta
2058 1882 2106 1929 et
2131 1875 2258 1929 circa
2287 1873 2534 1928 materiam
2559 1888 2775 1938 gravem.

799 1960 849 2012 4.
878 1959 1085 2014 Fallacia
1112 1960 1221 2013 sive
1249 1961 1395 2014 dolus
1418 1960 1468 2013 in
1498 1961 1679 2013 verbis.
1712 1964 1876 2014 Potest
1901 1975 2010 2013 esse
2036 1960 2274 2019 mortalis,
2301 1959 2489 2013 ratione
2515 1957 2625 2011 linis
2650 1961 2729 2012 vel
2755 1958 3048 2011 mediorum.

799 2045 849 2095 5.
882 2046 1037 2098 Fraus
1072 2043 1177 2099 sive
1215 2046 1358 2098 dolus
1395 2044 1442 2098 in
1484 2049 1625 2100 tacto.
1653 2049 1740 2099 Est
1767 2044 1990 2098 mortalis
2014 2059 2075 2099 ex
2114 2059 2292 2109 genere
2329 2058 2421 2098 suo
2456 2042 2789 2108 contingitque
2816 2042 3156 2108 multipliciter

685 2128 737 2182 in
776 2130 1127 2194 contractibus,
1152 2138 1251 2183 tam
1280 2131 1470 2184 ratione
1510 2130 1739 2184 materiae
1769 2130 1839 2196 (v.
1872 2146 1944 2194 gr.
1971 2130 2012 2183 si
2037 2144 2093 2183 ea
2124 2128 2295 2182 vitium
2332 2130 2509 2182 babeat
2535 2128 2615 2181 vel
2640 2141 2737 2181 non
2764 2126 2844 2188 sit,
2869 2126 3033 2193 qualis
3058 2124 3159 2180 exi·

686 2213 934 2281 stimatur)
964 2230 1108 2281 quam
1137 2215 1325 2269 ratione
1351 2216 1511 2283 pretii.
1541 2218 1717 2269 Navar.
1744 2232 1788 2269 c.
1815 2219 1899 2269 23.
1927 2218 2035 2270 Tol.
2067 2219 2098 2269 l.
2126 2219 2176 2267 8.
2204 2231 2249 2269 c.
2278 2216 2360 2268 47.
2396 2217 2570 2268 Escob.

794 2301 843 2351 6.
871 2300 1108 2366 Ρτοᾰίῑίο,
1138 2316 1261 2367 quae
1302 2309 1377 2355 est
1414 2301 1640 2369 deceptio
1666 2308 1833 2354 contra
1861 2303 2003 2354 fldem
2038 2303 2197 2353 datam
2225 2306 2308 2353 aut
2343 2299 2574 2364 debitam,
2599 2298 2647 2351 in
2676 2301 2897 2353 damnum
2925 2298 3150 2351 alicuius.

684 2384 903 2439 Mortalis
941 2391 1016 2439 est
1040 2401 1100 2439 ex
1127 2401 1301 2449 genere
1331 2402 1437 2441 suo,
1466 2386 1712 2449 Contingit
1744 2390 1843 2439 rere
1881 2384 2152 2451 tripliciter,
2181 2387 2227 2436 t.
2256 2384 2383 2437 circa
2425 2398 2678 2451 personaS,
2705 2398 2802 2449 quo
2826 2384 2966 2435 modo
2996 2384 3151 2434 Judas

683 2468 947 2533 Christum,
980 2470 1137 2524 Dalila
1164 2474 1481 2537 Sampsonem
1509 2471 1746 2538 prodidit:
1778 2476 1826 2524 2.
1853 2470 1980 2524 circa
2008 2484 2105 2531 res.
2134 2470 2212 2523 vel
2235 2468 2513 2522 immobiles
2536 2466 2616 2538 (ut
2642 2468 2683 2521 si
2712 2467 2853 2521 miles
2874 2465 3150 2520 manilestet

687 2553 817 2608 hosti
845 2556 1044 2609 modum
1064 2555 1287 2622 capiendi
1316 2556 1499 2627 arcem)
1528 2560 1605 2611 vel
1633 2556 1855 2618 mobiles,
1879 2565 1929 2609 ut
1957 2554 1998 2608 si
2027 2552 2298 2621 pecuniam,
2319 2561 2504 2608 vestem
2530 2558 2623 2608 etr..
2651 2550 2922 2620 cuiuspiam
2952 2554 3154 2606 abscon·

686 2639 836 2692 ditam
875 2641 1110 2705 praedoni
1148 2645 1405 2695 ostendas:
1438 2645 1484 2695 3.
1514 2642 1641 2694 circa
1682 2648 1941 2702 secretum,
1981 2644 2055 2694 vel
2097 2639 2191 2692 sibi
2229 2639 2541 2693 commissum
2583 2639 2849 2692 revelando
2886 2639 3043 2703 (quod
3081 2646 3156 2691 est

685 2730 855 2777 contra
896 2725 1177 2779 fidelitatem
1216 2734 1265 2780 et
1297 2726 1550 2790 iustitiam,
1580 2726 1818 2794 siquidem
1860 2725 2153 2793 promissum
2193 2724 2310 2791 tuit3
2337 2724 2446 2790 quia
2471 2732 2546 2777 est
2571 2730 2766 2790 pactum
2791 2737 3077 2786 onerosum,
3103 2730 3155 2777 ut

687 2810 832 2861 docet
857 2807 969 2862 Car.
998 2807 1062 2863 de
1088 2811 1226 2880 Luq.
1258 2811 1382 2877 disp.
1418 2813 1496 2864 tt.
1525 2827 1570 2865 n.
1601 2813 1719 2864 ⁴39.
1746 2817 1796 2864 et
1824 2810 2021 2876 quidem
2052 2811 2273 2873 mortale,
2305 2808 2346 2862 si
2374 2808 2662 2875 praevidere
2690 2806 2851 2874 possis
2877 2807 2994 2861 inde
3020 2822 3155 2861 secu-

684 2899 850 2947 turum
869 2892 1083 2949 notabile
1104 2895 1311 2949 aliorum
1332 2897 1557 2950 damnum
1582 2899 1657 2950 vel
1678 2895 1974 2949 discordiam
1986 2911 2000 2963 ;
2015 2895 2136 2949 alias
2157 2894 2368 2962 veniale)
2394 2898 2468 2948 vel
2494 2893 2675 2948 alienas
2698 2893 2862 2948 literas
2883 2893 3152 2960 aperiendo

682 2983 732 3031 et
757 2978 1130 3042 legonaoouod
1161 2988 1459 3048 postremum
1485 2979 1527 3033 si
1552 2982 1606 3033 fit
1631 2979 1743 3032 ideo
1771 2988 1822 3034 ut
1848 2979 1976 3033 scias
2001 2986 2187 3034 secreta
2214 2978 2435 3041 alteriuS,
2460 2987 2537 3032 est
2560 2977 2836 3040 curiositas,
2863 2986 2916 3032 et
2941 2978 2983 3032 si
3010 2979 3073 3032 sit
3102 2979 3150 3031 in

679 3077 732 3116 re
756 3063 909 3129 gravi,
930 3077 1017 3130 per
1043 3079 1095 3118 se
1125 3071 1199 3118 est
1226 3068 1460 3118 mortale:
1483 3067 1613 3131 quod
1634 3065 1745 3130 quia
1773 3064 2093 3119 communiter
2110 3072 2223 3118 ante
2242 3063 2542 3131 apertionem
2567 3062 2801 3126 nescitur,
2822 3064 3152 3118 communiter

678 3161 789 3201 esse
813 3150 1036 3213 mortale,
1062 3152 1257 3204 docent.
1283 3151 1395 3204 Tol.
1422 3154 1455 3203 1.
1479 3151 1531 3203 7.
1559 3165 1601 3204 c.
1631 3150 1713 3203 45.
1747 3151 1883 3202 Bald.
1914 3152 1943 3203 Ι.
1970 3151 2018 3202 3.
2049 3152 2097 3203 d.
2129 3152 2212 3203 ⁴⁴.
2241 3151 2363 3204 Nav.
2387 3164 2431 3203 c.
2459 3163 2568 3216 pen.
2596 3150 2646 3201 d.
2673 3152 2724 3202 6.
2750 3147 2816 3203 de
2842 3149 3010 3204 Poena.
3038 3151 3146 3204 Mol.

681 3233 854 3298 Laym.
879 3229 913 3285 l.
942 3237 990 3287 3.
1018 3240 1051 3288 t.
1074 3237 1123 3287 3.
1150 3250 1196 3301 p.
1228 3238 1274 3288 l.
1300 3250 1344 3288 c.
1382 3235 1428 3288 4.
1456 3234 1558 3300 (qui
1586 3233 1736 3295 addit,
1762 3249 1894 3300 eum,
1920 3234 2000 3300 qui
2029 3236 2201 3289 dolose
2238 3233 2421 3288 alienas
2446 3233 2614 3288 literas
2642 3233 2795 3300 aperit
2819 3241 2870 3286 et
2896 3233 3015 3298 legit
3038 3249 3147 3288 cum

680 3317 885 3371 alterius
908 3317 1086 3372 iniuria
1113 3322 1194 3373 vel
1220 3321 1412 3384 damno,
1436 3319 1621 3373 crimen
1649 3318 1874 3372 falsitatis
1894 3319 2231 3384 committere).
2256 3319 2387 3386 Dixi,
2402 3333 2506 3389 per
2523 3333 2584 3374 ae
2606 3332 2723 3374 erae
2738 3318 3016 3385 morum,-
3035 3319 3148 3385 qnia

680 3416 769 3468 per
792 3402 1019 3457 accidens
1044 3410 1342 3470 potestesse
1368 3403 1560 3457 veniale
1591 3406 1667 3457 vel
1695 3406 1898 3467 nullum,
1929 3403 1973 3457 si
2002 3403 2214 3469 legitima
2247 3404 2553 3467 auctoritate,
2579 3403 2708 3457 iusta
2735 3417 2798 3457 ex
2823 3417 2973 3457 cansa
3002 3407 3102 3458 flat.

766 3523 942 3598 709.
978 3530 1011 3567 *
1046 3529 1220 3594 Nihil
1268 3530 1633 3609 addendum,
1670 3530 1792 3594 nisi
1824 3530 1989 3612 quod
2021 3530 2377 3596 huiusmodi
2426 3530 2581 3595 vitia
2619 3549 2689 3593 ex
2723 3529 2866 3594 aliis
2899 3549 3144 3614 quoque

675 3631 879 3694 causis
924 3630 1233 3710 finalibus),
1274 3636 1517 3716 praeter
1551 3650 1826 3697 amorem
1853 3632 2280 3698 inordinatum
2325 3633 2708 3710 divitiarum,
2742 3630 3145 3697 determinari

672 3734 951 3815 possunt.

763 3833 1052 3901 Ceterum
1077 3837 1172 3901 his
1197 3836 1320 3903 fere
1354 3840 1639 3906 omnibus
1671 3843 1844 3908 locus
1871 3862 2020 3907 suus
2054 3840 2171 3906 erit
2202 3840 2264 3903 in
2298 3859 2464 3922 seqq.
2499 3838 2937 3912 Tractatibusz
2977 3836 3140 3919 quod

669 3937 849 4002 facile
884 3938 1079 4004 lector
1115 3960 1221 4024 per
1259 3961 1322 4006 se
1354 3942 1557 4026 ipsum
1592 3947 1800 4028 potest
1830 3946 2124 4009 divinare.

760 4039 1117 4125 Sequuntur
1150 4043 1603 4127 Resolutiones,
1631 4068 1787 4131 quas
1818 4049 1892 4113 A.
1929 4047 2106 4131 ponit
2135 4046 2199 4111 in
2232 4046 2482 4131 speciali
2514 4045 2780 4110 materia
2802 4045 2879 4110 de
2903 4044 3132 4108 secreto

670 4142 907 4208 violato
940 4145 1027 4226 (n.
1065 4145 1184 4228 3.):
1220 4166 1341 4228 qua
1373 4147 1447 4211 de
1480 4168 1544 4212 re
1583 4169 1694 4214 nos
1726 4150 2054 4231 loquemur
2089 4150 2204 4213 sub
2244 4148 2303 4212 8.
2344 4146 2701 4231 Praecepto.
2737 4148 2772 4186 *

1395 4304 1573 4370 Unde
1618 4306 2019 4371 resolvuntur
2063 4305 2132 4369 hi
2184 4305 2404 4371 Cama-s.

722 4516 735 4531 .
773 4434 900 4488 LXt.
944 4438 990 4489 t.
1022 4435 1211 4492 Literas
1250 4437 1435 4492 alienas
1473 4439 1666 4506 aperire
1704 4447 1752 4493 et
1793 4442 1969 4506 legere,
1998 4456 2145 4509 saepe
2183 4457 2280 4496 non
2319 4450 2393 4497 est
2432 4450 2700 4510 peceatum,
2726 4444 2769 4499 si
2811 4445 3138 4512 probabiliter

666 4532 810 4584 scias,
834 4519 1043 4587 scriptas
1059 4535 1168 4576 esse
1193 4522 1243 4576 in
1271 4529 1406 4577 tuum
1432 4522 1662 4578 iniustum
1684 4527 1914 4580 damnum
1941 4529 2019 4581 vel
2045 4527 2094 4582 in
2119 4527 2341 4583 iniuriam
2367 4536 2499 4584 tuam
2519 4531 2713 4595 cedere,
2735 4546 2888 4598 quam
2912 4533 3138 4588 intendas

664 4609 921 4669 avertere3
941 4603 1052 4669 quia
1073 4612 1215 4672 potes
1235 4606 1324 4660 tibi
1341 4611 1614 4663 consulere.
1632 4609 1712 4663 Sic
1733 4609 1960 4680 princeps
1979 4620 2142 4678 potest
2166 4612 2356 4681 aperire
2377 4613 2548 4670 literas
2567 4630 2662 4670 non
2682 4622 2872 4671 tantum
2895 4617 3131 4680 hostium,
