3529 5158
675 348 746 401 26
1123 361 1337 402 111161.
1377 361 1417 402 1.
1456 361 1542 401 mn
1578 359 1837 402 munus
1874 362 2169 404 nummus.
2207 358 2407 403 cun-1·
2444 361 2508 402 11.
2545 348 2597 417 g.
2638 346 2691 399 2.
3029 345 3138 421 [30]

674 458 974 533 luxuriae,
1024 477 1182 539 quae
1229 457 1313 520 sit
1358 459 1609 521 tantum
1656 457 1982 522 venialiter
2024 457 2211 522 mala.
2262 457 2584 522 Venialem
2632 459 2843 520 autem
2892 457 3140 539 culpam

674 560 844 635 dicit,
884 558 1129 641 quando
1165 560 1402 623 oriatur
1439 579 1510 623 ex
1545 559 1668 623 levi
1707 561 1961 641 aspectu
1994 561 2106 623 aut
2138 560 2449 640 colloquio
2486 577 2608 624 non
2655 558 2953 622 diuturno
3000 577 3143 622 611111

673 660 932 725 1111111616
964 660 1061 724 vel
1093 680 1163 723 ex
1196 659 1440 725 curiosa
1476 660 1739 724 lectione
1777 662 2076 744 turpium,
2112 680 2186 725 ex
2229 662 2472 726 curioso
2505 679 2577 724 ac
2605 660 2730 725 levi
2771 661 3025 743 aspectu
3057 660 3146 742 pi-

677 765 890 827 cturae
923 763 1220 827 obscenae
1250 763 1351 826 vel
1383 763 1545 826 alius
1577 762 1665 827 rei
1699 764 1899 846 turpis
1932 766 2046 829 etc.

767 864 924 928 Heic
953 867 1163 929 tamen
1194 865 1357 929 idem
1390 884 1437 929 s.
1466 866 1701 929 Doctor
1731 864 2018 942 advertit,
2044 867 2195 931 haec
2224 865 2625 949 intelligenda
2651 883 2781 929 esse
2811 866 2867 929 1.
2896 864 2949 928 si
2982 862 3148 927 absit

681 967 1024 1048 periculum
1055 985 1387 1031 consensus
1432 968 1496 1032 in
1542 968 1952 1050 pollutionem
1999 972 2371 1045 secuturam,
2409 970 2468 1031 2.
2504 968 2555 1031 si
2603 967 2767 1031 absit
2803 966 3148 1049 periculum

683 1068 884 1150 turpis
931 1067 1358 1133 delectationis
1392 1069 1766 1134 deliberatae
1796 1070 1858 1133 in
1898 1070 2050 1154 ipsis
2082 1072 2431 1153 aspectibus
2463 1073 2576 1135 aut
2619 1070 2684 1133 in
2729 1070 2992 1133 lectione
3031 1071 3147 1132 etc.

686 1171 746 1234 3.
772 1170 912 1234 Nisi
935 1170 1074 1252 quis
1099 1170 1182 1234 sit
1214 1172 1518 1253 expertuS,
1544 1170 1928 1253 frequentius
1952 1173 2236 1238 effectum
2260 1173 2423 1237 hunc
2446 1171 2812 1255 pollutionis
2836 1170 3149 1252 subsequi.

685 1272 849 1337 Nam
881 1273 935 1336 si
965 1272 1316 1354 frequenter
1352 1273 1411 1335 id
1447 1274 1852 1357 contingeret,
1888 1274 2185 1338 indicium
2217 1277 2396 1349 esset,
2436 1293 2559 1338 non
2591 1274 2810 1338 leviter
2841 1272 2946 1337 sed
2978 1273 3154 1336 vehe-

685 1376 922 1438 menter
954 1375 1257 1439 eiusmodi
1288 1393 1506 1439 causas
1531 1374 1610 1438 ad
1641 1394 1784 1439 eum
1822 1376 2106 1440 effectum
2137 1395 2512 1441 concurrere.
2540 1374 2725 1440 Secus
2758 1395 2902 1440 vero
2927 1376 2982 1439 si
3011 1391 3152 1437 raro

685 1476 749 1539 id
796 1477 1040 1541 eveniat
1085 1479 1199 1541 aut
1244 1478 1298 1541 si
1344 1480 1507 1542 certe
1551 1495 1775 1542 causae
1821 1478 1947 1543 sint
1992 1478 2190 1554 leves3
2232 1480 2379 1559 quia
2426 1481 2576 1542 tunc
2622 1477 2832 1560 potius
2877 1478 3155 1542 tribuen-

687 1578 801 1642 dus
848 1580 1010 1643 esset
1054 1579 1306 1643 effectus
1352 1578 1706 1643 infirmitati
1736 1581 2015 1644 naturae.
2052 1577 2144 1643 Cf.
2178 1579 2434 1644 dicenda
2478 1580 2542 1643 in
2591 1580 2691 1643 Tr.
2734 1579 2807 1642 de
2841 1578 3154 1643 Peccatis.

775 1679 947 1744 Haec
993 1682 1205 1745 autem
1251 1681 1349 1745 uti
1395 1681 1589 1763 patet,
1627 1681 1921 1746 inservire
1967 1681 2209 1759 debent,
2251 1684 2326 1746 ut
2371 1681 2780 1746 confessarius
2825 1680 3157 1764 prudenter

686 1782 917 1846 iudicet
941 1783 1015 1846 de
1039 1784 1210 1846 statu
1242 1783 1696 1865 poenitentium
1719 1803 1872 1848 neve
1897 1784 2247 1866 graviorem
2271 1783 2512 1847 iniiciat
2535 1783 2916 1865 scrupulum,
2943 1801 3159 1864 quam-

688 1904 880 1965 quam
924 1885 1117 1949 etiam
1162 1902 1286 1948 non
1330 1885 1556 1948 iniecto
1605 1885 1878 1968 graviori
1911 1885 2220 1968 scrupulo,
2254 1905 2378 1949 non
2423 1887 2572 1949 sunt
2615 1884 2982 1969 negligenda
3033 1884 3158 1948 alia

688 1984 912 2062 media,
953 1986 1177 2066 quibus
1225 1986 1499 2049 suaviter
1546 2005 1583 2049 a
1629 1987 1918 2068 periculis
1971 1987 2388 2069 poenitentem
2435 1987 2758 2052 deterreat.
2802 1986 2936 2066 Qua
2983 1987 3049 2049 in
3095 2005 3160 2049 re

690 2087 929 2152 indoles
959 2087 1332 2169 poenitentis
1367 2087 1766 2152 observanda.

782 2188 949 2252 Illud
994 2188 1246 2253 tandem
1294 2189 1641 2253 addendum
1688 2193 1784 2254 est
1837 2210 1945 2272 pro
1993 2193 2160 2254 recto
2208 2209 2327 2255 usu
2375 2190 2594 2255 traditi
2640 2190 2924 2273 principii
2968 2190 3157 2272 (29.),

693 2290 858 2374 quod
905 2291 1317 2374 comparanda
1355 2293 1451 2356 est
1480 2293 1813 2357 necessitas
1844 2294 2106 2376 ponendi
2139 2313 2392 2357 causam
2424 2313 2565 2356 cum
2611 2293 3052 2376 probabilitate
3099 2294 3163 2357 et

694 2394 1007 2478 gravitate
1037 2395 1190 2458 mali
1221 2396 1471 2460 effectus
1505 2395 1795 2460 secuturi.
1831 2394 2002 2475 Quae
2033 2396 2281 2477 quidem
2313 2396 2721 2461 consideratio
2755 2396 2962 2460 locum
2992 2414 3165 2478 prae-

694 2498 908 2562 sertim
956 2498 1072 2561 sibi
1118 2497 1413 2573 vindicat,
1450 2517 1591 2561 cum
1638 2498 1711 2561 de
1744 2497 1999 2561 vitando
2032 2498 2304 2582 periculo
2338 2498 2549 2562 damni
2581 2498 2848 2562 aliorum
2881 2499 2979 2561 vel
3010 2500 3165 2561 tem-

695 2600 925 2683 poralis
952 2600 1048 2663 vel
1096 2600 1439 2682 spiritualis
1487 2600 1698 2683 agitur
1743 2602 1806 2663 et
1837 2600 2216 2665 latissimum
2247 2619 2434 2664 usum
2481 2600 2669 2664 habet
2715 2621 2772 2664 v.
2809 2620 2900 2684 gr.
2934 2600 3044 2664 ubi
3090 2599 3165 2664 de

696 2700 1006 2776 scandaIO,
1033 2700 1107 2764 de
1131 2701 1561 2783 cooperatione
1585 2701 1661 2764 ad
1696 2701 1953 2765 alterius
1978 2706 2248 2785 peccata,
2277 2702 2350 2767 de
2383 2703 2762 2786 obligatione
2794 2701 3168 2784 impediendi

697 2804 923 2867 damna
955 2805 1068 2866 aut
1097 2805 1350 2884 peccata
1383 2804 1519 2866 tum
1546 2803 1935 2868 subditorum
1969 2806 2105 2867 tum
2131 2806 2580 2881 extraneorum,
2608 2804 2681 2868 de
2714 2805 2939 2886 quibus
2975 2804 3170 2868 omni·

698 2909 813 2971 bus
847 2924 960 2970 suo
992 2904 1128 2970 loco
1164 2924 1362 2969 sermo
1402 2905 1539 2970 erit.

786 3004 913 3078 30.
951 3005 1110 3071 Sunt
1140 3007 1249 3089 qui
1281 3007 1808 3090 comparationem
1839 3008 1996 3071 hanc
2027 3008 2189 3073 inter
2218 3009 2649 3073 necessitatem
2681 3027 2788 3072 seu
2821 3009 3170 3074 utilitatem

700 3109 965 3194 ponendi
1008 3128 1262 3173 causam
1310 3112 1372 3173 et
1417 3111 1579 3173 inter
1616 3110 1994 3194 gravitatem
2027 3110 2179 3173 mali
2226 3110 2477 3174 effectus
2524 3109 2711 3173 simul
2757 3110 3031 3174 secuturi
3077 3110 3170 3174 ita

700 3214 1071 3297 proponunt,
1106 3216 1180 3276 ut
1210 3215 1359 3277 tunc
1392 3214 1596 3277 solum
1626 3213 1813 3277 liceat
1842 3231 2095 3276 causam
2126 3231 2367 3295 ponere,
2402 3231 2543 3275 cum
2590 3213 2820 3276 bonum
2852 3212 2940 3275 sic
2987 3231 3023 3275 a
3070 3232 3170 3276 me

702 3317 1057 3398 quaesitum
1090 3318 1441 3397 compenset
1477 3317 1699 3380 saltem
1736 3335 1846 3379 seu
1878 3318 2175 3396 exaequet
2205 3315 2462 3392 malum,
2497 3314 2662 3395 quod
2692 3313 2833 3378 inde
2865 3315 3167 3396 sequitur.

704 3419 909 3494 SecuS,
928 3418 1240 3498 inquiunt,
1268 3437 1547 3482 excessus
1569 3419 1722 3481 mali
1754 3419 1850 3481 est
1878 3437 1987 3500 per
2011 3437 2074 3481 se
2105 3417 2360 3481 volitus.
2380 3416 2614 3481 Verum
2639 3417 2761 3480 ista
2792 3417 3030 3501 regula,
3050 3417 3172 3481 uisi

702 3521 820 3584 rite
854 3519 1208 3601 explicetur,
1243 3537 1363 3583 non
1396 3521 1563 3582 caret
1594 3519 2017 3583 incommodis
2046 3518 2202 3583 Sane
2234 3539 2376 3582 611111
2408 3519 2619 3603 agitur
2650 3519 2724 3582 de
2754 3519 3171 3602 permittendo

704 3643 890 3688 1166116
937 3622 1194 3686 alterius
1231 3622 1398 3686 malo
1447 3641 1554 3686 seu
1587 3624 1860 3705 peccat0,
1893 3623 2069 3686 nulla
2101 3642 2280 3705 saepe
2321 3623 2622 3707 obligatio
2662 3623 2836 3688 adest
2870 3622 3030 3687 illud
3077 3643 3174 3688 oa-

706 3726 905 3800 vendi,
942 3725 1059 3788 nisi
1094 3744 1164 3788 ex
1195 3726 1476 3801 caritate,
1513 3726 1873 3806 praesertim
1907 3744 2048 3789 611111
2080 3727 2421 3808 peccatum,
2454 3726 2518 3789 in
2551 3725 2898 3810 hypothesi,
2933 3745 3004 3790 ex
3038 3727 3173 3791 sola

706 3829 963 3894 alterius
1009 3829 1254 3892 malitia
1310 3829 1624 3909 sequatur.
1675 3828 1812 3891 Iam
1865 3847 2009 3892 vero
2065 3828 2293 3892 caritas
2346 3847 2468 3892 non
2517 3828 2758 3912 obligat
2803 3847 2945 3891 cum
2994 3828 3175 3912 gravi

706 3931 1094 3998 incommodo
1126 3950 1237 3996 nec
1268 3950 1543 4012 unquam
1576 3931 1884 4013 quispiam
1917 3931 2284 4013 postulavit,
2319 3931 2393 3993 ut
2424 3931 2540 3993 1166
2569 3929 3032 3995 incommodum
3081 3950 3176 3995 ex-

706 4038 928 4117 aequet
960 4034 1197 4098 malum
1237 4033 1513 4114 alioquin
1545 4032 2047 4115 permittendum.
2078 4031 2262 4096 Secus
2296 4032 2598 4116 Theologi
2630 4051 2948 4113 nunquam
2983 4031 3178 4096 facul-

707 4139 905 4200 tatem
926 4135 1197 4199 facerent
1223 4137 1334 4198 aut
1349 4134 1598 4199 mulieri
1622 4133 1806 4198 eundi
1825 4133 1902 4197 ad
1920 4134 2258 4210 ecclesiam,
2276 4134 2423 4197 licet
2446 4133 2792 4216 cuiuspiam
2810 4133 3176 4198 scandalum

708 4258 781 4302 ex
810 4238 999 4301 huius
1030 4237 1275 4300 malitia
1307 4239 1622 4317 sequatur,
1660 4236 1773 4300 aut
1802 4237 1980 4300 uxori
2013 4236 2292 4321 exigendi
2323 4235 2622 4312 debitum,
2656 4235 2802 4299 licet
2833 4236 2930 4300 vir
2960 4240 3179 4301 contra

706 4341 1001 4403 naturam
1034 4339 1117 4402 sit
1147 4341 1534 4420 peccaturus,
1563 4340 1676 4402 aut
1714 4339 1902 4403 alicui
1936 4338 2248 4404 occidendi
2278 4358 2483 4403 rerum
2518 4358 2773 4403 suarum
2805 4339 3176 4416 invasorem,

713 4441 957 4524 quando
992 4441 1117 4504 sint
1147 4441 1480 4522 respective
1514 4441 1722 4524 gravis
1769 4441 2071 4507 momenti
2102 4443 2165 4505 et
2196 4442 2540 4522 recuperari
2573 4459 2746 4506 secus
2783 4440 2960 4505 nullo
2991 4441 3181 4506 modo

711 4544 970 4628 possint.
1012 4543 1285 4607 Eatenus
1332 4543 1543 4625 itaque
1582 4543 1834 4608 admitti
1880 4563 1952 4608 ea
1999 4545 2217 4628 regula
2248 4545 2473 4626 potest,
2516 4545 2824 4625 quatenus
2863 4545 3027 4608 ratio
3077 4546 3183 4609 ha·
