3529 5158
706 361 811 415 158
1180 373 1394 414 111301.
1434 373 1498 412 11.
1538 372 1624 411 nn
1659 370 2077 413 couscmu'rra.
2116 369 2313 410 cum?
2351 369 2415 408 11.
2451 369 2594 411 nnn.
2635 369 2673 408 1.
3019 353 3165 428 [163]

694 472 1051 551 practicam
1099 489 1239 534 vero
1274 470 1347 534 de
1381 469 1745 552 particulari
1794 488 1934 532 cum
1968 469 2095 532 suis
2127 466 2629 535 circumstantiis,
2664 484 2787 529 non
2820 465 2976 529 satis
3009 465 3173 529 clara

708 575 897 637 estet
935 572 1430 654 aequivocationi
1478 573 1573 635 est
1621 572 1904 636 obnoxia.
1953 570 2033 633 Et
2079 589 2225 633 sane
2271 587 2470 633 nonne
2517 567 2708 631 etiam
2754 567 2914 631 01103
2962 586 3175 631 casum

710 675 957 739 omnino
1006 675 1445 757 particularem
1493 675 1743 755 suisque
1782 672 2066 737 omnibus
2112 670 2595 735 circumstantiis
2641 670 3174 734 circumvestitum

708 780 915 860 potest
948 778 1087 860 quis
1120 777 1334 842 sistere
1366 777 1428 840 in
1460 776 1644 840 modo
1669 775 2066 855 speculative,
2099 792 2316 855 nempe
2339 771 2672 837 consistere
2704 771 2767 835 in
2799 771 3174 854 dispicienda

710 881 996 945 veritatis
1028 899 1315 945 mensura
1347 880 1521 943 iuxta
1569 879 1839 943 rationes
1873 878 2013 941 hinc
2058 876 2198 941 inde
2243 875 2607 950 militantes
2657 874 2806 955 quin
2837 876 3050 938 tamen
3097 872 3173 936 ad

708 984 946 1067 praxim
979 984 1260 1057 deducat,
1295 983 1528 1046 scilicet
1572 982 1815 1045 nullum
1866 999 2019 1063 opus
2067 977 2475 1064 aggrediendo
2509 975 2788 1041 adhibita
2819 975 2991 1039 illius
3023 974 3176 1039 veri-

709 1087 863 1150 tatis
894 1090 1153 1150 norma?
1183 1084 1400 1149 Nonne
1423 1084 1549 1148 imo
1574 1084 1638 1146 id
1663 1083 1940 1166 quotidie
1964 1084 2372 1165 praestamus,
2405 1080 2553 1143 dum
2584 1077 3176 1162 particularissimos

710 1208 890 1252 casus
937 1186 1345 1252 conscientiae
1378 1186 1701 1250 solvendos
1750 1185 2150 1268 proponimus
2182 1203 2252 1247 ac
2283 1201 2464 1266 porro
2512 1181 2832 1255 solvimus,
2865 1181 2993 1245 imo
3025 1180 3176 1243 dum

709 1291 838 1355 tale
884 1310 1135 1353 examen
1169 1289 1557 1353 instituimus
1604 1289 1763 1351 circa
1813 1307 1994 1351 casus
2040 1305 2160 1351 non
2208 1287 2336 1350 iam
2367 1286 2564 1359 fictos,
2603 1286 2672 1347 ut
2720 1284 2918 1359 aiunt,
2953 1283 3059 1347 sed
3091 1283 3177 1346 fa-

711 1394 891 1456 ctos?
921 1392 1085 1476 Ergo
1133 1410 1311 1455 casus
1360 1389 1714 1454 huiusmodi
1761 1389 2156 1473 particularis
2203 1391 2539 1468 utcumque
2587 1386 2716 1450 suis
2762 1385 3029 1449 vestitus
3066 1384 3177 1448 011-

710 1494 1104 1558 cumstantiis
1137 1496 1284 1558 tunc
1317 1494 1521 1558 solum
1553 1493 1813 1574 denique
1860 1492 2169 1557 exhibebit
2202 1492 2376 1555 nobis
2409 1490 2670 1573 speciem
2699 1488 2974 1567 praet-2702·-
3003 1487 3174 1551 dubii

710 1598 823 1660 aut
862 1597 1183 1675 practicae
1246 1596 1571 1679 opinionis
1621 1595 1866 1676 quando
1923 1595 2123 1676 reipsa
2169 1596 2232 1658 et
2285 1593 2504 1658 effectu
2557 1594 2855 1673 sequatur
2902 1609 3057 1673 opus
3104 1608 3174 1653 ea

712 1718 927 1763 norma
960 1698 1281 1762 directum.
1331 1698 1411 1761 Et
1441 1699 1558 1762 hoc
1591 1698 1801 1781 (plane
1833 1697 2138 1778 dicamus)
2172 1714 2293 1760 non
2344 1694 2719 1758 sufficienter
2765 1712 2872 1775 per
2905 1710 3044 1756 eam
3090 1692 3175 1756 lo-

712 1802 936 1883 quendi
968 1801 1234 1866 formam
1266 1801 1649 1884 exprimitur.

801 1903 1099 1981 Quocirca
1145 1903 1356 1986 paucis
1389 1903 1539 1966 11300
1573 1902 1778 1966 01111113
1812 1900 2175 1966 resumendo
2209 1900 2501 1972 dicemus,
2534 1898 2805 1963 indolem
2836 1897 3011 1962 dubii
3041 1916 3176 1980 pra-

711 2007 853 2070 ctici
900 2025 1044 2088 prae
1091 2005 1471 2087 speculativo
1520 2007 1677 2069 hanc
1723 2024 1872 2075 esse.
1931 2008 2002 2067 ut
2064 2005 2330 2067 alterum
2386 2003 2467 2066 sit
2532 2002 2730 2085 operis
2786 2001 3172 2078 directivum,

712 2109 883 2172 aliud
906 2126 1048 2172 non.
1076 2108 1173 2171 Ita
1202 2128 1258 2170 v.
1284 2127 1377 2191 gr.
1403 2126 1553 2171 num
1577 2107 1715 2188 quis
1741 2107 1937 2189 possit
1962 2106 2039 2169 ad
2065 2104 2576 2170 Communionem
2601 2103 2902 2178 accedere,
2928 2102 3174 2184 quando

712 2210 957 2274 videtur
988 2210 1103 2273 sibi
1136 2210 1537 2293 deglutivisse
1569 2228 1759 2293 grana
1796 2208 2044 2272 tabachi
2082 2227 2189 2290 per
2220 2227 2395 2272 nares
2429 2206 2705 2281 attracti,
2729 2204 3177 2284 speculatimem

708 2313 970 2377 dubium
1000 2313 1119 2376 erit
1165 2311 1369 2395 quoad
1415 2332 1579 2387 eum,
1615 2312 1722 2393 qui
1770 2310 2114 2392 disquirens
2146 2311 2356 2373 manet
2387 2309 2659 2373 incertus
2691 2328 2800 2373 1100
2839 2310 3051 2372 13111011
3084 2327 3178 2371 30-

711 2416 918 2480 cedere
963 2415 1145 2479 debet
1191 2414 1265 2477 ad
1299 2412 1848 2478 Communionem:
1871 2413 2226 2492 practicemz-
2272 2411 2390 2476 erit
2437 2410 2491 2475 si
2536 2410 2674 2492 quis
2721 2411 2837 2474 hac
2883 2410 2956 2474 de
2987 2429 3176 2476 causa

710 2520 986 2582 incertus
1019 2516 1267 2582 accedat
1300 2516 1377 2579 ad
1412 2514 1943 2579 Communionem.

802 2618 955 2690 163.
990 2621 1079 2683 Ex
1112 2619 1362 2684 notione
1393 2619 1565 2683 dubii
1595 2617 1962 2697 speculativi
1993 2620 2090 2682 vel
2109 2618 2384 2697 practici
2413 2635 2677 2699 pronum
2724 2618 2818 2680 est
2863 2614 3174 2699 colligere,

710 2723 858 2806 quid
905 2724 989 2786 sit
1033 2722 1411 2785 conscientia
1457 2720 1649 2782 dec-bia
1694 2721 2065 2800 speculative
2097 2723 2160 2785 01
2192 2720 2382 2784 dubia
2416 2720 2718 2799 practice,
2753 2717 3175 2783 transferendo

712 2825 945 2889 scilicet
970 2825 1047 2887 ad
1079 2827 1319 2887 statum
1349 2825 1448 2888 vel
1481 2826 1691 2887 actum
1723 2824 2074 2888 intellectus
2106 2823 2189 2900 id,
2224 2821 2389 2904 quod
2421 2822 2494 2886 de
2525 2822 2660 2904 ipsa
2692 2821 2790 2885 vel
2821 2820 3176 2906 cognitione

711 2927 810 2991 vel
841 2926 1213 3010 cognitionis
1245 2925 1427 2991 modo
1461 2945 1568 2989 seu
1601 2946 1886 2990 mensura
1923 2927 2233 2990 abstracte
2264 2924 2602 2989 dicebatur.

799 3030 964 3094 Bene
996 3030 1108 3092 has
1140 3028 1526 3094 definitiones
1564 3028 1759 3092 tradit
1791 3029 2070 3092 Becanus
2104 3027 2176 3090 de
2208 3027 2355 3091 Act.
2389 3025 2555 3088 hum.
2588 3045 2721 3109 cap.
2756 3028 2817 3089 4.
2844 3046 2904 3108 q.
2932 3027 2993 3089 8.
3026 3046 3087 3089 11.
3120 3027 3176 3089 1.

709 3135 774 3197 01
797 3132 1042 3214 quidem
1069 3133 1192 3197 fere
1216 3131 1389 3195 iuxta
1416 3151 1554 3196 eum
1582 3133 1946 3213 conceptum
1972 3130 2144 3194 dubii
2169 3130 2536 3214 speculativi
2561 3132 2672 3194 aut
2696 3130 2974 3213 practici,
2993 3149 3176 3211 quem

710 3236 990 3318 superius
1035 3235 1381 3299 innuimus:
1428 3259 1463 3292 «
1495 3234 1668 3297 Tunc
1702 3234 1796 3297 est
1829 3233 2088 3315 (inquit)
2121 3234 2388 3316 practice
2420 3232 2628 3305 dubia,
2662 3233 2909 3314 quando
2942 3232 3083 3313 quis
3114 3231 3177 3294 in

710 3339 843 3416 ipse
874 3339 1167 3400 exercitio
1197 3337 1465 3399 aetionis
1496 3337 1585 3400 ita
1636 3337 1732 3400 est
1780 3335 2138 3418 dispositus,
2175 3338 2247 3399 ut
2278 3354 2398 3400 non
2433 3334 2662 3399 iudicet
2693 3354 2757 3399 se
2789 3335 2940 3398 bene
2972 3353 3172 3419 agere,

713 3439 818 3504 sed
864 3439 1089 3502 dubius
1137 3439 1239 3502 sit.
1272 3439 1445 3502 Tunc
1494 3441 1705 3502 autem
1753 3438 2133 3520 speculative
2179 3440 2274 3502 est
2312 3437 2518 3514 dubia,
2554 3437 2798 3519 quando
2830 3437 2972 3518 quis
3004 3438 3175 3501 extra

711 3541 1068 3606 exercitium
1116 3541 1382 3617 dubitat,
1419 3560 1496 3605 an
1544 3542 1659 3606 1100
1694 3541 1791 3605 vel
1837 3541 1994 3605 1111111
2027 3541 2110 3605 sit
2141 3541 2386 3605 licitum
2418 3560 2524 3604 nec
2561 3560 2637 3605 ne
2671 3566 2730 3602 ».
2764 3539 2935 3619 Quae
2966 3542 3177 3604 tamen

712 3643 1016 3726 posterior
1048 3643 1355 3725 particula
1400 3643 1624 3716 minus,
1668 3662 1738 3706 ac
1787 3644 1974 3725 prior,
2009 3646 2103 3708 est
2150 3644 2398 3714 exactaz
2448 3643 2594 3725 quia
2642 3644 2849 3726 potest
2888 3642 3175 3707 dubitare

712 3745 1020 3827 quispiam
1068 3766 1230 3808 mere
1274 3745 1645 3824 speculative
1695 3745 1884 3809 etiam
1918 3745 1979 3808 in
2014 3746 2301 3810 exercitio
2342 3746 2622 3817 actionis,
2657 3745 3176 3811 dummodo-haec

709 3847 1081 3913 conscientia
1115 3851 1325 3912 actum
1356 3868 1479 3913 non
1513 3849 1763 3932 dirigat.

798 3952 962 4016 Hinc
993 3952 1236 4036 egregie
1268 3951 1589 4035 Laymann
1622 3949 1695 4011 de
1737 3949 1954 4013 Conse.
1987 3970 2119 4034 cap.
2149 3953 2209 4015 5.
2235 3971 2295 4014 n.
2324 3953 2383 4014 2.
2409 3952 2472 4014 111
2498 3950 2600 4013 fin.
2628 3970 2839 4015 veram
2874 3951 3174 4017 tesseram

710 4055 1119 4118 conscientiae
1151 4054 1417 4136 practice
1456 4053 1679 4116 dubiae
1718 4053 2084 4136 assignavit,
2120 4053 2366 4135 quando
2414 4072 2551 4117 eam
2588 4052 2744 4117 dixit
2765 4074 3043 4132 praxeos
3079 4055 3175 4118 di-

708 4157 1022 4218 rectivam.
1062 4156 1153 4219 Ex
1198 4157 1315 4220 1100
1360 4156 1524 4219 0111111
1572 4156 1705 4219 solo
1753 4156 2137 4237 speculativa
2167 4175 2203 4220 a
2236 4157 2508 4238 practica
2546 4155 2975 4240 distinguitur,
3010 4156 3173 4239 quod

712 4258 862 4321 haec
893 4277 1148 4340 praxeos
1186 4278 1294 4323 seu
1328 4259 1591 4323 actionis
1630 4258 1714 4322 sit
1752 4257 2070 4336 directiva,
2105 4259 2213 4323 illa
2247 4279 2370 4324 11011
2401 4259 2571 4325 110111.

801 4359 1143 4425 Occurrunt
1190 4361 1323 4425 heic
1369 4360 1549 4424 nobis
1598 4362 1922 4425 venatores
1969 4361 2223 4442 quidam
2269 4362 2722 4444 proprietatum
2773 4362 3067 4444 loquendi
3112 4364 3174 4427 et

709 4463 1071 4535 reclamant,
1104 4465 1266 4528 male
1304 4465 1368 4527 et
1402 4463 1737 4546 improprie
1776 4463 1895 4527 dici
1927 4464 2364 4529 conscientiam
2397 4464 2670 4539 dubiam,
2698 4482 2856 4547 quae
2888 4466 3008 4529 erit
3039 4485 3174 4529 con-

706 4567 970 4630 scientia
1001 4587 1126 4629 mm
1158 4565 1555 4629 conscientia.
1589 4566 1751 4630 Nam
1790 4585 1932 4630 cum
1964 4566 2338 4632 conscientia
2372 4568 2454 4632 sit
2492 4566 2790 4634 iudicium
2822 4570 2886 4632 et
2917 4567 3176 4633 dubium
