<?xml version="1.0" encoding="UTF-8"?>
<!DOCTYPE html PUBLIC "-//W3C//DTD XHTML 1.0 Transitional//EN"
    "http://www.w3.org/TR/xhtml1/DTD/xhtml1-transitional.dtd">
<html xmlns="http://www.w3.org/1999/xhtml" xml:lang="en" lang="en">
 <head>
  <title>
</title>
<meta http-equiv="Content-Type" content="text/html;charset=utf-8" />
  <meta name='ocr-system' content='tesseract 3.04.00' />
  <meta name='ocr-capabilities' content='ocr_page ocr_carea ocr_par ocr_line ocrx_word'/>
</head>
<body>
  <div class='ocr_page' id='page_1' title='image "./opustheologicum00palmgoog_0441.png"; bbox 0 0 3529 5158; ppageno 0'>
   <div class='ocr_carea' id='block_1_1' title="bbox 699 231 3167 307">
    <p class='ocr_par' dir='ltr' id='par_1_1' title="bbox 699 231 3167 307">
     <span class='ocr_line' id='line_1_1' title="bbox 699 231 3167 307; baseline -0.001 -18"><span class='ocrx_word' id='word_1_1' title='bbox 699 235 808 290; x_wconf 78' lang='lat'>346</span> <span class='ocrx_word' id='word_1_2' title='bbox 1249 249 1458 290; x_wconf 71' lang='lat' dir='ltr'>TRAc&#39;r.</span> <span class='ocrx_word' id='word_1_3' title='bbox 1495 249 1584 290; x_wconf 86' lang='grc'><strong>111.</strong></span> <span class='ocrx_word' id='word_1_4' title='bbox 1621 250 1708 289; x_wconf 72' lang='lat' dir='ltr'>mu</span> <span class='ocrx_word' id='word_1_5' title='bbox 1744 246 2025 288; x_wconf 68' lang='lat' dir='ltr'>memus</span> <span class='ocrx_word' id='word_1_6' title='bbox 2065 245 2266 287; x_wconf 63' lang='lat' dir='ltr'>carm·</span> <span class='ocrx_word' id='word_1_7' title='bbox 2300 245 2367 286; x_wconf 89' lang='lat'>11.</span> <span class='ocrx_word' id='word_1_8' title='bbox 2403 245 2546 287; x_wconf 77' lang='lat' dir='ltr'>mm.</span> <span class='ocrx_word' id='word_1_9' title='bbox 2586 246 2625 286; x_wconf 88' lang='grc'>1.</span> <span class='ocrx_word' id='word_1_10' title='bbox 3018 231 3167 307; x_wconf 82' lang='grc'><strong>[338]</strong></span> 
     </span>
    </p>
   </div>
   <div class='ocr_carea' id='block_1_2' title="bbox 695 341 3165 4332">
    <p class='ocr_par' dir='ltr' id='par_1_2' title="bbox 700 341 3163 616">
     <span class='ocr_line' id='line_1_2' title="bbox 700 341 3163 431; baseline -0.002 -19"><span class='ocrx_word' id='word_1_11' title='bbox 700 347 1020 420; x_wconf 79' lang='lat' dir='ltr'>corridere,</span> <span class='ocrx_word' id='word_1_12' title='bbox 1048 347 1337 428; x_wconf 79' lang='lat' dir='ltr'>colloqui,</span> <span class='ocrx_word' id='word_1_13' title='bbox 1375 347 1596 431; x_wconf 87' lang='lat' dir='ltr'>nugari</span> <span class='ocrx_word' id='word_1_14' title='bbox 1628 364 1737 409; x_wconf 87' lang='lat' dir='ltr'>nec</span> <span class='ocrx_word' id='word_1_15' title='bbox 1763 345 1888 408; x_wconf 90' lang='lat' dir='ltr'>vim</span> <span class='ocrx_word' id='word_1_16' title='bbox 1915 342 2225 426; x_wconf 81' lang='lat' dir='ltr'>praecepti</span> <span class='ocrx_word' id='word_1_17' title='bbox 2257 343 2406 406; x_wconf 85' lang='lat' dir='ltr'>talis</span> <span class='ocrx_word' id='word_1_18' title='bbox 2444 341 2893 425; x_wconf 88' lang='lat' dir='ltr'>apprehendere</span> <span class='ocrx_word' id='word_1_19' title='bbox 2918 369 2979 407; x_wconf 85' lang='lat'>».</span> <span class='ocrx_word' id='word_1_20' title='bbox 3007 342 3163 410; x_wconf 86' lang='lat' dir='ltr'>Con-</span> 
     </span>
     <span class='ocr_line' id='line_1_3' title="bbox 700 445 3161 533; baseline -0.001 -20"><span class='ocrx_word' id='word_1_21' title='bbox 700 450 896 514; x_wconf 79' lang='lat' dir='ltr'>cludit</span> <span class='ocrx_word' id='word_1_22' title='bbox 929 450 1199 533; x_wconf 77' lang='lat' dir='ltr'>proinde,</span> <span class='ocrx_word' id='word_1_23' title='bbox 1236 468 1354 513; x_wconf 92' lang='lat' dir='ltr'>non</span> <span class='ocrx_word' id='word_1_24' title='bbox 1382 447 1880 522; x_wconf 81' lang='lat' dir='ltr'>existimandum,</span> <span class='ocrx_word' id='word_1_25' title='bbox 1915 445 2080 528; x_wconf 90' lang='lat' dir='ltr'>quod</span> <span class='ocrx_word' id='word_1_26' title='bbox 2104 446 2377 510; x_wconf 83' lang='lat' dir='ltr'>Ecclesia</span> <span class='ocrx_word' id='word_1_27' title='bbox 2408 464 2512 510; x_wconf 91' lang='lat' dir='ltr'>eos</span> <span class='ocrx_word' id='word_1_28' title='bbox 2546 446 2780 530; x_wconf 89' lang='lat' dir='ltr'>obliget</span> <span class='ocrx_word' id='word_1_29' title='bbox 2812 447 2928 512; x_wconf 89' lang='lat' dir='ltr'>sub</span> <span class='ocrx_word' id='word_1_30' title='bbox 2960 447 3161 531; x_wconf 85' lang='lat' dir='ltr'>gravi,</span> 
     </span>
     <span class='ocr_line' id='line_1_4' title="bbox 700 549 2173 616; baseline -0.003 0"><span class='ocrx_word' id='word_1_31' title='bbox 700 552 803 616; x_wconf 78' lang='lat' dir='ltr'>sed</span> <span class='ocrx_word' id='word_1_32' title='bbox 842 551 1046 616; x_wconf 89' lang='lat' dir='ltr'>solum</span> <span class='ocrx_word' id='word_1_33' title='bbox 1078 552 1194 616; x_wconf 89' lang='lat' dir='ltr'>sub</span> <span class='ocrx_word' id='word_1_34' title='bbox 1225 552 1349 615; x_wconf 89' lang='lat' dir='ltr'>levi</span> <span class='ocrx_word' id='word_1_35' title='bbox 1383 552 1460 614; x_wconf 86' lang='lat' dir='ltr'>ad</span> <span class='ocrx_word' id='word_1_36' title='bbox 1493 550 1862 615; x_wconf 88' lang='lat' dir='ltr'>audiendam</span> <span class='ocrx_word' id='word_1_37' title='bbox 1893 549 2173 613; x_wconf 80' lang='lat' dir='ltr'>Missam.</span> 
     </span>
    </p>

    <p class='ocr_par' dir='ltr' id='par_1_3' title="bbox 699 650 3163 1251">
     <span class='ocr_line' id='line_1_5' title="bbox 789 650 3163 737; baseline -0.001 -19"><span class='ocrx_word' id='word_1_38' title='bbox 789 653 907 718; x_wconf 84' lang='lat' dir='ltr'>Sed</span> <span class='ocrx_word' id='word_1_39' title='bbox 953 655 1104 718; x_wconf 88' lang='lat' dir='ltr'>haec</span> <span class='ocrx_word' id='word_1_40' title='bbox 1150 674 1269 718; x_wconf 90' lang='lat' dir='ltr'>non</span> <span class='ocrx_word' id='word_1_41' title='bbox 1310 656 1571 737; x_wconf 86' lang='lat' dir='ltr'>prosunt</span> <span class='ocrx_word' id='word_1_42' title='bbox 1617 672 1840 718; x_wconf 86' lang='lat' dir='ltr'>causae</span> <span class='ocrx_word' id='word_1_43' title='bbox 1888 650 2490 716; x_wconf 88' lang='lat' dir='ltr'>Salmanticensium.</span> <span class='ocrx_word' id='word_1_44' title='bbox 2526 651 2687 716; x_wconf 88' lang='lat' dir='ltr'>Nam</span> <span class='ocrx_word' id='word_1_45' title='bbox 2734 652 2800 714; x_wconf 89' lang='lat'>1⁰</span> <span class='ocrx_word' id='word_1_46' title='bbox 2830 651 3163 723; x_wconf 84' lang='lat' dir='ltr'>Marchant</span> 
     </span>
     <span class='ocr_line' id='line_1_6' title="bbox 701 754 3161 841; baseline 0 -22"><span class='ocrx_word' id='word_1_47' title='bbox 701 775 736 819; x_wconf 86' lang='lat' dir='ltr'>a</span> <span class='ocrx_word' id='word_1_48' title='bbox 769 757 946 841; x_wconf 86' lang='lat' dir='ltr'>gravi</span> <span class='ocrx_word' id='word_1_49' title='bbox 981 757 1362 841; x_wconf 80' lang='lat' dir='ltr'>obligatione</span> <span class='ocrx_word' id='word_1_50' title='bbox 1394 757 1646 820; x_wconf 83' lang='lat' dir='ltr'>excusat</span> <span class='ocrx_word' id='word_1_51' title='bbox 1679 774 1902 838; x_wconf 85' lang='lat' dir='ltr'>pueros</span> <span class='ocrx_word' id='word_1_52' title='bbox 1948 754 2153 836; x_wconf 87' lang='lat' dir='ltr'>quoad</span> <span class='ocrx_word' id='word_1_53' title='bbox 2184 754 2301 819; x_wconf 94' lang='lat' dir='ltr'>hoc</span> <span class='ocrx_word' id='word_1_54' title='bbox 2332 756 2727 837; x_wconf 85' lang='lat' dir='ltr'>praeceptum</span> <span class='ocrx_word' id='word_1_55' title='bbox 2759 754 2911 836; x_wconf 91' lang='lat' dir='ltr'>(non</span> <span class='ocrx_word' id='word_1_56' title='bbox 2951 756 3161 819; x_wconf 86' lang='lat' dir='ltr'>autem</span> 
     </span>
     <span class='ocr_line' id='line_1_7' title="bbox 699 857 3161 944; baseline 0 -21"><span class='ocrx_word' id='word_1_57' title='bbox 699 860 905 940; x_wconf 86' lang='lat' dir='ltr'>quoad</span> <span class='ocrx_word' id='word_1_58' title='bbox 932 861 1194 944; x_wconf 80' lang='lat' dir='ltr'>omnia);</span> <span class='ocrx_word' id='word_1_59' title='bbox 1223 861 1367 941; x_wconf 87' lang='lat' dir='ltr'>quia</span> <span class='ocrx_word' id='word_1_60' title='bbox 1402 859 1595 922; x_wconf 89' lang='lat' dir='ltr'>credit</span> <span class='ocrx_word' id='word_1_61' title='bbox 1629 858 2075 942; x_wconf 79' lang='lat' dir='ltr'>obligationem</span> <span class='ocrx_word' id='word_1_62' title='bbox 2099 875 2231 920; x_wconf 89' lang='lat' dir='ltr'>esse</span> <span class='ocrx_word' id='word_1_63' title='bbox 2254 857 2626 940; x_wconf 87' lang='lat' dir='ltr'>graviorem,</span> <span class='ocrx_word' id='word_1_64' title='bbox 2660 876 2852 939; x_wconf 90' lang='lat' dir='ltr'>quam</span> <span class='ocrx_word' id='word_1_65' title='bbox 2884 877 2955 921; x_wconf 90' lang='lat' dir='ltr'>ea</span> <span class='ocrx_word' id='word_1_66' title='bbox 2988 861 3161 923; x_wconf 83' lang='lat' dir='ltr'>aetas</span> 
     </span>
     <span class='ocr_line' id='line_1_8' title="bbox 699 959 3163 1045; baseline 0 -21"><span class='ocrx_word' id='word_1_67' title='bbox 699 961 854 1025; x_wconf 89' lang='lat' dir='ltr'>ferre</span> <span class='ocrx_word' id='word_1_68' title='bbox 895 963 1108 1045; x_wconf 86' lang='lat' dir='ltr'>possit,</span> <span class='ocrx_word' id='word_1_69' title='bbox 1145 962 1392 1044; x_wconf 87' lang='lat' dir='ltr'>perinde</span> <span class='ocrx_word' id='word_1_70' title='bbox 1417 981 1633 1044; x_wconf 86' lang='lat' dir='ltr'>nempe</span> <span class='ocrx_word' id='word_1_71' title='bbox 1672 980 1744 1024; x_wconf 89' lang='lat' dir='ltr'>ac</span> <span class='ocrx_word' id='word_1_72' title='bbox 1778 960 1887 1023; x_wconf 91' lang='lat' dir='ltr'>alii</span> <span class='ocrx_word' id='word_1_73' title='bbox 1916 960 2131 1024; x_wconf 88' lang='lat' dir='ltr'>dicunt</span> <span class='ocrx_word' id='word_1_74' title='bbox 2156 959 2229 1023; x_wconf 90' lang='lat' dir='ltr'>de</span> <span class='ocrx_word' id='word_1_75' title='bbox 2260 961 2585 1042; x_wconf 89' lang='lat' dir='ltr'>praecepto</span> <span class='ocrx_word' id='word_1_76' title='bbox 2610 959 2894 1024; x_wconf 85' lang='lat' dir='ltr'>sumendi</span> <span class='ocrx_word' id='word_1_77' title='bbox 2927 960 3163 1025; x_wconf 88' lang='lat' dir='ltr'>Eucha-</span> 
     </span>
     <span class='ocr_line' id='line_1_9' title="bbox 700 1062 3161 1146; baseline 0.001 -21"><span class='ocrx_word' id='word_1_78' title='bbox 700 1063 962 1126; x_wconf 89' lang='lat' dir='ltr'>ristiam.</span> <span class='ocrx_word' id='word_1_79' title='bbox 1004 1064 1120 1128; x_wconf 84' lang='lat' dir='ltr'>Sed</span> <span class='ocrx_word' id='word_1_80' title='bbox 1152 1066 1268 1128; x_wconf 91' lang='lat' dir='ltr'>hoc</span> <span class='ocrx_word' id='word_1_81' title='bbox 1301 1064 1454 1127; x_wconf 89' lang='lat' dir='ltr'>nihil</span> <span class='ocrx_word' id='word_1_82' title='bbox 1503 1064 1742 1145; x_wconf 80' lang='lat' dir='ltr'>spectat</span> <span class='ocrx_word' id='word_1_83' title='bbox 1775 1063 1850 1125; x_wconf 91' lang='lat' dir='ltr'>ad</span> <span class='ocrx_word' id='word_1_84' title='bbox 1883 1062 2331 1144; x_wconf 90' lang='lat' dir='ltr'>quaestionem,</span> <span class='ocrx_word' id='word_1_85' title='bbox 2366 1080 2443 1125; x_wconf 88' lang='lat' dir='ltr'>an</span> <span class='ocrx_word' id='word_1_86' title='bbox 2475 1062 2797 1126; x_wconf 87' lang='lat' dir='ltr'>differatur</span> <span class='ocrx_word' id='word_1_87' title='bbox 2834 1062 3161 1146; x_wconf 83' lang='lat' dir='ltr'>obligatio,</span> 
     </span>
     <span class='ocr_line' id='line_1_10' title="bbox 701 1162 2711 1251; baseline 0 -24"><span class='ocrx_word' id='word_1_88' title='bbox 701 1165 878 1230; x_wconf 86' lang='lat' dir='ltr'>cuius</span> <span class='ocrx_word' id='word_1_89' title='bbox 910 1167 1036 1231; x_wconf 90' lang='lat' dir='ltr'>sint</span> <span class='ocrx_word' id='word_1_90' title='bbox 1068 1186 1338 1251; x_wconf 76' lang='lat' dir='ltr'>capaces,</span> <span class='ocrx_word' id='word_1_91' title='bbox 1376 1169 1447 1230; x_wconf 93' lang='lat' dir='ltr'>ut</span> <span class='ocrx_word' id='word_1_92' title='bbox 1473 1167 1592 1230; x_wconf 88' lang='lat' dir='ltr'>fert</span> <span class='ocrx_word' id='word_1_93' title='bbox 1620 1167 1756 1249; x_wconf 89' lang='lat' dir='ltr'>ipsa</span> <span class='ocrx_word' id='word_1_94' title='bbox 1789 1164 2072 1247; x_wconf 79' lang='lat' dir='ltr'>quaestio</span> <span class='ocrx_word' id='word_1_95' title='bbox 2108 1162 2711 1228; x_wconf 89' lang='lat' dir='ltr'>Salmanticensium.</span> 
     </span>
    </p>

    <p class='ocr_par' dir='ltr' id='par_1_4' title="bbox 700 1265 3162 1666">
     <span class='ocr_line' id='line_1_11' title="bbox 880 1265 3162 1352; baseline 0.001 -22"><span class='ocrx_word' id='word_1_96' title='bbox 880 1265 949 1330; x_wconf 83' lang='lat'>2⁰</span> <span class='ocrx_word' id='word_1_97' title='bbox 984 1268 1278 1352; x_wconf 83' lang='lat' dir='ltr'>Alioquin</span> <span class='ocrx_word' id='word_1_98' title='bbox 1328 1269 1658 1333; x_wconf 86' lang='lat' dir='ltr'>Marchant</span> <span class='ocrx_word' id='word_1_99' title='bbox 1693 1269 1844 1331; x_wconf 85' lang='lat' dir='ltr'>haec</span> <span class='ocrx_word' id='word_1_100' title='bbox 1883 1267 2034 1330; x_wconf 89' lang='lat' dir='ltr'>dicit</span> <span class='ocrx_word' id='word_1_101' title='bbox 2070 1286 2141 1330; x_wconf 83' lang='lat' dir='ltr'>ex</span> <span class='ocrx_word' id='word_1_102' title='bbox 2187 1269 2630 1350; x_wconf 86' lang='lat' dir='ltr'>praeconcepto</span> <span class='ocrx_word' id='word_1_103' title='bbox 2662 1267 3040 1349; x_wconf 88' lang='lat' dir='ltr'>praeiudicio</span> <span class='ocrx_word' id='word_1_104' title='bbox 3087 1268 3162 1333; x_wconf 86' lang='lat' dir='ltr'>de</span> 
     </span>
     <span class='ocr_line' id='line_1_12' title="bbox 702 1369 3159 1453; baseline 0.001 -21"><span class='ocrx_word' id='word_1_105' title='bbox 702 1369 884 1433; x_wconf 91' lang='lat' dir='ltr'>modo</span> <span class='ocrx_word' id='word_1_106' title='bbox 927 1371 1213 1435; x_wconf 88' lang='lat' dir='ltr'>audiendi</span> <span class='ocrx_word' id='word_1_107' title='bbox 1246 1372 1524 1436; x_wconf 86' lang='lat' dir='ltr'>Missam.</span> <span class='ocrx_word' id='word_1_108' title='bbox 1562 1371 1867 1434; x_wconf 86' lang='lat' dir='ltr'>Videatur</span> <span class='ocrx_word' id='word_1_109' title='bbox 1901 1389 1947 1433; x_wconf 88' lang='lat' dir='ltr'>s.</span> <span class='ocrx_word' id='word_1_110' title='bbox 1982 1369 2166 1451; x_wconf 81' lang='lat' dir='ltr'>Alph.</span> <span class='ocrx_word' id='word_1_111' title='bbox 2200 1369 2308 1432; x_wconf 91' lang='lat' dir='ltr'>lib.</span> <span class='ocrx_word' id='word_1_112' title='bbox 2342 1369 2403 1432; x_wconf 85' lang='lat'>3.</span> <span class='ocrx_word' id='word_1_113' title='bbox 2439 1388 2498 1433; x_wconf 91' lang='lat' dir='ltr'>n.</span> <span class='ocrx_word' id='word_1_114' title='bbox 2533 1369 2684 1433; x_wconf 85' lang='lat'>313.</span> <span class='ocrx_word' id='word_1_115' title='bbox 2719 1371 2784 1432; x_wconf 89' lang='lat' dir='ltr'>et</span> <span class='ocrx_word' id='word_1_116' title='bbox 2816 1370 3159 1453; x_wconf 83' lang='lat' dir='ltr'>apparebit,</span> 
     </span>
     <span class='ocr_line' id='line_1_13' title="bbox 702 1475 3160 1563; baseline 0.002 -26"><span class='ocrx_word' id='word_1_117' title='bbox 702 1475 1011 1542; x_wconf 88' lang='lat' dir='ltr'>immerito</span> <span class='ocrx_word' id='word_1_118' title='bbox 1046 1479 1350 1552; x_wconf 87' lang='lat' dir='ltr'>contendi,</span> <span class='ocrx_word' id='word_1_119' title='bbox 1391 1480 1506 1542; x_wconf 90' lang='lat' dir='ltr'>sub</span> <span class='ocrx_word' id='word_1_120' title='bbox 1555 1478 1730 1563; x_wconf 85' lang='lat' dir='ltr'>gravi</span> <span class='ocrx_word' id='word_1_121' title='bbox 1766 1476 2121 1560; x_wconf 90' lang='lat' dir='ltr'>quempiam</span> <span class='ocrx_word' id='word_1_122' title='bbox 2153 1476 2350 1541; x_wconf 90' lang='lat' dir='ltr'>teneri</span> <span class='ocrx_word' id='word_1_123' title='bbox 2380 1476 2457 1540; x_wconf 86' lang='lat' dir='ltr'>ad</span> <span class='ocrx_word' id='word_1_124' title='bbox 2492 1477 2922 1555; x_wconf 85' lang='lat' dir='ltr'>attentionem,</span> <span class='ocrx_word' id='word_1_125' title='bbox 2972 1497 3160 1560; x_wconf 86' lang='lat' dir='ltr'>quam</span> 
     </span>
     <span class='ocr_line' id='line_1_14' title="bbox 700 1577 1496 1666; baseline 0.008 -27"><span class='ocrx_word' id='word_1_126' title='bbox 700 1577 818 1641; x_wconf 84' lang='lat' dir='ltr'>iste</span> <span class='ocrx_word' id='word_1_127' title='bbox 851 1583 1069 1644; x_wconf 88' lang='lat' dir='ltr'>auctor</span> <span class='ocrx_word' id='word_1_128' title='bbox 1100 1582 1496 1666; x_wconf 81' lang='lat' dir='ltr'>excogitavit.</span> 
     </span>
    </p>

    <p class='ocr_par' dir='ltr' id='par_1_5' title="bbox 703 1677 3162 1871">
     <span class='ocr_line' id='line_1_15' title="bbox 789 1677 3162 1767; baseline -0.001 -16"><span class='ocrx_word' id='word_1_129' title='bbox 789 1677 967 1751; x_wconf 82' lang='lat'>338.</span> <span class='ocrx_word' id='word_1_130' title='bbox 996 1684 1138 1746; x_wconf 86' lang='lat' dir='ltr'>Alia</span> <span class='ocrx_word' id='word_1_131' title='bbox 1162 1684 1235 1749; x_wconf 88' lang='lat' dir='ltr'>de</span> <span class='ocrx_word' id='word_1_132' title='bbox 1262 1685 1467 1767; x_wconf 85' lang='lat' dir='ltr'>pueris</span> <span class='ocrx_word' id='word_1_133' title='bbox 1500 1684 1785 1765; x_wconf 86' lang='lat' dir='ltr'>quaestio</span> <span class='ocrx_word' id='word_1_134' title='bbox 1818 1685 1929 1761; x_wconf 88' lang='lat' dir='ltr'>est,</span> <span class='ocrx_word' id='word_1_135' title='bbox 1959 1702 2037 1746; x_wconf 88' lang='lat' dir='ltr'>an</span> <span class='ocrx_word' id='word_1_136' title='bbox 2070 1682 2426 1766; x_wconf 87' lang='lat' dir='ltr'>obligentur</span> <span class='ocrx_word' id='word_1_137' title='bbox 2455 1681 2698 1765; x_wconf 87' lang='lat' dir='ltr'>legibus</span> <span class='ocrx_word' id='word_1_138' title='bbox 2730 1682 3162 1748; x_wconf 84' lang='lat' dir='ltr'>ecclesiasticis</span> 
     </span>
     <span class='ocr_line' id='line_1_16' title="bbox 703 1786 2599 1871; baseline 0 -22"><span class='ocrx_word' id='word_1_139' title='bbox 703 1789 845 1850; x_wconf 82' lang='lat' dir='ltr'>ante</span> <span class='ocrx_word' id='word_1_140' title='bbox 878 1791 1285 1870; x_wconf 86' lang='lat' dir='ltr'>septennium,</span> <span class='ocrx_word' id='word_1_141' title='bbox 1322 1790 1373 1853; x_wconf 83' lang='lat' dir='ltr'>si</span> <span class='ocrx_word' id='word_1_142' title='bbox 1405 1790 1531 1853; x_wconf 89' lang='lat' dir='ltr'>iam</span> <span class='ocrx_word' id='word_1_143' title='bbox 1572 1789 1961 1871; x_wconf 84' lang='lat' dir='ltr'>pervenerint</span> <span class='ocrx_word' id='word_1_144' title='bbox 1993 1787 2071 1851; x_wconf 90' lang='lat' dir='ltr'>ad</span> <span class='ocrx_word' id='word_1_145' title='bbox 2102 1806 2287 1851; x_wconf 86' lang='lat' dir='ltr'>usum</span> <span class='ocrx_word' id='word_1_146' title='bbox 2318 1786 2599 1852; x_wconf 79' lang='lat' dir='ltr'>rationiS.</span> 
     </span>
    </p>

    <p class='ocr_par' dir='ltr' id='par_1_6' title="bbox 698 1888 3165 3410">
     <span class='ocr_line' id='line_1_17' title="bbox 792 1888 3161 1973; baseline 0.001 -22"><span class='ocrx_word' id='word_1_147' title='bbox 792 1888 851 1951; x_wconf 94' lang='lat' dir='ltr'>S.</span> <span class='ocrx_word' id='word_1_148' title='bbox 885 1889 1239 1971; x_wconf 81' lang='lat' dir='ltr'>Alphonsus</span> <span class='ocrx_word' id='word_1_149' title='bbox 1287 1911 1344 1954; x_wconf 88' lang='lat' dir='ltr'>n.</span> <span class='ocrx_word' id='word_1_150' title='bbox 1401 1893 1545 1954; x_wconf 77' lang='lat'>155.</span> <span class='ocrx_word' id='word_1_151' title='bbox 1595 1891 1831 1954; x_wconf 86' lang='lat' dir='ltr'>indicat</span> <span class='ocrx_word' id='word_1_152' title='bbox 1867 1890 2225 1973; x_wconf 84' lang='lat' dir='ltr'>negativam</span> <span class='ocrx_word' id='word_1_153' title='bbox 2259 1909 2295 1953; x_wconf 92' lang='lat' dir='ltr'>a</span> <span class='ocrx_word' id='word_1_154' title='bbox 2326 1889 2696 1970; x_wconf 87' lang='lat' dir='ltr'>quibusdam</span> <span class='ocrx_word' id='word_1_155' title='bbox 2734 1890 2933 1954; x_wconf 86' lang='lat' dir='ltr'>teneri</span> <span class='ocrx_word' id='word_1_156' title='bbox 2978 1890 3161 1971; x_wconf 88' lang='lat' dir='ltr'>idque</span> 
     </span>
     <span class='ocr_line' id='line_1_18' title="bbox 702 1991 3165 2075; baseline 0.001 -22"><span class='ocrx_word' id='word_1_157' title='bbox 702 1992 1017 2073; x_wconf 84' lang='lat' dir='ltr'>probabile</span> <span class='ocrx_word' id='word_1_158' title='bbox 1042 2013 1172 2056; x_wconf 86' lang='lat' dir='ltr'>esse</span> <span class='ocrx_word' id='word_1_159' title='bbox 1202 1995 1376 2058; x_wconf 82' lang='lat' dir='ltr'>iuxta</span> <span class='ocrx_word' id='word_1_160' title='bbox 1402 1992 1585 2057; x_wconf 82' lang='lat' dir='ltr'>Croix</span> <span class='ocrx_word' id='word_1_161' title='bbox 1608 1993 1715 2057; x_wconf 92' lang='lat' dir='ltr'>lib.</span> <span class='ocrx_word' id='word_1_162' title='bbox 1755 1996 1811 2055; x_wconf 93' lang='lat'>1.</span> <span class='ocrx_word' id='word_1_163' title='bbox 1846 2012 1906 2055; x_wconf 91' lang='lat' dir='ltr'>n.</span> <span class='ocrx_word' id='word_1_164' title='bbox 1948 1993 2119 2069; x_wconf 65' lang='lat'>676„</span> <span class='ocrx_word' id='word_1_165' title='bbox 2155 1992 2260 2055; x_wconf 86' lang='lat' dir='ltr'>sed</span> <span class='ocrx_word' id='word_1_166' title='bbox 2284 1991 2665 2075; x_wconf 85' lang='lat' dir='ltr'>probabilius</span> <span class='ocrx_word' id='word_1_167' title='bbox 2698 2010 2736 2055; x_wconf 89' lang='lat' dir='ltr'>a</span> <span class='ocrx_word' id='word_1_168' title='bbox 2766 1992 2967 2056; x_wconf 86' lang='lat' dir='ltr'>Bosco</span> <span class='ocrx_word' id='word_1_169' title='bbox 3002 1993 3165 2057; x_wconf 87' lang='lat' dir='ltr'>affir-</span> 
     </span>
     <span class='ocr_line' id='line_1_19' title="bbox 702 2093 3157 2160; baseline 0.001 -5"><span class='ocrx_word' id='word_1_170' title='bbox 702 2095 877 2156; x_wconf 87' lang='lat' dir='ltr'>mari.</span> <span class='ocrx_word' id='word_1_171' title='bbox 915 2095 1146 2159; x_wconf 86' lang='lat' dir='ltr'>Verum</span> <span class='ocrx_word' id='word_1_172' title='bbox 1180 2096 1328 2160; x_wconf 89' lang='lat' dir='ltr'>alibi</span> <span class='ocrx_word' id='word_1_173' title='bbox 1359 2096 1446 2159; x_wconf 93' lang='lat' dir='ltr'>lib</span> <span class='ocrx_word' id='word_1_174' title='bbox 1479 2097 1538 2160; x_wconf 84' lang='lat'>3.</span> <span class='ocrx_word' id='word_1_175' title='bbox 1575 2117 1633 2160; x_wconf 92' lang='lat' dir='ltr'>n.</span> <span class='ocrx_word' id='word_1_176' title='bbox 1671 2097 1820 2159; x_wconf 81' lang='lat'>270.</span> <span class='ocrx_word' id='word_1_177' title='bbox 1848 2095 2072 2158; x_wconf 87' lang='lat' dir='ltr'>clarior</span> <span class='ocrx_word' id='word_1_178' title='bbox 2095 2113 2190 2158; x_wconf 90' lang='lat' dir='ltr'>res</span> <span class='ocrx_word' id='word_1_179' title='bbox 2221 2093 2499 2158; x_wconf 88' lang='lat' dir='ltr'>redditur</span> <span class='ocrx_word' id='word_1_180' title='bbox 2522 2113 2560 2158; x_wconf 89' lang='lat' dir='ltr'>a</span> <span class='ocrx_word' id='word_1_181' title='bbox 2592 2112 2639 2158; x_wconf 87' lang='lat' dir='ltr'>s.</span> <span class='ocrx_word' id='word_1_182' title='bbox 2675 2094 2965 2159; x_wconf 87' lang='lat' dir='ltr'>Doctore.</span> <span class='ocrx_word' id='word_1_183' title='bbox 2999 2094 3157 2159; x_wconf 89' lang='lat' dir='ltr'>Nam</span> 
     </span>
     <span class='ocr_line' id='line_1_20' title="bbox 701 2196 3163 2282; baseline 0 -23"><span class='ocrx_word' id='word_1_184' title='bbox 701 2198 1069 2261; x_wconf 88' lang='lat' dir='ltr'>sententiam</span> <span class='ocrx_word' id='word_1_185' title='bbox 1117 2200 1466 2282; x_wconf 86' lang='lat' dir='ltr'>negantem,</span> <span class='ocrx_word' id='word_1_186' title='bbox 1517 2218 1740 2281; x_wconf 89' lang='lat' dir='ltr'>pueros</span> <span class='ocrx_word' id='word_1_187' title='bbox 1789 2197 2091 2261; x_wconf 89' lang='lat' dir='ltr'>eiusmodi</span> <span class='ocrx_word' id='word_1_188' title='bbox 2138 2197 2380 2280; x_wconf 89' lang='lat' dir='ltr'>legibus</span> <span class='ocrx_word' id='word_1_189' title='bbox 2405 2197 2700 2276; x_wconf 72' lang='lat' dir='ltr'>positivis</span> <span class='ocrx_word' id='word_1_190' title='bbox 2745 2196 2963 2272; x_wconf 87' lang='lat' dir='ltr'>teneri,</span> <span class='ocrx_word' id='word_1_191' title='bbox 3014 2198 3163 2262; x_wconf 86' lang='lat' dir='ltr'>dicit</span> 
     </span>
     <span class='ocr_line' id='line_1_21' title="bbox 698 2298 3158 2384; baseline 0.001 -23"><span class='ocrx_word' id='word_1_192' title='bbox 698 2319 824 2362; x_wconf 77' lang='lat' dir='ltr'>non</span> <span class='ocrx_word' id='word_1_193' title='bbox 861 2301 1162 2365; x_wconf 69' lang='lat' dir='ltr'>e&#39;rmnerz&#39;to</span> <span class='ocrx_word' id='word_1_194' title='bbox 1194 2300 1413 2364; x_wconf 69' lang='lat' dir='ltr'>habere?</span> <span class='ocrx_word' id='word_1_195' title='bbox 1433 2301 1858 2380; x_wconf 74' lang='lat' dir='ltr'>probabi-lem.-</span> <span class='ocrx_word' id='word_1_196' title='bbox 1891 2300 2117 2383; x_wconf 90' lang='lat' dir='ltr'>quippe</span> <span class='ocrx_word' id='word_1_197' title='bbox 2147 2298 2316 2382; x_wconf 87' lang='lat' dir='ltr'>leges</span> <span class='ocrx_word' id='word_1_198' title='bbox 2348 2298 2653 2382; x_wconf 85' lang='lat' dir='ltr'>positivae</span> <span class='ocrx_word' id='word_1_199' title='bbox 2684 2317 2806 2364; x_wconf 91' lang='lat' dir='ltr'>non</span> <span class='ocrx_word' id='word_1_200' title='bbox 2855 2299 3158 2384; x_wconf 84' lang='lat' dir='ltr'>obligant,</span> 
     </span>
     <span class='ocr_line' id='line_1_22' title="bbox 699 2401 3158 2486; baseline 0.001 -22"><span class='ocrx_word' id='word_1_201' title='bbox 699 2402 817 2465; x_wconf 90' lang='lat' dir='ltr'>nisi</span> <span class='ocrx_word' id='word_1_202' title='bbox 864 2403 1039 2466; x_wconf 82' lang='lat' dir='ltr'>iuxta</span> <span class='ocrx_word' id='word_1_203' title='bbox 1086 2404 1496 2467; x_wconf 84' lang='lat' dir='ltr'>communiter</span> <span class='ocrx_word' id='word_1_204' title='bbox 1534 2403 1978 2486; x_wconf 85' lang='lat' dir='ltr'>contingentia.</span> <span class='ocrx_word' id='word_1_205' title='bbox 2014 2401 2379 2485; x_wconf 88' lang='lat' dir='ltr'>Oppositam</span> <span class='ocrx_word' id='word_1_206' title='bbox 2427 2405 2635 2466; x_wconf 89' lang='lat' dir='ltr'>tamen</span> <span class='ocrx_word' id='word_1_207' title='bbox 2672 2401 3006 2466; x_wconf 86' lang='lat' dir='ltr'>tenendam</span> <span class='ocrx_word' id='word_1_208' title='bbox 3051 2422 3158 2467; x_wconf 86' lang='lat' dir='ltr'>ceu</span> 
     </span>
     <span class='ocr_line' id='line_1_23' title="bbox 699 2504 3157 2589; baseline 0 -22"><span class='ocrx_word' id='word_1_209' title='bbox 699 2523 1089 2569; x_wconf 81' lang='lat' dir='ltr'>communem</span> <span class='ocrx_word' id='word_1_210' title='bbox 1121 2505 1290 2576; x_wconf 80' lang='lat' dir='ltr'>dicit,</span> <span class='ocrx_word' id='word_1_211' title='bbox 1325 2505 1377 2567; x_wconf 90' lang='lat' dir='ltr'>si</span> <span class='ocrx_word' id='word_1_212' title='bbox 1410 2522 1609 2568; x_wconf 84' lang='lat' dir='ltr'>sermo</span> <span class='ocrx_word' id='word_1_213' title='bbox 1643 2504 1726 2566; x_wconf 87' lang='lat' dir='ltr'>sit</span> <span class='ocrx_word' id='word_1_214' title='bbox 1764 2505 1837 2568; x_wconf 85' lang='lat' dir='ltr'>de</span> <span class='ocrx_word' id='word_1_215' title='bbox 1871 2506 2195 2589; x_wconf 87' lang='lat' dir='ltr'>praecepto</span> <span class='ocrx_word' id='word_1_216' title='bbox 2230 2523 2470 2568; x_wconf 88' lang='lat' dir='ltr'>annuae</span> <span class='ocrx_word' id='word_1_217' title='bbox 2508 2504 2908 2569; x_wconf 88' lang='lat' dir='ltr'>confessionis</span> <span class='ocrx_word' id='word_1_218' title='bbox 2956 2505 3157 2587; x_wconf 84' lang='lat' dir='ltr'>quoad</span> 
     </span>
     <span class='ocr_line' id='line_1_24' title="bbox 700 2606 3161 2692; baseline 0.001 -23"><span class='ocrx_word' id='word_1_219' title='bbox 700 2626 823 2673; x_wconf 79' lang='lat' dir='ltr'>eos,</span> <span class='ocrx_word' id='word_1_220' title='bbox 859 2609 962 2688; x_wconf 91' lang='lat' dir='ltr'>qui</span> <span class='ocrx_word' id='word_1_221' title='bbox 998 2609 1438 2672; x_wconf 81' lang='lat' dir='ltr'>conscientiam</span> <span class='ocrx_word' id='word_1_222' title='bbox 1469 2609 1738 2671; x_wconf 83' lang='lat' dir='ltr'>habeant</span> <span class='ocrx_word' id='word_1_223' title='bbox 1770 2609 2005 2690; x_wconf 83' lang='lat' dir='ltr'>peccati</span> <span class='ocrx_word' id='word_1_224' title='bbox 2037 2609 2340 2673; x_wconf 89' lang='lat' dir='ltr'>mortalis.</span> <span class='ocrx_word' id='word_1_225' title='bbox 2382 2606 2621 2691; x_wconf 83' lang='lat' dir='ltr'>Quippe</span> <span class='ocrx_word' id='word_1_226' title='bbox 2666 2609 2731 2672; x_wconf 91' lang='lat' dir='ltr'>in</span> <span class='ocrx_word' id='word_1_227' title='bbox 2762 2628 2898 2692; x_wconf 86' lang='lat' dir='ltr'>cap.</span> <span class='ocrx_word' id='word_1_228' title='bbox 2942 2608 3161 2672; x_wconf 77' lang='lat' dir='ltr'>Omnis</span> 
     </span>
     <span class='ocr_line' id='line_1_25' title="bbox 701 2710 3156 2794; baseline 0.003 -26"><span class='ocrx_word' id='word_1_229' title='bbox 701 2710 1025 2790; x_wconf 69' lang='lat' dir='ltr'>utriusque</span> <span class='ocrx_word' id='word_1_230' title='bbox 1074 2712 1432 2794; x_wconf 88' lang='lat' dir='ltr'>obligantur</span> <span class='ocrx_word' id='word_1_231' title='bbox 1480 2710 1555 2773; x_wconf 90' lang='lat' dir='ltr'>ad</span> <span class='ocrx_word' id='word_1_232' title='bbox 1612 2730 1882 2774; x_wconf 84' lang='lat' dir='ltr'>annuam</span> <span class='ocrx_word' id='word_1_233' title='bbox 1929 2712 2373 2776; x_wconf 84' lang='lat' dir='ltr'>confessionem</span> <span class='ocrx_word' id='word_1_234' title='bbox 2419 2712 2791 2793; x_wconf 83' lang='lat' dir='ltr'>quicumque</span> <span class='ocrx_word' id='word_1_235' title='bbox 2840 2711 2919 2776; x_wconf 89' lang='lat' dir='ltr'>ad</span> <span class='ocrx_word' id='word_1_236' title='bbox 2967 2731 3156 2777; x_wconf 89' lang='lat' dir='ltr'>annos</span> 
     </span>
     <span class='ocr_line' id='line_1_26' title="bbox 699 2810 3154 2896; baseline 0.003 -24"><span class='ocrx_word' id='word_1_237' title='bbox 699 2810 1085 2876; x_wconf 87' lang='lat' dir='ltr'>discretionis</span> <span class='ocrx_word' id='word_1_238' title='bbox 1111 2813 1498 2894; x_wconf 82' lang='lat' dir='ltr'>pervenerint</span> <span class='ocrx_word' id='word_1_239' title='bbox 1530 2814 1592 2877; x_wconf 92' lang='lat' dir='ltr'>et</span> <span class='ocrx_word' id='word_1_240' title='bbox 1628 2832 1807 2877; x_wconf 88' lang='lat' dir='ltr'>voces</span> <span class='ocrx_word' id='word_1_241' title='bbox 1840 2812 1929 2876; x_wconf 81' lang='lat' dir='ltr'>ad</span> <span class='ocrx_word' id='word_1_242' title='bbox 1955 2833 2157 2877; x_wconf 76' lang='lat' dir='ltr'>annos</span> <span class='ocrx_word' id='word_1_243' title='bbox 2189 2813 2584 2877; x_wconf 79' lang='lat' dir='ltr'>discretionis</span> <span class='ocrx_word' id='word_1_244' title='bbox 2614 2812 2841 2879; x_wconf 83' lang='lat' dir='ltr'>Glossa</span> <span class='ocrx_word' id='word_1_245' title='bbox 2871 2815 3154 2896; x_wconf 83' lang='lat' dir='ltr'>explicat,</span> 
     </span>
     <span class='ocr_line' id='line_1_27' title="bbox 699 2914 3157 3003; baseline 0.001 -24"><span class='ocrx_word' id='word_1_246' title='bbox 699 2914 862 2990; x_wconf 75' lang='lat' dir='ltr'>idest</span> <span class='ocrx_word' id='word_1_247' title='bbox 889 2936 1026 2980; x_wconf 71' lang='lat' dir='ltr'>cum</span> <span class='ocrx_word' id='word_1_248' title='bbox 1064 2921 1158 2981; x_wconf 75' lang='lat' dir='ltr'>est</span> <span class='ocrx_word' id='word_1_249' title='bbox 1201 2916 1332 2981; x_wconf 70' lang='lat' dir='ltr'>dole?</span> <span class='ocrx_word' id='word_1_250' title='bbox 1375 2937 1594 2996; x_wconf 68' lang='lat' dir='ltr'>capax.</span> <span class='ocrx_word' id='word_1_251' title='bbox 1631 2918 1865 2981; x_wconf 88' lang='lat' dir='ltr'>Verum</span> <span class='ocrx_word' id='word_1_252' title='bbox 1913 2937 1987 2982; x_wconf 92' lang='lat' dir='ltr'>ne</span> <span class='ocrx_word' id='word_1_253' title='bbox 2034 2918 2195 2981; x_wconf 80' lang='lat' dir='ltr'>eirca</span> <span class='ocrx_word' id='word_1_254' title='bbox 2227 2919 2344 2982; x_wconf 89' lang='lat' dir='ltr'>hoc</span> <span class='ocrx_word' id='word_1_255' title='bbox 2381 2918 2630 2999; x_wconf 89' lang='lat' dir='ltr'>quidem</span> <span class='ocrx_word' id='word_1_256' title='bbox 2667 2918 2883 3003; x_wconf 87' lang='lat' dir='ltr'>negari</span> <span class='ocrx_word' id='word_1_257' title='bbox 2930 2920 3157 3002; x_wconf 87' lang='lat' dir='ltr'>poterit</span> 
     </span>
     <span class='ocr_line' id='line_1_28' title="bbox 698 3018 3160 3104; baseline 0.001 -22"><span class='ocrx_word' id='word_1_258' title='bbox 698 3018 1106 3100; x_wconf 86' lang='lat' dir='ltr'>probabilitas</span> <span class='ocrx_word' id='word_1_259' title='bbox 1132 3020 1451 3103; x_wconf 87' lang='lat' dir='ltr'>oppositae</span> <span class='ocrx_word' id='word_1_260' title='bbox 1477 3021 1838 3085; x_wconf 89' lang='lat' dir='ltr'>sententiae.</span> <span class='ocrx_word' id='word_1_261' title='bbox 1864 3020 2007 3085; x_wconf 91' lang='lat' dir='ltr'>Vid.</span> <span class='ocrx_word' id='word_1_262' title='bbox 2033 3018 2217 3085; x_wconf 81' lang='lat' dir='ltr'>Croix</span> <span class='ocrx_word' id='word_1_263' title='bbox 2239 3020 2347 3086; x_wconf 89' lang='lat' dir='ltr'>lib.</span> <span class='ocrx_word' id='word_1_264' title='bbox 2385 3022 2445 3085; x_wconf 88' lang='lat'>3.</span> <span class='ocrx_word' id='word_1_265' title='bbox 2480 3041 2538 3104; x_wconf 91' lang='lat' dir='ltr'>p.</span> <span class='ocrx_word' id='word_1_266' title='bbox 2571 3023 2627 3085; x_wconf 91' lang='lat'>1.</span> <span class='ocrx_word' id='word_1_267' title='bbox 2660 3041 2721 3084; x_wconf 91' lang='lat' dir='ltr'>n.</span> <span class='ocrx_word' id='word_1_268' title='bbox 2749 3021 2899 3084; x_wconf 79' lang='lat'>615.</span> <span class='ocrx_word' id='word_1_269' title='bbox 2935 3020 3160 3100; x_wconf 81' lang='lat' dir='ltr'>Quam·</span> 
     </span>
     <span class='ocr_line' id='line_1_29' title="bbox 699 3122 3153 3207; baseline 0.002 -25"><span class='ocrx_word' id='word_1_270' title='bbox 699 3139 888 3201; x_wconf 88' lang='lat' dir='ltr'>quam</span> <span class='ocrx_word' id='word_1_271' title='bbox 920 3122 1042 3186; x_wconf 88' lang='lat' dir='ltr'>fere</span> <span class='ocrx_word' id='word_1_272' title='bbox 1073 3122 1381 3187; x_wconf 91' lang='lat' dir='ltr'>inutiliter</span> <span class='ocrx_word' id='word_1_273' title='bbox 1405 3124 1528 3187; x_wconf 86' lang='lat' dir='ltr'>ista</span> <span class='ocrx_word' id='word_1_274' title='bbox 1554 3123 1987 3205; x_wconf 81' lang='lat' dir='ltr'>disputantur3</span> <span class='ocrx_word' id='word_1_275' title='bbox 2024 3122 2171 3204; x_wconf 85' lang='lat' dir='ltr'>quia.</span> <span class='ocrx_word' id='word_1_276' title='bbox 2195 3124 2269 3187; x_wconf 87' lang='lat' dir='ltr'>de</span> <span class='ocrx_word' id='word_1_277' title='bbox 2293 3123 2459 3187; x_wconf 89' lang='lat' dir='ltr'>hisce</span> <span class='ocrx_word' id='word_1_278' title='bbox 2492 3123 2980 3207; x_wconf 84' lang='lat' dir='ltr'>obligationibus</span> <span class='ocrx_word' id='word_1_279' title='bbox 3004 3124 3153 3188; x_wconf 89' lang='lat' dir='ltr'>nihil</span> 
     </span>
     <span class='ocr_line' id='line_1_30' title="bbox 698 3224 3159 3308; baseline 0.002 -22"><span class='ocrx_word' id='word_1_280' title='bbox 698 3225 872 3305; x_wconf 90' lang='lat' dir='ltr'>pueri</span> <span class='ocrx_word' id='word_1_281' title='bbox 904 3226 1108 3289; x_wconf 88' lang='lat' dir='ltr'>sciunt</span> <span class='ocrx_word' id='word_1_282' title='bbox 1143 3244 1252 3289; x_wconf 87' lang='lat' dir='ltr'>nec</span> <span class='ocrx_word' id='word_1_283' title='bbox 1291 3229 1527 3289; x_wconf 81' lang='lat' dir='ltr'>certum</span> <span class='ocrx_word' id='word_1_284' title='bbox 1561 3226 1859 3289; x_wconf 83' lang='lat' dir='ltr'>iudicium</span> <span class='ocrx_word' id='word_1_285' title='bbox 1892 3225 1964 3289; x_wconf 91' lang='lat' dir='ltr'>de</span> <span class='ocrx_word' id='word_1_286' title='bbox 1996 3245 2115 3289; x_wconf 89' lang='lat' dir='ltr'>usu</span> <span class='ocrx_word' id='word_1_287' title='bbox 2152 3225 2415 3289; x_wconf 85' lang='lat' dir='ltr'>rationis</span> <span class='ocrx_word' id='word_1_288' title='bbox 2445 3224 2714 3307; x_wconf 86' lang='lat' dir='ltr'>perfecto</span> <span class='ocrx_word' id='word_1_289' title='bbox 2748 3228 2893 3289; x_wconf 87' lang='lat' dir='ltr'>ante</span> <span class='ocrx_word' id='word_1_290' title='bbox 2924 3228 3159 3308; x_wconf 87' lang='lat' dir='ltr'>septen-</span> 
     </span>
     <span class='ocr_line' id='line_1_31' title="bbox 699 3325 1535 3410; baseline 0.006 -24"><span class='ocrx_word' id='word_1_291' title='bbox 699 3325 872 3388; x_wconf 90' lang='lat' dir='ltr'>nium</span> <span class='ocrx_word' id='word_1_292' title='bbox 908 3326 1028 3390; x_wconf 89' lang='lat' dir='ltr'>fere</span> <span class='ocrx_word' id='word_1_293' title='bbox 1059 3327 1272 3390; x_wconf 85' lang='lat' dir='ltr'>haberi</span> <span class='ocrx_word' id='word_1_294' title='bbox 1311 3331 1535 3410; x_wconf 84' lang='lat' dir='ltr'>potest.</span> 
     </span>
    </p>

    <p class='ocr_par' dir='ltr' id='par_1_7' title="bbox 695 3425 3160 4024">
     <span class='ocr_line' id='line_1_32' title="bbox 789 3425 3158 3515; baseline 0.002 -26"><span class='ocrx_word' id='word_1_295' title='bbox 789 3425 847 3489; x_wconf 92' lang='lat' dir='ltr'>S.</span> <span class='ocrx_word' id='word_1_296' title='bbox 875 3428 1058 3510; x_wconf 81' lang='lat' dir='ltr'>Alph.</span> <span class='ocrx_word' id='word_1_297' title='bbox 1095 3429 1200 3492; x_wconf 90' lang='lat' dir='ltr'>lib.</span> <span class='ocrx_word' id='word_1_298' title='bbox 1229 3432 1288 3493; x_wconf 81' lang='lat'>3.</span> <span class='ocrx_word' id='word_1_299' title='bbox 1318 3451 1374 3493; x_wconf 93' lang='lat' dir='ltr'>n.</span> <span class='ocrx_word' id='word_1_300' title='bbox 1406 3432 1553 3494; x_wconf 63' lang='lat'>⁶270.</span> <span class='ocrx_word' id='word_1_301' title='bbox 1582 3432 1687 3495; x_wconf 92' lang='lat' dir='ltr'>ubi</span> <span class='ocrx_word' id='word_1_302' title='bbox 1715 3431 1849 3515; x_wconf 88' lang='lat' dir='ltr'>agit</span> <span class='ocrx_word' id='word_1_303' title='bbox 1873 3430 1945 3495; x_wconf 89' lang='lat' dir='ltr'>de</span> <span class='ocrx_word' id='word_1_304' title='bbox 1976 3433 2301 3513; x_wconf 87' lang='lat' dir='ltr'>praecepto</span> <span class='ocrx_word' id='word_1_305' title='bbox 2335 3429 2623 3496; x_wconf 88' lang='lat' dir='ltr'>audiendi</span> <span class='ocrx_word' id='word_1_306' title='bbox 2654 3430 2935 3507; x_wconf 83' lang='lat' dir='ltr'>Missam,</span> <span class='ocrx_word' id='word_1_307' title='bbox 2964 3430 3158 3504; x_wconf 89' lang='lat' dir='ltr'>addit,</span> 
     </span>
     <span class='ocr_line' id='line_1_33' title="bbox 697 3528 3158 3616; baseline 0.002 -26"><span class='ocrx_word' id='word_1_308' title='bbox 697 3528 758 3590; x_wconf 92' lang='lat' dir='ltr'>in</span> <span class='ocrx_word' id='word_1_309' title='bbox 807 3529 993 3592; x_wconf 91' lang='lat' dir='ltr'>dubio</span> <span class='ocrx_word' id='word_1_310' title='bbox 1033 3532 1292 3595; x_wconf 84' lang='lat' dir='ltr'>rationis</span> <span class='ocrx_word' id='word_1_311' title='bbox 1334 3533 1590 3615; x_wconf 82' lang='lat' dir='ltr'>adeptae</span> <span class='ocrx_word' id='word_1_312' title='bbox 1629 3537 1771 3616; x_wconf 88' lang='lat' dir='ltr'>post</span> <span class='ocrx_word' id='word_1_313' title='bbox 1819 3533 2225 3616; x_wconf 89' lang='lat' dir='ltr'>septennium,</span> <span class='ocrx_word' id='word_1_314' title='bbox 2277 3533 2839 3615; x_wconf 87' lang='lat' dir='ltr'>praesumptionem</span> <span class='ocrx_word' id='word_1_315' title='bbox 2888 3551 2959 3597; x_wconf 84' lang='lat' dir='ltr'>ex</span> <span class='ocrx_word' id='word_1_316' title='bbox 2998 3551 3158 3597; x_wconf 88' lang='lat' dir='ltr'>com·</span> 
     </span>
     <span class='ocr_line' id='line_1_34' title="bbox 695 3631 3153 3720; baseline 0.002 -27"><span class='ocrx_word' id='word_1_317' title='bbox 695 3631 966 3694; x_wconf 89' lang='lat' dir='ltr'>muniter</span> <span class='ocrx_word' id='word_1_318' title='bbox 998 3633 1498 3719; x_wconf 80' lang='lat' dir='ltr'>contingentibus</span> <span class='ocrx_word' id='word_1_319' title='bbox 1531 3636 1883 3718; x_wconf 86' lang='lat' dir='ltr'>praevalere</span> <span class='ocrx_word' id='word_1_320' title='bbox 1910 3635 2182 3716; x_wconf 84' lang='lat' dir='ltr'>adeoque</span> <span class='ocrx_word' id='word_1_321' title='bbox 2207 3653 2429 3717; x_wconf 89' lang='lat' dir='ltr'>pueros</span> <span class='ocrx_word' id='word_1_322' title='bbox 2459 3636 2701 3720; x_wconf 86' lang='lat' dir='ltr'>legibus</span> <span class='ocrx_word' id='word_1_323' title='bbox 2727 3636 2943 3700; x_wconf 88' lang='lat' dir='ltr'>teneri.</span> <span class='ocrx_word' id='word_1_324' title='bbox 2978 3634 3153 3715; x_wconf 81' lang='lat' dir='ltr'>Quod</span> 
     </span>
     <span class='ocr_line' id='line_1_35' title="bbox 697 3732 3160 3822; baseline 0.002 -26"><span class='ocrx_word' id='word_1_325' title='bbox 697 3732 944 3814; x_wconf 89' lang='lat' dir='ltr'>quidem</span> <span class='ocrx_word' id='word_1_326' title='bbox 994 3739 1054 3799; x_wconf 87' lang='lat' dir='ltr'>et</span> <span class='ocrx_word' id='word_1_327' title='bbox 1104 3735 1371 3801; x_wconf 86' lang='lat' dir='ltr'>Sanchez</span> <span class='ocrx_word' id='word_1_328' title='bbox 1420 3738 1613 3802; x_wconf 84' lang='lat' dir='ltr'>tradit</span> <span class='ocrx_word' id='word_1_329' title='bbox 1651 3737 1803 3801; x_wconf 73' lang='lat' dir='ltr'>Dee.</span> <span class='ocrx_word' id='word_1_330' title='bbox 1846 3737 1952 3799; x_wconf 91' lang='lat' dir='ltr'>lib.</span> <span class='ocrx_word' id='word_1_331' title='bbox 1999 3739 2056 3802; x_wconf 91' lang='lat'>1.</span> <span class='ocrx_word' id='word_1_332' title='bbox 2092 3755 2223 3820; x_wconf 87' lang='lat' dir='ltr'>cap.</span> <span class='ocrx_word' id='word_1_333' title='bbox 2264 3739 2364 3800; x_wconf 82' lang='grc'>12.</span> <span class='ocrx_word' id='word_1_334' title='bbox 2417 3759 2474 3801; x_wconf 88' lang='grc'>11.</span> <span class='ocrx_word' id='word_1_335' title='bbox 2515 3739 2639 3815; x_wconf 83' lang='grc'><strong>13.,</strong></span> <span class='ocrx_word' id='word_1_336' title='bbox 2680 3738 2886 3819; x_wconf 89' lang='lat' dir='ltr'>quoad</span> <span class='ocrx_word' id='word_1_337' title='bbox 2925 3738 3160 3822; x_wconf 88' lang='lat' dir='ltr'>obliga-</span> 
     </span>
     <span class='ocr_line' id='line_1_36' title="bbox 696 3837 3153 3923; baseline 0.001 -23"><span class='ocrx_word' id='word_1_338' title='bbox 696 3837 929 3901; x_wconf 88' lang='lat' dir='ltr'>tionem</span> <span class='ocrx_word' id='word_1_339' title='bbox 962 3840 1358 3905; x_wconf 77' lang='lat' dir='ltr'>consessionis</span> <span class='ocrx_word' id='word_1_340' title='bbox 1399 3844 1460 3905; x_wconf 92' lang='lat' dir='ltr'>et</span> <span class='ocrx_word' id='word_1_341' title='bbox 1501 3842 1809 3904; x_wconf 87' lang='lat' dir='ltr'>Bonacina</span> <span class='ocrx_word' id='word_1_342' title='bbox 1853 3839 1925 3903; x_wconf 77' lang='lat' dir='ltr'>de</span> <span class='ocrx_word' id='word_1_343' title='bbox 1972 3839 2126 3921; x_wconf 62' lang='lat' dir='ltr'>Lea.</span> <span class='ocrx_word' id='word_1_344' title='bbox 2161 3841 2315 3922; x_wconf 86' lang='lat' dir='ltr'>disp.</span> <span class='ocrx_word' id='word_1_345' title='bbox 2362 3843 2418 3904; x_wconf 91' lang='lat'>1.</span> <span class='ocrx_word' id='word_1_346' title='bbox 2454 3860 2511 3922; x_wconf 88' lang='lat' dir='ltr'>q.</span> <span class='ocrx_word' id='word_1_347' title='bbox 2552 3844 2607 3904; x_wconf 91' lang='lat'>1.</span> <span class='ocrx_word' id='word_1_348' title='bbox 2648 3844 2858 3923; x_wconf 84' lang='lat' dir='ltr'>punct.</span> <span class='ocrx_word' id='word_1_349' title='bbox 2895 3843 2956 3904; x_wconf 83' lang='lat'>6.</span> <span class='ocrx_word' id='word_1_350' title='bbox 2991 3862 3051 3904; x_wconf 91' lang='lat' dir='ltr'>n.</span> <span class='ocrx_word' id='word_1_351' title='bbox 3096 3843 3153 3905; x_wconf 81' lang='lat'>9.</span> 
     </span>
     <span class='ocr_line' id='line_1_37' title="bbox 696 3940 2607 4024; baseline 0.002 -22"><span class='ocrx_word' id='word_1_352' title='bbox 696 3940 769 4003; x_wconf 88' lang='lat' dir='ltr'>de</span> <span class='ocrx_word' id='word_1_353' title='bbox 810 3940 1189 4024; x_wconf 87' lang='lat' dir='ltr'>obligatione</span> <span class='ocrx_word' id='word_1_354' title='bbox 1223 3942 1568 4007; x_wconf 79' lang='lat' dir='ltr'>abstinendi</span> <span class='ocrx_word' id='word_1_355' title='bbox 1603 3961 1638 4005; x_wconf 91' lang='lat' dir='ltr'>a</span> <span class='ocrx_word' id='word_1_356' title='bbox 1671 3944 1958 4006; x_wconf 87' lang='lat' dir='ltr'>carnibus</span> <span class='ocrx_word' id='word_1_357' title='bbox 1991 3962 2099 4005; x_wconf 90' lang='lat' dir='ltr'>seu</span> <span class='ocrx_word' id='word_1_358' title='bbox 2132 3942 2461 4007; x_wconf 85' lang='lat' dir='ltr'>lacticiniis</span> <span class='ocrx_word' id='word_1_359' title='bbox 2493 3947 2607 4008; x_wconf 91' lang='lat' dir='ltr'>etc.</span> 
     </span>
    </p>

    <p class='ocr_par' dir='ltr' id='par_1_8' title="bbox 697 4041 3156 4332">
     <span class='ocr_line' id='line_1_38' title="bbox 783 4041 3152 4130; baseline 0 -25"><span class='ocrx_word' id='word_1_360' title='bbox 783 4041 1052 4107; x_wconf 83' lang='lat' dir='ltr'>Adverte</span> <span class='ocrx_word' id='word_1_361' title='bbox 1080 4046 1308 4121; x_wconf 84' lang='lat' dir='ltr'>tamen,</span> <span class='ocrx_word' id='word_1_362' title='bbox 1330 4047 1479 4108; x_wconf 83' lang='lat' dir='ltr'>haec</span> <span class='ocrx_word' id='word_1_363' title='bbox 1502 4045 1903 4127; x_wconf 84' lang='lat' dir='ltr'>intelligenda</span> <span class='ocrx_word' id='word_1_364' title='bbox 1924 4063 2072 4121; x_wconf 86' lang='lat' dir='ltr'>esse,</span> <span class='ocrx_word' id='word_1_365' title='bbox 2094 4045 2341 4127; x_wconf 88' lang='lat' dir='ltr'>quando</span> <span class='ocrx_word' id='word_1_366' title='bbox 2366 4044 2625 4110; x_wconf 90' lang='lat' dir='ltr'>dubium</span> <span class='ocrx_word' id='word_1_367' title='bbox 2650 4048 2744 4109; x_wconf 89' lang='lat' dir='ltr'>est</span> <span class='ocrx_word' id='word_1_368' title='bbox 2766 4047 3152 4130; x_wconf 74' lang='lat' dir='ltr'>negativum.</span> 
     </span>
     <span class='ocr_line' id='line_1_39' title="bbox 697 4144 3156 4230; baseline 0.002 -24"><span class='ocrx_word' id='word_1_369' title='bbox 697 4144 858 4207; x_wconf 86' lang='lat' dir='ltr'>Nam</span> <span class='ocrx_word' id='word_1_370' title='bbox 894 4145 944 4207; x_wconf 84' lang='lat' dir='ltr'>si</span> <span class='ocrx_word' id='word_1_371' title='bbox 980 4146 1243 4228; x_wconf 84' lang='lat' dir='ltr'>prudens</span> <span class='ocrx_word' id='word_1_372' title='bbox 1271 4147 1429 4210; x_wconf 87' lang='lat' dir='ltr'>ratio</span> <span class='ocrx_word' id='word_1_373' title='bbox 1457 4150 1617 4211; x_wconf 82' lang='lat' dir='ltr'>esset</span> <span class='ocrx_word' id='word_1_374' title='bbox 1649 4166 1718 4211; x_wconf 86' lang='lat' dir='ltr'>ac</span> <span class='ocrx_word' id='word_1_375' title='bbox 1751 4147 2087 4229; x_wconf 87' lang='lat' dir='ltr'>probabilis</span> <span class='ocrx_word' id='word_1_376' title='bbox 2119 4165 2241 4211; x_wconf 90' lang='lat' dir='ltr'>non</span> <span class='ocrx_word' id='word_1_377' title='bbox 2275 4148 2561 4229; x_wconf 86' lang='lat' dir='ltr'>acquisiti</span> <span class='ocrx_word' id='word_1_378' title='bbox 2596 4166 2745 4212; x_wconf 90' lang='lat' dir='ltr'>usus</span> <span class='ocrx_word' id='word_1_379' title='bbox 2776 4148 3033 4230; x_wconf 84' lang='lat' dir='ltr'>perfecti</span> <span class='ocrx_word' id='word_1_380' title='bbox 3063 4167 3156 4211; x_wconf 85' lang='lat' dir='ltr'>ra-</span> 
     </span>
     <span class='ocr_line' id='line_1_40' title="bbox 697 4248 3154 4332; baseline 0 -22"><span class='ocrx_word' id='word_1_381' title='bbox 697 4248 907 4324; x_wconf 72' lang='lat' dir='ltr'>tioniS,</span> <span class='ocrx_word' id='word_1_382' title='bbox 951 4249 1183 4313; x_wconf 88' lang='lat' dir='ltr'>valeret</span> <span class='ocrx_word' id='word_1_383' title='bbox 1221 4249 1589 4332; x_wconf 85' lang='lat' dir='ltr'>principium</span> <span class='ocrx_word' id='word_1_384' title='bbox 1621 4248 1854 4328; x_wconf 71' lang='lat' dir='ltr'>factum</span> <span class='ocrx_word' id='word_1_385' title='bbox 1894 4268 2016 4313; x_wconf 78' lang='lat' dir='ltr'>non</span> <span class='ocrx_word' id='word_1_386' title='bbox 2043 4251 2496 4329; x_wconf 76' lang='lat' dir='ltr'>praesumitur,</span> <span class='ocrx_word' id='word_1_387' title='bbox 2534 4249 2649 4314; x_wconf 81' lang='lat' dir='ltr'>sed</span> <span class='ocrx_word' id='word_1_388' title='bbox 2657 4249 2929 4330; x_wconf 75' lang='lat' dir='ltr'>probari</span> <span class='ocrx_word' id='word_1_389' title='bbox 2958 4250 3154 4313; x_wconf 72' lang='lat' dir='ltr'>debet.</span> 
     </span>
    </p>
   </div>
   <div class='ocr_carea' id='block_1_3' title="bbox 3396 1826 3408 4400">
    <p class='ocr_par' dir='ltr' id='par_1_9' title="bbox 3396 1826 3408 4400">
     <span class='ocr_line' id='line_1_41' title="bbox 3396 1826 3408 4400; baseline 0 0"><span class='ocrx_word' id='word_1_390' title='bbox 3396 1826 3408 4400; x_wconf 95' lang='lat' dir='ltr'> </span> 
     </span>
    </p>
   </div>
  </div>
 </body>
</html>
