3529 5158
703 355 809 411 110
1221 368 1434 410 macr.
1472 370 1511 409 1.
1550 370 1634 409 nm
1672 368 1927 411 rior-raus
1965 368 2260 410 Humanis·
2298 366 2498 408 oAPn‘r
2533 365 2664 407 vm.
3027 351 3177 427 [117]

705 466 1034 540 amicitiae,
1084 467 1233 530 dum
1290 466 1559 529 amicum
1612 465 1868 541 salutat,
1929 464 2374 540 observantiae,
2425 462 2575 526 dum
2635 460 2941 543 superiori
2987 464 3179 545 caput

708 569 907 650 aperit
952 570 1016 633 et
1061 567 1439 642 huiusmodi,
1480 567 1607 632 imo
1638 568 1970 631 moveatur
2008 567 2144 631 sola
2183 564 2663 649 apprehensione
2709 563 2985 647 generali
3031 564 3177 628 boni

706 671 979 747 moralis,
1016 670 1181 752 quod
1213 689 1282 734 eo
1315 669 1552 747 recidit,
1590 671 1664 732 ut
1694 670 1759 733 in
1794 670 1940 733 actu
1971 687 2094 732 non
2128 667 2547 751 apprehendat
2577 666 2919 747 peccatum.

799 771 884 834 Et
927 772 1043 836 hoc
1090 771 1339 854 quidem
1386 772 1566 853 pacto
1621 771 1687 832 κ’
1733 769 2024 833 satisfieri
2081 768 2450 852 obligationi
2504 765 2813 849 praecepti
2870 766 3172 843 caritatis,

708 892 829 954 quo
864 876 1146 937 tenemur
1178 891 1364 955 opera
1399 872 1607 937 omnia
1647 872 1724 935 ad
1756 873 1960 936 Deum
1991 890 2100 935 seu
2133 871 2210 934 ad
2243 870 2357 933 Dei
2395 869 2662 953 gloriam
2694 867 2936 944 referre,
2964 870 3035 931 2ο
3058 868 3179 933 sin-

707 976 890 1060 gulas
939 974 1210 1038 actiones
1257 974 1502 1038 nostras
1565 973 1641 1037 ad
1705 975 1908 1037 Deum
1953 974 2128 1036 iuxta
2175 972 2462 1054 Apostoli
2522 970 2894 1034 sententiam
2941 970 3173 1044 referri,

709 1076 779 1139 30
810 1078 973 1140 recte
1005 1075 1143 1151 dici,
1181 1075 1504 1158 procedere
1539 1095 1572 1138 a
1606 1075 1869 1139 caritate
1901 1093 2010 1139 seu
2043 1093 2174 1138 esse
2208 1092 2242 1136 a
2276 1073 2537 1137 caritate
2563 1071 2931 1135 informatos
2966 1090 3178 1136 omnes

708 1179 885 1240 actus
931 1178 1195 1252 nostros,
1247 1177 1317 1238 4ο
1364 1175 1497 1240 fieri
1546 1177 1819 1241 actiones
1866 1178 2110 1239 nostras
2160 1174 2509 1239 meritorias
2557 1173 2725 1237 vitae
2772 1175 3056 1237 aeternae
3102 1173 3178 1237 de

709 1276 1033 1362 condigno,
1071 1295 1142 1341 ex
1174 1296 1223 1341 s,
1259 1277 1534 1342 Thomae
1566 1278 1847 1341 doctrina
1885 1278 2093 1359 palam
2132 1276 2448 1340 faciemus.

799 1375 932 1447 117.
983 1377 1100 1442 Sed
1146 1379 1318 1461 prius
1364 1379 1618 1443 innuere
1652 1379 1930 1461 praestat
1976 1378 2132 1441 illud
2182 1377 2346 1458 quod
2397 1377 2726 1460 peccarunt
2765 1376 2892 1450 alii,
2928 1377 3035 1458 qui
3068 1377 3183 1440 aut

711 1501 832 1546 non
865 1481 1134 1545 assecuti
1164 1482 1312 1545 sunt
1344 1483 1456 1544 aut
1493 1500 1617 1545 non
1648 1481 2040 1545 retinuerunt
2069 1480 2386 1543 notionem
2434 1498 2471 1542 a
2518 1497 2566 1542 s.
2601 1478 2844 1542 Thoma
2881 1479 3181 1542 traditam

710 1582 1030 1649 relationis
1091 1582 1381 1650 virtualis
1430 1584 1494 1645 et
1546 1581 1951 1645 nihilominus
1998 1582 2360 1662 receperunt
2412 1580 2544 1643 eius
2599 1579 2965 1652 doctrinam,
3016 1579 3184 1660 quod

712 1704 928 1768 nempe
951 1684 1172 1748 relatio
1200 1684 1479 1748 omnium
1513 1703 1770 1767 operum
1795 1683 1872 1746 ad
1896 1682 2010 1746 Dei
2034 1682 2305 1767 gloriam
2336 1682 2644 1763 pertineat
2677 1680 2754 1744 ad
2787 1684 3184 1763 praeceptum

711 1787 1011 1857 caritatis,
1062 1787 1381 1867 notionem
1436 1789 1645 1851 tamen
1692 1785 1981 1849 virtualis
2044 1783 2367 1848 relationis
2413 1800 2536 1846 non
2583 1800 2621 1845 a
2665 1801 2716 1845 s.
2767 1782 3026 1858 Thema,
3075 1782 3184 1846 sed

714 1891 922 1972 potius
971 1909 1004 1952 a
1053 1908 1101 1952 s,
1143 1889 1583 1953 Bonaventura
1622 1889 2026 1951 assumentes.
2068 1887 2264 1967 Atqui
2297 1884 2785 1948 animadvertere
2817 1883 3181 1961 debuerunt,

714 2012 764 2055 S.
800 1992 1303 2057 Bonaventuram
1350 1990 1652 2054 traditam
1699 2008 1733 2053 a
1782 2008 1846 2053 se
1892 1990 2208 2053 notionem
2256 1987 2543 2051 virtualis
2590 1985 2912 2051 relationis
2943 2004 3066 2052 non
3096 1985 3185 2050 di-

713 2093 870 2156 xisse
903 2092 1311 2156 necessariam
1348 2091 1422 2155 de
1456 2092 1801 2173 praeceptO,
1837 2090 1942 2153 sed
1975 2090 2051 2153 ad
2083 2108 2324 2152 merum
2356 2089 2686 2153 consilium
2717 2106 3053 2152 revocasse.
3088 2086 3182 2151 Ne

714 2194 909 2277 igitur
955 2196 1306 2280 monstrum
1368 2193 1681 2274 quoddam
1727 2192 2086 2265 habeamus,
2146 2190 2511 2254 alterutrius
2558 2190 2829 2255 doctoris
2877 2190 3184 2254 sententia

714 2295 1001 2378 eligatur,
1044 2296 1322 2378 oportet:
1365 2295 1471 2359 sed
1508 2295 1696 2359 simul
1730 2295 1843 2357 aut
1880 2295 2018 2358 tota
2047 2293 2159 2356 illa
2192 2293 2306 2356 aut
2341 2292 2479 2356 tota
2508 2293 2635 2356 ista
2664 2291 2983 2356 retinenda
3020 2293 3133 2355 est.

803 2396 874 2460 In
921 2415 1043 2478 quo
1092 2398 1303 2460 autem
1350 2397 1643 2461 differunt
1689 2396 1798 2460 isti
1845 2395 1969 2460 duo
2018 2395 2365 2459 Doctores?
2412 2395 2485 2458 In
2532 2395 2648 2458 hoc
2695 2412 2966 2478 prorsus,
3016 2394 3186 2476 quod

713 2499 953 2562 diverso
986 2496 1170 2561 modo
1206 2499 1526 2583 assignent
1573 2497 1786 2560 actum
1831 2496 2153 2561 relationis
2188 2496 2250 2559 in
2285 2496 2506 2569 Deum,
2556 2495 2734 2560 cuius
2772 2498 2951 2561 actus
2983 2496 3186 2559 virtus

711 2600 925 2664 deinde
971 2600 1266 2664 informet
1310 2601 1635 2680 sequentes
1686 2600 1978 2664 actiones,

802 2700 965 2763 Nam
997 2719 1046 2763 s.
1082 2700 1540 2774 Bonaventura,
1582 2701 1658 2764 ad
1690 2700 1850 2764 hanc
1875 2701 2211 2764 virtualem
2241 2701 2607 2765 relationem
2640 2699 3004 2776 habendam,
3040 2699 3190 2763 assi·-

713 2803 868 2886 gnat
892 2803 1121 2877 actum,
1149 2821 1271 2883 quo
1305 2803 1667 2866 inchoamus
1702 2803 1892 2883 atque
1926 2802 2002 2865 ad
2038 2805 2242 2867 Deum
2271 2802 2592 2866 referimus
2625 2802 2977 2886 singulares
3001 2821 3191 2885 quas·-

714 2904 859 2968 dam
883 2904 1068 2968 series
1093 2897 1412 2968 actionum
1431 2905 1810 2980 nostrarum,
1839 2922 1997 2984 quae
2023 2923 2166 2968 cum
2189 2906 2300 2969 ino
2327 2906 2473 2968 actu
2496 2905 2694 2969 veluti
2718 2923 2861 2968 cum
2893 2905 3191 2988 quopiam

716 3024 828 3070 suo
861 3006 981 3069 fine
1014 3006 1267 3088 speciali
1298 3006 1697 3090 colligantur.
1732 3006 1896 3070 Hinc
1929 3025 1985 3070 v,
2015 3027 2106 3090 gr.
2129 3007 2184 3070 si
2216 3007 2354 3087 quis
2388 3006 2601 3070 eodem
2632 3006 2729 3070 die
2761 3005 2944 3070 debet
2973 3024 3193 3071 curare

715 3109 1050 3184 infirmum,
1082 3109 1244 3173 alere
1268 3110 1393 3172 tres
1418 3127 1736 3191 pauperes,
1775 3108 2059 3189 perficere
2093 3108 2489 3184 vindemiam,
2511 3108 2840 3190 oportebit,
2867 3110 2944 3171 ut
2967 3107 3196 3191 triplex

714 3212 831 3277 hoc
870 3229 1025 3294 opus
1061 3210 1137 3274 ad
1171 3212 1375 3275 Deum
1406 3211 1780 3295 singillatim
1809 3211 2071 3274 referat:
2106 3211 2327 3274 relatio
2366 3212 2594 3286 tamen,
2629 3229 2754 3292 qua
2787 3211 2918 3274 Deo
2957 3211 3196 3275 dicavit

715 3315 1102 3378 curationem
1131 3314 1380 3384 infirmi,
1408 3312 1770 3377 informabit
1795 3313 2002 3376 omnia
2035 3312 2408 3388 virtualiter,
2441 3331 2601 3394 quae
2625 3312 2702 3376 ad
2727 3331 2870 3376 eum
2902 3313 3193 3377 effectum

717 3414 1078 3497 praestabit,
1114 3414 1361 3478 etiamsi
1400 3414 1556 3477 nihil
1602 3414 1884 3497 deinceps
1916 3415 1988 3478 de
2020 3415 2136 3478 hac
2173 3413 2471 3479 relatione
2518 3413 2770 3498 cogitet.
2805 3414 2888 3477 Et
2916 3413 3193 3497 idipsum

715 3514 1040 3579 dicendum
1087 3515 1162 3578 de
1211 3515 1351 3578 aliis
1401 3516 1772 3580 actionibus.

807 3618 895 3679 At
940 3635 1060 3681 non
1107 3616 1200 3680 ita
1248 3636 1297 3680 s.
1340 3617 1631 3683 Thomas
1679 3618 1801 3683 Hic
1849 3618 2011 3682 enim
2059 3619 2269 3682 actum
2314 3618 2634 3682 relationis
2679 3618 2745 3682 in
2791 3620 3014 3696 Deum,
3065 3639 3193 3701 quo

718 3717 932 3781 deinde
981 3720 1305 3799 sequentes
1354 3719 1626 3783 actiones
1689 3719 2101 3783 informentur
2147 3721 2210 3784 et
2254 3719 2433 3783 cuius
2488 3720 2722 3784 virtute
2768 3720 2889 3784 dici
2950 3721 3198 3803 possint

719 3838 929 3883 omnes
979 3819 1056 3884 ad
1102 3820 1219 3884 Dei
1268 3820 1536 3904 gloriam
1583 3821 1835 3895 relatae,
1872 3820 2201 3885 constituit
2246 3821 2311 3884 in
2359 3822 2504 3885 actu
2542 3821 2838 3904 quopiam
2885 3823 3196 3895 caritatis,

717 3939 840 3987 non
887 3941 1009 4004 quo
1059 3922 1344 4007 singulae
1393 3922 1666 3987 actiones
1701 3924 1815 3986 aut
1860 3922 2143 4006 singulae
2179 3941 2249 3987 ac
2278 3923 2574 4005 speciales
2619 3924 2806 3988 series
2854 3925 3198 4002 actionum,

717 4022 836 4088 fine
885 4025 1158 4105 quodam
1205 4025 1571 4109 particulari
1617 4025 2109 4108 comprehensae,
2154 4025 2230 4089 ad
2263 4026 2466 4090 Deum
2510 4025 2875 4102 referantur,
2919 4027 3025 4091 sed
3072 4047 3202 4109 quo

719 4125 907 4190 semel
956 4126 1095 4207 quis
1142 4127 1273 4191 Deo
1324 4145 1396 4190 ac
1444 4127 1558 4190 Dei
1606 4125 1861 4191 servitio
1910 4145 2018 4190 seu
2066 4125 2362 4209 obsequio
2409 4145 2473 4191 se
2521 4128 2729 4192 toturn
2775 4127 3037 4206 dedicat,
3088 4147 3210 4194 seu

721 4226 942 4298 Deum,
983 4228 1093 4308 qui
1139 4227 1213 4291 de
1259 4229 1393 4292 iure
1428 4228 1523 4293 est
1570 4228 1833 4293 ultimus
1881 4228 2020 4292 finis
2070 4229 2368 4302 omnium,
2409 4228 2602 4293 etiam
2637 4229 2711 4293 de
2741 4229 2909 4294 facto
2943 4230 3063 4294 sibi
3099 4230 3210 4294 ul-

722 4327 948 4390 timum
994 4327 1180 4392 finem
1227 4329 1575 4394 constituit.
1612 4330 1867 4395 Etcum
1915 4331 2064 4394 haec
2111 4331 2210 4394 sui
2258 4330 2565 4396 ordinatio
2613 4332 2677 4396 in
2725 4333 2927 4397 Deum
2975 4332 3206 4399 tandiu

721 4431 1083 4510 perseveret,
1119 4431 1394 4511 quandiu
1440 4431 1752 4513 quispiam
1800 4432 2026 4497 retinet
2072 4433 2360 4497 habitum
2420 4433 2703 4497 caritatis
2750 4452 2859 4497 seu
2905 4434 3207 4501 habitum

725 4530 966 4613 gratiae
1014 4532 1478 4606 sanctificantis,
1536 4533 1677 4599 hinc
1726 4534 1933 4600 omnia
1982 4553 2184 4617 opera,
2228 4553 2385 4617 quae
2432 4535 2573 4616 quis
2618 4535 2682 4599 in
2728 4536 2903 4599 statu
2949 4538 3208 4621 gratiae
