3529 5158
667 350 774 404 258
1264 364 1476 406 masor.
1517 364 1580 407 11.
1619 365 1705 405 nn
1741 362 2159 406 consciam-rra·
2196 363 2397 405 carm
2434 362 2523 403 ιιι.
2981 347 3129 424 [229]

659 461 1111 542 contemptum,
1147 460 1472 542 nequimus
1506 462 1569 525 et
1598 461 1972 545 regulariter
2014 481 2137 526 non
2185 462 2417 542 absque
2465 458 2723 524 alterius
2753 461 2817 524 et
2861 479 3129 542 praeser-

663 563 780 626 tim
818 563 1152 645 superioris
1205 563 1481 628 consilio.
1538 563 1835 645 Alioquin
1884 564 2073 629 timor
2124 562 2570 628 immoderatus
2618 563 2733 626 aut
2777 562 3126 627 inconsulta

661 664 1082 747 praesumptio
1115 665 1485 748 praecipitat
1505 692 1574 730 .».

770 876 1011 929 XXXVI.
1040 875 1286 942 Respond.
1315 877 1364 927 3.
1395 872 1541 938 signa
1577 872 1905 927 conscientiae
1943 875 2261 940 scrupulosae
2287 880 2402 927 sunt
2428 876 2474 925 l.
2503 872 2775 927 Pertinacia
2816 871 3001 939 iudicii,
3032 888 3125 939 qua

661 964 918 1016 doctorum
956 959 1174 1014 consiliis
1202 974 1296 1013 non
1322 959 1668 1025 acquiescunt:
1698 961 1826 1012 unde
1856 958 2021 1012 varios
2046 961 2306 1013 consulunt
2334 966 2383 1012 et
2410 958 2609 1023 fatigant
2635 973 2690 1012 ac
2716 961 2913 1013 tandem
2942 957 3126 1013 nullius

661 1045 844 1100 iudicio
869 1052 1015 1111 stant,
1045 1044 1138 1098 uisi
1163 1059 1271 1098 suo.
1294 1048 1342 1099 2.
1372 1047 1445 1097 Ex
1473 1044 1571 1097 levi
1590 1044 1872 1111 apparentia
1900 1046 2126 1109 frequens
2150 1042 2441 1097 iudiciorum
2463 1043 2695 1097 mutatio:
2726 1045 2855 1097 unde
2880 1043 3036 1097 oritur
3069 1042 3119 1097 in

663 1131 852 1193 agendo
877 1128 1215 1182 inconstantia.
1250 1127 1329 1181 Sic
1357 1143 1403 1182 v.
1424 1143 1498 1192 gr.
1518 1127 1568 1180 in
1596 1127 1742 1181 Horis
1776 1127 1990 1192 legendis
2028 1127 2287 1194 aliquando
2315 1126 2478 1181 decies
2506 1130 2762 1180 mutabunt
2786 1126 3022 1181 iudicium
3062 1129 3123 1182 de

663 1217 791 1270 lecto
833 1218 910 1270 vel
947 1229 1044 1267 non
1084 1218 1208 1267 lecto
1247 1212 1409 1278 aliquo
1449 1213 1712 1266 versiculo.
1743 1216 1790 1266 3.
1820 1215 1962 1280 Quod
2003 1228 2063 1266 cx
2103 1213 2263 1279 priore
2302 1212 2539 1281 procedit,
2579 1214 2859 1279 perturbate
2891 1226 3035 1276 agere
3074 1218 3124 1265 et

665 1315 812 1354 caeco
837 1302 1046 1365 quodam
1075 1301 1221 1352 modo
1246 1298 1295 1352 in
1321 1298 1539 1352 externis
1576 1298 1852 1352 actionibus
1891 1296 2093 1352 versari.
2124 1300 2171 1351 4.
2209 1299 2403 1352 Habere
2430 1296 2724 1351 reflexiones
2748 1305 3125 1362 extravagantes

664 1385 961 1441 infinitarum
999 1382 1492 1437 circumstantiarum.
1518 1384 1569 1437 5.
1595 1382 1792 1437 Timere
1828 1382 1876 1436 in
1916 1382 2144 1437 omnibus
2182 1388 2437 1449 peccatum
2476 1396 2533 1436 ac
2566 1389 2736 1436 contra
2774 1382 3050 1449 sapientum
3076 1390 3129 1436 et

663 1468 918 1537 proprium
943 1483 1089 1534 saepe
1114 1466 1347 1521 iudicium
1383 1482 1493 1521 esse
1516 1466 1808 1534 inquietum.
1830 1470 1878 1521 6.
1901 1466 1954 1521 Si
1974 1467 2308 1522 confessarius
2333 1466 2519 1521 iudicet
2544 1474 2593 1520 te
2616 1482 2729 1521 esse
2766 1469 3128 1535 scrupulosum.

663 1554 715 1605 7.
739 1556 787 1605 ln
817 1551 1102 1618 particulari
1120 1551 1254 1617 signa
1282 1551 1504 1617 scrupuli
1525 1551 1796 1618 praesentis
1822 1557 1936 1605 sunt
1962 1555 2081 1605 baec
2109 1554 2226 1606 (luc.
2258 1549 2311 1604 l⁰
2333 1550 2385 1605 si
2411 1565 2499 1619 per
2523 1550 2661 1605 illum
2687 1550 2959 1617 experiaris
2985 1559 3033 1605 tc
3058 1551 3129 1604 ui·

665 1638 814 1691 mium
843 1637 950 1701 angi
984 1643 1034 1690 et
1060 1635 1275 1690 turbari:
1304 1634 1362 1689 2⁰
1381 1635 1423 1689 si
1449 1636 1568 1690 alias
1595 1642 1828 1703 expertus
1855 1635 1939 1701 sis,
1968 1642 2016 1689 te
2049 1635 2222 1690 similia
2250 1635 2634 1703 apprehendisse
2661 1634 2765 1689 sine
2793 1638 3126 1689 fundamento,

755 1777 938 1851 229.
974 1781 1147 1846 Haec
1191 1782 1532 1846 necessario
1580 1782 1729 1846 sunt
1776 1781 2162 1866 agnoscenda
2208 1782 2346 1845 tum
2392 1780 2783 1857 confessario,
2818 1781 2957 1844 tum
2993 1799 3134 1863 poe·

664 1885 1027 1951 nitentibus,
1064 1882 1453 1950 Confessario
1503 1884 1752 1965 quidem
1802 1885 1939 1947 tum
1983 1885 2061 1948 ut
2088 1884 2389 1948 iudicium
2433 1885 2675 1948 rectum
2706 1883 2934 1947 habeat
2968 1883 3132 1947 circa

663 2007 758 2064 ea,
792 2005 950 2067 quae
999 1985 1317 2068 poenitens
1348 1985 1678 2051 confitetur
1706 1987 1773 2050 et
1818 1986 2031 2068 culpas
2068 1985 2419 2069 distinguat
2465 1987 2543 2050 ab
2584 1985 2877 2050 inanibus
2914 2003 3135 2068 appre-

668 2088 1086 2160 hensionibus,
1114 2089 1251 2151 tum
1275 2090 1348 2152 ut
1373 2088 1589 2152 idonea
1613 2088 1995 2171 praescribat
2016 2088 2284 2153 remedia
2307 2091 2371 2153 et
2403 2090 2621 2153 caveat
2645 2088 2722 2151 ab
2745 2087 3134 2170 imponendis

669 2191 1158 2276 obligationibus
1185 2186 1248 2254 'V.
1283 2211 1375 2274 gr.
1410 2190 1689 2275 fugiendi
1720 2190 2087 2269 occasioneS,
2123 2191 2449 2274 reparandi
2477 2190 2732 2268 famam,
2765 2190 3133 2255 restituendi

669 2313 777 2359 seu
802 2292 1171 2358 resarciendi
1186 2293 1432 2368 damna,
1454 2293 1696 2358 veniam
1713 2293 1960 2376 petendi
1978 2294 2056 2358 ab
2073 2293 2337 2371 offensis,
2358 2293 2649 2358 scandala
2663 2291 2990 2376 reparandi
3013 2294 3132 2357 etc.

667 2395 1020 2467 Poenitenti
1052 2396 1264 2460 autem
1302 2398 1451 2460 sunt
1481 2395 1844 2473 necessaria,
1878 2397 2184 2477 quatenus
2216 2396 2459 2480 expedit
2489 2415 2679 2478 quam
2723 2396 3010 2473 maxime,
3058 2396 3137 2459 ut

667 2499 798 2582 ipse
831 2516 1078 2581 quoque
1102 2498 1428 2575 discernat,
1462 2497 1571 2562 ubi
1604 2516 1764 2563 vano
1798 2498 2108 2582 scrupulo,
2144 2499 2253 2563 ubi
2282 2501 2451 2564 recto
2483 2497 2813 2563 dictamine
2844 2499 3135 2562 movetur

670 2603 732 2665 'et
765 2601 1107 2684 impellitur
1132 2600 1208 2664 ad
1239 2600 1558 2682 quidpiam
1596 2601 1905 2685 agendum
1936 2602 2033 2666 vel
2072 2602 2487 2666 omittendum
2512 2604 2630 2666 etc.

757 2702 940 2767 Croix
972 2703 1080 2767 lib.
1119 2704 1175 2766 1.
1214 2722 1273 2766 n.
1318 2704 1470 2767 515.
1504 2702 1576 2767 de
1622 2703 1737 2767 hac
1785 2723 1849 2768 re
1897 2704 2146 2769 scribit:
2195 2729 2231 2763 «
2266 2704 2542 2770 Maxima
2589 2705 2724 2770 heic
2769 2705 3137 2789 circumspe-

668 2805 872 2868 ctione
919 2823 1074 2886 opus
1121 2805 1243 2880 est3
1283 2823 1430 2867 nam
1476 2804 1673 2886 aliqui
1717 2824 1899 2884 saepe
1947 2808 2250 2889 putantur
2294 2826 2425 2872 esse
2469 2808 2836 2891 scrupulosi,
2871 2808 2980 2890 qui
3010 2828 3133 2873 non
3186 2869 3191 2873 ,

669 2907 849 2971 sunt:
890 2927 923 2969 e
969 2906 1183 2970 contra
1233 2907 1438 2970 tamen
1494 2905 1691 2988 aliqui
1738 2908 1888 2971 sunt
1917 2909 2263 2991 scrupulosi
2294 2910 2357 2972 et
2385 2928 2510 2973 non
2557 2911 2860 2992 putantur
2905 2929 3037 2975 esse
3070 2936 3133 2973 ».

669 3007 870 3089 Quam
901 3008 965 3072 in
996 3028 1126 3072 rem
1175 3008 1358 3072 affert
1389 3008 1542 3072 haec
1573 3008 1761 3073 verba
1809 3008 2115 3074 Elizalde:
2161 3036 2196 3068 «
2228 3009 2588 3094 Scrupulosi
2624 3032 2765 3077 vere
2797 3013 2955 3078 tales
2986 3032 3138 3097 pau-

665 3109 902 3175 cissimi
949 3111 1135 3185 sunt;
1173 3109 1278 3173 sed
1326 3110 1561 3174 stultus
1593 3110 1863 3175 mundus
1896 3112 2182 3176 timorem
2216 3113 2467 3178 Domini
2496 3115 2820 3197 scrupulos
2851 3117 3036 3180 vocat
3071 3119 3137 3179 et

671 3213 1076 3278 conscientias
1113 3212 1379 3277 fascinat
1402 3239 1462 3276 ».

760 3317 850 3379 Ea
898 3316 1257 3392 memoravi,
1307 3336 1382 3379 ne
1429 3315 1568 3398 quis
1623 3317 1719 3381 his
1773 3317 2135 3400 decipiatur.
2182 3318 2355 3384 Haec
2400 3319 2565 3384 enim
2608 3339 2733 3386 non
2786 3320 2860 3385 de
2904 3321 3136 3386 iudicio

671 3418 1050 3496 confessarii,
1100 3418 1206 3482 sed
1253 3419 1626 3483 secularium
1686 3419 1915 3497 valent,
1979 3421 2054 3483 ut
2098 3421 2290 3502 patet.
2340 3420 2500 3486 Sunt
2559 3442 2707 3508 ergo
2769 3423 2979 3488 minus
3034 3444 3141 3508 op-

674 3522 963 3602 portuna.
2758 3518 2763 3523 ’

765 3621 1158 3705 Quamquam
1192 3624 1348 3687 utile
1377 3623 1729 3702 dixerimus,
1772 3627 1846 3689 ut
1891 3624 2021 3708 ipse
2053 3624 2369 3708 poenitens
2406 3628 2582 3706 sciat,
2619 3647 2698 3693 an
2735 3630 3140 3713 scrupulosus

666 3726 802 3808 ipse
848 3725 958 3803 sit3
997 3727 1204 3790 tamen
1236 3745 1315 3790 an
1350 3727 1596 3808 aliquiS,
1631 3729 1706 3792 ut
1735 3724 1919 3792 Croix
1968 3729 2058 3792 ait
2103 3749 2162 3792 n.
2199 3729 2368 3807 516„
2410 3731 2517 3812 qui
2561 3732 2967 3798 meticulosae
2998 3752 3143 3798 con-

672 3829 966 3894 scientiae
1004 3830 1118 3905 est,
1154 3829 1238 3894 sit
1270 3829 1692 3912 scrupulosuS,
1728 3830 2139 3894 communiter
2169 3850 2290 3896 non
2318 3833 2525 3915 potest
2558 3833 2830 3900 iudicare
2860 3834 3145 3921 ipsejme·

667 3932 996 4007 ticulosuS,
1032 3931 1137 3997 sed
1168 3932 1433 4015 relinqui
1467 3933 1647 3997 debet
1667 3933 1967 3998 iudicium
1991 3934 2124 3998 viro
2150 3934 2331 4000 docto
2355 3936 2420 4000 et
2443 3937 2749 4019 prudenti,
2767 3939 2875 4020 qui
2907 3940 3141 4004 habeat

668 4035 738 4099 in
771 4035 1114 4100 tractandis
1145 4035 1536 4100 conscientiis
1568 4035 1844 4116 aliquam
1884 4036 2356 4118 experientiam3
2391 4038 2616 4122 quippe
2646 4041 2999 4106 meticulosi
3030 4063 3145 4126 per

668 4156 815 4201 suas
848 4137 1190 4200 anxietates
1243 4137 1684 4220 impediuntur,
1735 4138 2067 4219 quominus
2113 4141 2277 4204 recte
2323 4139 2614 4218 iudicent,
2663 4144 3025 4225 praesertim
3074 4146 3141 4210 in

666 4239 856 4302 rebus
907 4239 1190 4320 propriis,
1231 4239 1294 4302 in
1341 4239 1567 4321 quibus
1614 4240 1893 4304 homines
1953 4240 2219 4306 maxime
2265 4243 2655 4309 caecutiunt:
2704 4246 2865 4311 unde
2924 4248 3143 4329 potius

670 4339 891 4403 debent
916 4340 1098 4403 alteri
1120 4341 1382 4418 credere,
1404 4342 1504 4406 cui
1527 4343 1965 4408 conscientiam
1991 4363 2170 4409 suam
2201 4346 2389 4428 atque
2424 4347 2715 4429 operandi
2738 4349 2994 4414 modum
3017 4350 3145 4417 sin-

669 4460 801 4505 cere
850 4442 1220 4523 aperuerint.

763 4543 954 4607 Addit
994 4541 1177 4608 Croix
1209 4546 1295 4626 (n.
1333 4547 1533 4629 517.),
1569 4547 1668 4612 vix
1702 4568 1879 4631 posse
1926 4549 2206 4627 iudicari,
2240 4554 2383 4634 post
2412 4552 2681 4634 priorem
2730 4555 2841 4619 aut
2872 4555 3146 4623 alteram
