3529 5158
728 358 835 413 154
1201 371 1412 412 macr.
1454 372 1517 410 11.
1556 370 1641 410 ms
1677 367 2093 411 conscrsmrs.
2133 366 2332 411 CAPUT
2370 370 2432 410 11.
2471 370 2612 413 nun.
2654 372 2693 411 1.
3028 356 3176 431 [161]

727 467 1106 550 Quandoque
1154 487 1295 533 vero
1342 467 1694 531 intellectus
1739 465 2076 529 inclinatur
2121 467 2325 551 magis
2371 466 2449 530 ad
2497 487 2711 543 unum,
2747 486 2937 548 quam
2987 467 3065 531 ad
3105 467 3190 531 al-

729 574 966 635 terum:
1001 571 1107 634 sed
1151 572 1361 633 tamen
1406 569 1564 632 illud
1609 568 1912 631 inclinans
1959 587 2080 632 non
2128 568 2503 633 sufficienter
2547 571 2759 633 movet
2798 569 3189 634 intellectum

728 672 805 736 ad
836 674 972 747 hoc,
999 672 1161 753 quod
1186 671 1551 735 determinet
1581 672 1788 753 ipsum
1820 670 1895 734 ad
1930 690 2120 734 unam
2149 672 2390 753 partem
2424 668 2699 734 totaliter
2715 692 2738 748 ,·
2770 670 2929 736 unde
2963 672 3189 754 accipit

729 774 977 856 quidem
1009 792 1197 837 unam
1246 774 1505 856 partem,
1541 776 1749 838 tamen
1799 792 2035 855 semper
2081 772 2329 837 dubitat
2375 773 2448 836 de
2497 774 2782 856 opposita
2815 776 2878 838 et
2911 775 3062 839 haec
3093 776 3189 839 est

727 876 1051 959 dispositio
1086 876 1423 954 opinantis
1458 876 1566 957 qui
1598 876 1821 958 accipit
1853 895 2041 939 unam
2074 877 2315 959 partem
2347 875 2856 940 contradictionis
2897 897 3038 940 cum
3069 877 3191 941 for-

728 978 959 1043 midine
992 978 1250 1042 alterius
1285 1004 1344 1040 ».

815 1080 1127 1157 Notanda,
1162 1100 1319 1161 quae
1350 1079 1513 1144 idem
1546 1099 1592 1143 s.
1629 1080 1901 1144 Thomas
1931 1081 2121 1144 habet
2151 1081 2224 1144 de
2257 1079 2607 1144 discrimine
2657 1080 2966 1164 opinionis
3000 1101 3036 1144 a
3068 1100 3191 1145 cer-

730 1182 1016 1256 titudine,
1045 1183 1108 1245 in
1132 1181 1239 1245 lib.
1270 1184 1328 1244 2.
1357 1181 1430 1244 de
1456 1181 1697 1244 Anima
1722 1184 1866 1245 test.
1897 1183 2033 1246 53.:
2067 1208 2101 1241 ‹<
2127 1180 2284 1246 Cum
2311 1181 2546 1263 aliquid
2570 1182 3005 1268 intelligimus,
3034 1202 3195 1247 asse-

728 1284 924 1348 rimus
954 1285 1044 1346 se'c
1083 1303 1250 1347 esse:
1284 1304 1424 1347 cum
1473 1285 1682 1347 autem
1717 1284 2062 1367 opinamur,
2098 1284 2359 1349 dicimus
2404 1286 2496 1348 sic
2529 1285 2729 1348 videri
2758 1286 2856 1350 vel
2886 1305 3192 1366 apparere

730 1388 927 1451 nobis
963 1388 1151 1452 Ratio
1184 1390 1296 1463 est,
1332 1388 1479 1470 quia
1511 1406 1652 1450 cum
1686 1387 2009 1469 opinemur
2039 1407 2147 1470 per
2177 1387 2400 1463 media,
2436 1407 2594 1470 quae
2626 1389 2887 1470 possunt
2922 1388 3104 1453 aliter
3129 1407 3192 1452 se

727 1490 971 1566 habere,
1006 1492 1121 1555 hoc
1168 1489 1444 1554 videntes
1490 1509 1611 1554 non
1653 1489 1953 1553 audemus
2001 1489 2284 1554 absolute
2332 1491 2563 1564 dicere3
2599 1490 2707 1553 Ita
2754 1493 2864 1564 est,
2899 1489 3003 1555 sed
3050 1510 3194 1554 cum

729 1592 1116 1657 restrictione
1163 1593 1458 1657 dicimus:
1492 1594 1587 1654 ita
1632 1590 1813 1653 nobis
1861 1591 2077 1655 videri.
2115 1592 2284 1656 Idem
2330 1592 2584 1675 proinde
2626 1594 2720 1656 est
2769 1592 3075 1675 opinando
3109 1592 3195 1656 di-

730 1714 862 1759 cere
909 1715 1040 1759 rem
1087 1714 1216 1759 esse
1265 1715 1335 1759 ac
1380 1695 1577 1759 dicere
1624 1693 1828 1758 vider-i
1871 1694 2069 1767 nobis‘,
2103 1715 2236 1757 rem
2280 1714 2410 1759 esse
2448 1695 2544 1777 (b)
2578 1719 2638 1757 ».

821 1796 1101 1880 Suspicio
1134 1797 1393 1879 denique
1425 1796 1619 1860 distat
1651 1798 1788 1860 tum
1822 1797 1899 1860 ab
1925 1796 2208 1879 opinione
2241 1797 2464 1861 saltem
2494 1796 2695 1881 gradu
2741 1798 2878 1860 tum
2911 1816 2946 1860 a
2980 1796 3191 1862 dubio.

734 1898 1013 1980 Suspicio
1048 1899 1211 1962 enim
1243 1898 1392 1962 dicit
1438 1898 1750 1979 quandam
1798 1898 2263 1963 inclinationem
2293 1899 2442 1980 (non
2482 1898 2847 1976 voluntatis,
2882 1898 2988 1963 sed
3018 1899 3198 1963 intel-

735 2002 962 2082 lectus)
995 2000 1058 2061 in
1084 1999 1453 2063 alterutram
1486 2002 1746 2083 partem,
1783 2019 1904 2064 non
1937 2000 2238 2064 eiusmodi
2271 2004 2499 2077 tamen,
2535 2020 2693 2083 quae
2724 2001 3041 2065 ullatenus
3074 2000 3198 2065 dici

732 2105 921 2185 queat
954 2121 1238 2166 assensus
1284 2103 1382 2166 vel
1430 2103 1739 2167 adhaesio
1777 2102 1999 2165 Differt
2046 2103 2123 2166 ab
2162 2104 2491 2182 opinione:
2537 2104 2686 2184 quia
2732 2122 2854 2168 non
2903 2105 2998 2168 est
3045 2104 3196 2168 talis

732 2206 1042 2282 adhaesi0‚
1077 2208 1149 2268 ut
1194 2224 1366 2269 mens
1400 2205 1565 2269 dicat
1597 2225 1727 2267 rem
1756 2204 1882 2267 sibi
1927 2204 2144 2278 videri,
2179 2205 2283 2270 sed
2314 2206 2519 2270 solum
2551 2226 2683 2269 rem
2711 2204 2872 2285 forte
2901 2208 2996 2269 ita
3028 2226 3196 2270 esse:

731 2309 935 2373 differt
981 2308 1171 2373 etiam
1219 2327 1253 2372 a
1287 2307 1512 2385 dubim·
1555 2308 1702 2390 quia
1748 2327 1870 2372 non
1918 2306 2067 2371 dicit
2114 2327 2347 2371 meram
2396 2308 2859 2390 suspensionem
2906 2327 3196 2373 assensus

732 2431 840 2477 seu
871 2411 1103 2476 iudicii.

820 2515 912 2578 De
938 2514 1139 2578 tribus
1170 2514 1336 2577 hisce
1360 2513 1712 2578 intellectus
1738 2514 1981 2577 actibus
2007 2532 2053 2576 S.
2082 2513 2353 2577 Thomas
2381 2514 2439 2575 2.
2471 2514 2528 2576 2.
2558 2532 2616 2595 q.
2645 2515 2704 2577 2.
2733 2514 2852 2577 art.
2882 2515 2963 2577 1.:
2997 2538 3034 2571 «
3052 2513 3199 2594 Qui-

732 2618 874 2681 dam
924 2619 1100 2680 actus
1155 2616 1508 2680 intellectus
1569 2617 1800 2679 habent
1854 2615 2298 2699 cogitationem
2352 2615 2680 2680 informem
2728 2616 2958 2697 absque
3015 2615 3199 2681 firma

734 2719 1102 2795 assensione,
1139 2719 1266 2781 sive
1311 2719 1375 2781 in
1423 2719 1709 2781 neutram
1741 2720 1985 2798 partem
2017 2717 2340 2795 declinent,
2376 2718 2539 2781 sicut
2586 2717 2809 2782 accidit
2854 2716 3198 2795 dubitanti,

732 2821 862 2885 sive
908 2821 973 2883 in
1005 2840 1193 2883 unam
1241 2821 1480 2901 partem
1513 2819 1713 2903 magis
1746 2819 2071 2897 declinent,
2107 2819 2211 2884 sed
2259 2822 2549 2885 tenentur
2596 2821 2805 2904 aliquo
2835 2821 2960 2885 levi
2992 2823 3195 2907 signe,

733 2924 895 2987 sicut
942 2922 1165 2986 accidit
1210 2922 1577 3000 sasfflcantzg
1612 2921 1739 2986 sive
1774 2922 1882 2985 uni
1929 2923 2096 3004 parti
2128 2922 2522 2999 adhaereant,
2563 2924 2773 2987 tamen
2813 2942 2955 2987 cum
2987 2925 3199 2989 formi-

733 3025 872 3089 dine
905 3024 1181 3100 alterius,
1217 3023 1381 3105 quod
1414 3024 1635 3088 accidit
1669 3025 1957 3104 opinanti
1986 3051 2048 3088 ».

825 3124 956 3197 161.
988 3127 1338 3192 Praemissa
1371 3127 1542 3191 dubii
1589 3127 1963 3203 definitione,
1997 3127 2177 3190 facile
2210 3127 2330 3191 erit
2361 3126 2763 3212 distinguere,
2797 3129 3200 3209 quandonam

731 3230 1122 3310 speculative,
1155 3230 1401 3313 quando
1436 3232 1716 3310 practice
1761 3230 1901 3311 quis
1948 3229 2192 3294 dicatur
2237 3228 2541 3294 dubitare.
2576 3229 2741 3294 Illud
2774 3231 3028 3295 adverte
3075 3253 3199 3298 non

732 3334 1168 3415 exspectandas
1214 3335 1349 3398 heic
1397 3353 1525 3398 esse
1558 3353 1605 3397 s.
1641 3334 1917 3398 Thomae
1964 3332 2382 3408 definitiones3
2418 3332 2643 3415 quippe
2689 3332 2935 3414 quando
2984 3336 3202 3419 agitur

733 3436 807 3498 de
839 3437 1278 3514 operabile'bus,
1311 3438 1441 3520 ipse
1474 3437 1813 3519 quemlibet
1854 3440 2065 3500 actum
2111 3436 2465 3500 intellectus
2498 3437 2854 3515 practicam
2899 3438 3199 3520 appellat.

733 3538 814 3601 Et
857 3539 985 3600 iam
1032 3536 1318 3616 diximus,
1354 3539 1465 3602 has
1503 3539 1674 3602 dubii
1706 3538 2134 3602 distinctiones
2168 3539 2230 3602 in
2262 3536 2708 3617 speculativum
2745 3539 2809 3601 et
2840 3540 3202 3617 practicam

734 3640 893 3703 circa
928 3641 1265 3722 operabilia
1314 3661 1350 3704 a
1395 3641 1860 3718 recention‘bus,
1909 3641 2151 3706 ratione
2189 3640 2512 3705 cuiusdam
2559 3640 2886 3719 commodi,
2920 3641 3201 3707 invectas

734 3743 921 3806 fuisse
954 3743 1084 3824 (nn.
1126 3745 1270 3806 132.
1307 3745 1481 3826 seq.).

821 3845 902 3909 Et
933 3846 1118 3914 huius
1165 3846 1412 3928 quidem
1459 3845 1875 3909 distinctionis
1923 3845 2094 3910 dubii
2133 3845 2197 3907 in
2227 3843 2675 3923 speculativum
2721 3848 2784 3910 et
2817 3848 3197 3925 practicam,

734 3954 969 4036 primus
1002 3957 1237 4030 auctor,
1274 3955 1347 4018 ut
1376 3956 1588 4018 monet
1619 3952 1887 4017 Sanchez
1920 3953 1994 4015 de
2017 3952 2309 4015 fllatrc'm.
2345 3952 2451 4016 lib.
2482 3955 2541 4016 2.
2575 3953 2731 4036 disp.
2759 3956 2864 4018 41.
2891 3976 2951 4019 11.
2980 3957 3043 4018 4.
3079 3955 3200 4019 fuit

815 4181 877 4235 (b)
907 4181 1040 4223 Hine
1067 4184 1144 4222 est
1161 4180 1295 4234 quod
1315 4179 1524 4233 quidam
1544 4180 1849 4223 recentiores
1869 4180 2033 4223 velint
2054 4193 2316 4226 assensum
2338 4196 2533 4238 semper
2552 4197 2659 4229 esse
2680 4190 2893 4238 certum,
2915 4189 3199 4233 secundnm

732 4249 865 4301 quod
895 4252 945 4290 et
974 4247 1267 4290 audivimus
1294 4258 1326 4289 s.
1353 4259 1391 4288 s.
1418 4245 1605 4288 Thomu
1626 4250 1693 4298 (n.
1718 4247 1850 4300 160.),
1872 4246 2029 4289 etiam
2056 4248 2109 4291 in
2131 4261 2189 4292 eo
2209 4253 2350 4293 statu
2371 4252 2573 4305 mentis,
2593 4253 2685 4307 qni
2704 4264 2734 4295 a
2754 4253 3014 4298 veteribus
3041 4257 3201 4308 opinio

734 4316 969 4364 vocatur-3
999 4313 1055 4354 in
1083 4324 1198 4364 quo,
1227 4311 1270 4353 si
1300 4313 1423 4354 bene
1460 4311 1684 4354 advertis
1721 4313 1848 4366 quid
1891 4325 2033 4357 mens
2079 4313 2249 4368 faeiat,
2280 4328 2455 4370 reapse
2485 4328 2544 4359 es.
2571 4330 2623 4360 se
2654 4316 2806 4361 habet
2834 4323 2895 4361 ut
2936 4319 3201 4364 affirmans

733 4393 851 4424 oum
880 4378 1185 4422 certitudine
1227 4378 1637 4432 probabilitatem
1657 4381 1749 4431 rei,
1776 4393 1884 4423 rem
1912 4380 2009 4424 sibi
2038 4382 2218 4436 videri,
2243 4383 2396 4426 simul
2435 4384 2674 4439 ignorans
2699 4396 2766 4428 an
2795 4398 2874 4429 res
2912 4386 2990 4431 its
3017 4388 3104 4434 sit.
3133 4390 3203 4433 Et

733 4446 901 4500 opinio
929 4445 1212 4499 probabilis,
1244 4445 1547 4498 probabilior
1576 4451 1671 4489 eto.
1702 4450 1777 4489 est
1807 4460 1981 4502 reapse
2009 4448 2258 4493 iudicium
2287 4451 2474 4494 mentis
2503 4451 2726 4504 firmum,
2746 4441 2976 4498 asserens
3013 4455 3067 4499 id
3097 4468 3202 4500 esse

733 4512 1002 4565 probabile,
1035 4511 1343 4565 probabilius
1372 4515 1467 4555 etc.
1490 4513 1567 4555 Ex
1593 4513 1697 4556 alia
1726 4523 1871 4567 parte
1901 4528 2136 4559 assensus
2164 4529 2267 4560 non
2298 4517 2478 4560 firmus
2510 4521 2585 4562 cst
2615 4519 2737 4574 quid
2771 4530 2922 4575 aegre
2959 4521 3205 4577 intelligi-

734 4579 848 4622 bile.
878 4578 952 4622 cf.
972 4579 1189 4621 dicenda.
1219 4578 1311 4623 163.
1332 4578 1373 4622 3.
1396 4579 1452 4622 Ε.
