3529 5158
333 375 473 451 [180]
695 392 1044 434 can‘rrruno
1081 393 1166 432 um
1203 391 1564 434 flmmeum
1600 392 1727 436 cum
1766 392 2059 435 ominosis
2095 394 2424 436 PROBAmLI
2616 434 2619 435 γ
2695 382 2796 438 177

417 513 451 546 «
482 488 567 553 Et
598 489 751 553 haec
788 489 1038 571 quidem
1072 489 1357 555 absolute
1400 489 1755 567 ostendunt,
1791 490 2036 555 licitum
2076 510 2205 555 esse
2237 493 2619 574 probabilem
2666 516 2795 559 sen-

323 591 587 655 tentiam
633 591 699 654 in
749 592 1055 673 operando
1103 591 1296 673 sequi.
1345 590 1523 670 Quod
1571 594 1785 656 autem
1831 592 1894 655 id
1941 593 2074 657 fieri
2122 594 2339 676 possit,
2375 597 2629 660 tametsi
2676 596 2795 679 ipsi

323 692 605 776 operanti
643 693 1024 776 speculative
1053 694 1260 756 minus
1293 693 1631 776 probabilis
1654 696 1717 758 et
1742 696 2030 777 opposita
2062 696 2441 778 probabilior
2474 702 2791 780 appareat,

321 796 459 860 inde
493 794 735 860 ostendi
760 794 968 859 debet:
1002 794 1150 876 quia
1186 795 1568 877 speculativa
1605 796 1715 860 illa
1754 797 2051 879 opinatio,
2088 817 2158 862 eo
2191 798 2326 881 ipso
2360 800 2524 880 quod
2558 801 2793 865 incerta

321 901 382 961 et
417 899 686 963 fortasse
732 896 892 961 falsa
939 897 1042 974 sit,
1089 916 1213 962 non
1261 899 1469 980 potest
1515 917 1644 963 esse
1682 899 1899 982 regula
1949 899 2329 982 operationis
2362 901 2522 983 (scil.
2561 903 2795 986 obliga·

319 1003 542 1085 toria);
600 1005 1045 1083 consequenter
1100 1021 1359 1084 operans
1408 1002 1598 1067 aliam
1643 1003 1928 1086 regulam
1975 1021 2234 1084 eamque
2281 1008 2516 1068 certam
2565 1009 2789 1071 sectari

316 1105 515 1181 debet,
549 1104 857 1181 videlicet,
892 1104 1058 1185 quod
1090 1104 1153 1168 in
1184 1103 1389 1168 dubiis
1427 1104 1896 1185 quaestionibus
1929 1104 2090 1168 circa
2122 1124 2324 1170 mores
2357 1108 2619 1189 quisque
2653 1128 2791 1191 ope-

315 1208 437 1271 rari
485 1209 697 1289 potest
742 1208 1079 1272 secundum
1126 1206 1517 1282 sententiam,
1565 1226 1755 1289 quam
1802 1207 1920 1271 viri
1967 1207 2133 1272 docti
2184 1210 2562 1292 probabilem
2612 1216 2676 1276 et
2720 1213 2785 1276 in

315 1309 487 1391 praxi
536 1312 746 1374 tutam
793 1308 1144 1374 defendunt.
1180 1308 1390 1390 Neque
1438 1327 1579 1373 vero
1628 1309 1778 1372 tunc
1827 1309 1962 1394 agit
2010 1313 2230 1375 contra
2278 1313 2593 1394 propriam
2641 1332 2787 1378 con-

315 1412 659 1489 scientiam,
707 1431 851 1475 cum
897 1411 1274 1477 conscientia
1319 1430 1441 1475 non
1489 1411 1572 1474 sit
1618 1411 2003 1493 speculativa
2060 1412 2273 1494 aliqua
2331 1414 2628 1496 opinatio,
2680 1416 2784 1480 sed

315 1516 659 1598 practicum
705 1518 945 1580 certum
990 1516 1290 1580 iudicium
1336 1514 1411 1579 de
1458 1515 1714 1598 agendo,
1767 1515 1932 1596 quod
1978 1516 2044 1579 in
2092 1517 2207 1580 tali
2255 1536 2404 1582 casu
2459 1540 2565 1602 per
2612 1521 2784 1584 refle-

316 1617 554 1682 xionem
591 1618 848 1683 formari
878 1622 1086 1702 potest
1118 1643 1179 1680 ».

400 1719 483 1785 Et
506 1721 713 1805 magis
746 1721 1029 1804 apposite
1059 1720 1123 1785 in
1156 1739 1286 1785 rem
1317 1722 1598 1784 nostram
1628 1718 1792 1783 idem
1818 1720 2140 1805 Laymann
2175 1721 2324 1784 ibid.
2350 1742 2408 1784 n.
2438 1723 2499 1786 8.
2533 1748 2566 1779 «
2592 1722 2787 1802 Quae·

314 1841 426 1898 res,
461 1842 592 1904 qua
613 1823 856 1889 ratione
884 1824 946 1887 in
981 1823 1288 1906 operando
1320 1824 1525 1887 certus
1556 1841 1688 1886 esse
1720 1822 1938 1905 possit,
1965 1824 2072 1905 qui
2104 1824 2404 1889 incertam
2436 1827 2499 1889 et
2530 1825 2781 1891 dubiam

315 1925 688 1990 sententiam
736 1925 1035 2008 sequitur,
1070 1944 1213 1989 cum
1244 1944 1316 1989 ex
1364 1924 1596 1989 incerto
1635 1943 1758 1989 non
1797 1925 1996 2008 possit
2032 1926 2244 2011 colligi
2280 1930 2538 1991 certum.
2576 1928 2779 2011 Hesp„

314 2027 748 2092 certitudinem
784 2027 1212 2105 conscientiae,
1246 2046 1436 2109 quam
1469 2045 1728 2109 operans
1759 2028 1983 2092 habere
2015 2028 2215 2105 debet,
2251 2047 2371 2093 non
2405 2048 2536 2093 esse
2575 2048 2783 2111 specu-

313 2131 572 2195 lativam
620 2149 693 2194 ex
739 2130 1055 2213 principiis
1101 2129 1451 2194 intrinsecis
1505 2130 1593 2195 rei
1646 2130 1945 2213 petitam:
1996 2129 2100 2194 sed
2148 2148 2277 2193 esse
2323 2130 2661 2211 practicam
2708 2114 2779 2195 ex

313 2231 600 2315 practicis
637 2233 702 2297 et
730 2232 819 2296 rei
858 2231 1213 2297 extrinsecis
1244 2232 1563 2314 principiis
1594 2231 2005 2316 desumptam.
2041 2232 2117 2295 V.
2152 2252 2245 2316 gr.
2282 2234 2626 2297 sententiae
2659 2234 2782 2298 Do-

311 2336 551 2399 ctorum
588 2334 996 2417 probabiliter
1026 2334 1290 2411 docenti,
1331 2334 1567 2416 aliquid
1604 2353 1735 2399 esse
1772 2334 2017 2397 licitum
2049 2352 2250 2416 agere,
2292 2352 2544 2415 possum
2582 2354 2680 2399 me
2712 2337 2776 2399 in

311 2437 479 2518 praxi
527 2436 947 2501 conformare:
998 2436 1176 2517 atqui
1221 2437 1523 2501 Doctores
1562 2436 1758 2518 aliqui
1797 2435 2202 2518 probabiliter
2247 2434 2488 2512 docent,
2537 2440 2780 2501 contra-

311 2542 477 2604 ctum
525 2558 747 2604 census
791 2539 1130 2624 germanici
1167 2538 1474 2604 celebrare
1519 2538 1767 2604 licitum
1811 2555 1976 2615 esse3
2018 2557 2166 2623 ergo
2205 2557 2304 2604 me
2341 2557 2593 2622 possum
2633 2540 2779 2605 huic

312 2643 584 2725 opinioni
620 2644 686 2707 in
723 2643 898 2727 praxi
935 2642 1337 2708 conformare.
1379 2642 1502 2707 Ubi
1532 2641 1721 2718 vides,
1755 2646 2091 2724 utramque
2136 2641 2322 2706 huius
2371 2644 2640 2725 practice
2684 2663 2779 2707 ra-

310 2745 733 2811 tiocinationis
765 2744 1253 2828 propositionem
1284 2747 1518 2809 certam
1550 2762 1714 2818 esse3
1756 2763 1827 2808 ex
1865 2745 2049 2808 certis
2083 2747 2293 2808 autem
2332 2762 2454 2809 non
2494 2746 2778 2826 sequitur

312 2847 426 2911 nisi
455 2851 701 2912 certum
734 2872 794 2910 ».

392 2948 511 3014 Sed
543 2948 907 3027 audiendus,
946 2949 1097 3012 dum
1135 2948 1540 3014 obiectionem
1572 2949 1788 3013 contra
1820 2948 2201 3031 praedictam
2233 2949 2775 3015 ratiocinationem

310 3053 496 3117 solvit
525 3051 677 3116 ibid.
705 3070 764 3114 n.
793 3053 883 3116 8.:
918 3077 952 3109 «ι
978 3050 1096 3116 Sed
1119 3051 1319 3116 instat
1351 3051 1605 3132 aliquis:
1631 3050 1689 3114 N
1694 3069 1773 3115 on
1805 3051 2011 3116 deesse
2037 3053 2358 3130 Doctores,
2387 3053 2495 3134 qui
2522 3056 2772 3136 negant,

307 3155 601 3219 maiorem
650 3153 838 3217 huius
868 3153 1363 3219 ratiocinationis
1400 3173 1611 3218 veram
1644 3172 1802 3228 esse3
1853 3172 1997 3236 ergo
2047 3172 2118 3216 ea
2156 3172 2277 3217 non
2318 3154 2504 3218 habet
2542 3158 2777 3218 certam

306 3259 365 3320 et
399 3256 723 3320 indubiam
771 3256 1119 3320 veritatem.
1159 3255 1472 3320 Secundo:
1522 3273 1826 3337 ponamus
1875 3271 2004 3317 esse
2036 3254 2336 3331 doctores,
2378 3256 2486 3336 qui
2524 3258 2770 3338 negent,

308 3358 678 3424 sententiam
711 3378 769 3422 v.
802 3378 897 3443 gr.
932 3377 1090 3441 quae
1121 3359 1431 3424 iustitiam
1471 3359 1830 3422 contractus
1862 3355 2198 3440 germanici
2230 3357 2520 3433 defendit,
2556 3359 2776 3441 proba-

304 3461 485 3525 bilem
535 3481 687 3539 esse,
722 3460 1166 3538 existimanteS,
1200 3480 1266 3526 se
1301 3459 1699 3524 manifestam
1746 3459 2339 3524 demonstrationem
2377 3460 2452 3525 de
2485 3462 2772 3545 opposito

305 3563 555 3638 habere3
607 3582 731 3646 quo
779 3581 927 3627 casu
972 3562 1176 3628 minor
1221 3581 1467 3644 quoque
1498 3560 1842 3645 propositio
1875 3563 2045 3626 certa
2074 3565 2138 3626 et
2184 3562 2439 3628 indubia
2470 3583 2592 3629 non
2631 3567 2768 3630 erit.

307 3668 687 3753 Respondeo,
727 3669 844 3733 hac
876 3667 1217 3733 obiectione
1262 3683 1385 3730 non
1431 3666 1570 3749 plus
1610 3665 1878 3749 probari,
1920 3683 2108 3746 qnam
2156 3665 2322 3748 quod
2370 3666 2435 3730 hi
2481 3667 2621 3750 ipsi,
2663 3669 2769 3750 qui

306 3771 391 3836 ita
427 3771 713 3856 persuasi
748 3773 915 3848 sunt,
955 3769 1396 3834 conscientiam
1427 3768 1695 3851 practice
1725 3770 1962 3832 certam
1995 3767 2263 3833 formare
2296 3768 2462 3834 haud
2500 3770 2766 3852 possint:

306 3874 550 3940 interim
582 3878 794 3940 tamen
825 3873 984 3939 tales
1015 3891 1137 3938 non
1176 3871 1523 3955 prohibent,
1557 3871 1893 3952 quominus
1927 3871 2036 3934 alii
2067 3871 2387 3948 Doctores,
2424 3876 2553 3935 tam
2580 3873 2773 3935 maio·

304 3997 426 4042 rem
464 3997 658 4060 qnam
688 3977 992 4041 minorem
1037 3973 1522 4061 propositionem
1561 3991 1672 4056 pro
1711 3973 1897 4037 certis
1930 3973 2245 4049 habenteS,
2296 3991 2367 4036 ex
2405 3972 2483 4035 iis
2531 3975 2769 4036 certum

307 4079 596 4144 iudicium
629 4079 974 4162 practicum
1010 4078 1400 4142 concludant.
1427 4075 1760 4140 Pr0hibere
1798 4076 1950 4139 item
1976 4093 2095 4138 non
2123 4076 2405 4157 possunt,
2432 4074 2767 4155 quominus

309 4182 407 4245 alii
450 4202 582 4247 rem
636 4182 840 4264 ipsam
886 4180 1221 4246 secundum
1269 4199 1332 4244 se
1377 4198 1498 4245 non
1545 4179 1638 4242 ita
1685 4179 2096 4260 penetranteS,
2148 4177 2370 4239 horum
2418 4177 2760 4241 Doctorum

310 4285 744 4350 auctoritatem
788 4283 1005 4361 secuti,
1039 4285 1204 4347 certe
1249 4281 1367 4346 sibi
1412 4279 1843 4364 persuadeant,
1893 4277 2059 4360 quod
2104 4277 2210 4342 isti
2258 4277 2426 4343 docti
2474 4299 2545 4343 ac
2592 4281 2766 4362 probi

311 4386 416 4451 viri
453 4390 656 4472 agunt
703 4384 802 4449 vel
847 4385 924 4450 ab
971 4385 1110 4449 aliis
1159 4385 1263 4469 agi
1300 4403 1476 4467 posse
1515 4384 1813 4456 fatentur,
1854 4401 1919 4446 se
1966 4381 2128 4447 bona
2161 4381 2537 4447 conscientia
2572 4385 2766 4464 sequi,

308 4488 705 4569 quantumvis
751 4487 891 4552 aliis
936 4487 1419 4552 reclamantibus
1453 4512 1511 4550 ».

462 4640 758 4690 Rammium,
787 4636 955 4681 Mor-al.
985 4615 1137 4681 'tomo
1165 4637 1203 4680 1.
2556 4637 2605 4676 12
