3529 5158
723 360 826 416 178
1193 373 1404 413 aanor.
1446 373 1507 412 11.
1549 372 1632 411 mr
1671 371 2091 411 conseram-u.
2130 370 2331 410 CAPUT
2369 370 2432 411 11.
2471 371 2611 411 nnn.
2651 371 2716 409 11.
3047 355 3196 432 [181]

808 468 942 540 181.
987 469 1254 533 Sauchez
1296 488 1560 549 quoque,
1602 468 1708 549 qui
1743 467 2020 548 alioquin
2057 467 2219 548 (sup.
2264 486 2321 529 n.
2357 467 2534 547 176.)
2568 466 2895 530 videbatur
2927 486 3189 543 censere,

721 593 838 637 non
889 591 1018 635 esse
1049 571 1463 635 necessarium
1503 569 1801 633 iudicium
1841 569 2183 651 practicum
2216 571 2453 632 certum
2503 569 2575 632 de
2623 572 2800 633 actus
2840 569 3188 643 honestate,

718 676 916 757 reipsa
959 676 1166 737 tamen
1217 672 1518 754 principia
1559 672 1897 735 extrinseca
1937 673 1999 734 et
2032 671 2160 753 ipse
2200 670 2287 734 sic
2336 672 2593 736 accersit
2630 673 2699 733 in
2733 670 2951 735 Dec-al.
2986 672 3093 735 lib.
3134 673 3188 735 1.

720 798 770 841 c.
799 778 858 839 9.
891 796 949 839 n.
983 776 1082 838 14.
1118 775 1224 838 ubi
1261 774 1460 838 reddit
1499 774 1825 839 rationem.
1867 793 1975 836 cur
2013 774 2075 836 in
2115 773 2248 837 foro
2281 774 2691 838 conscientiae
2728 774 2913 838 liceat
2953 775 3190 856 operari

722 882 900 944 iuxta
937 878 1202 942 aliorum
1229 878 1578 959 opinionem
1611 878 1818 940 minus
1850 878 2077 949 tutam,
2113 895 2300 957 quam
2327 876 2466 957 quis
2506 876 2887 958 probabilem
2919 880 3190 959 reputat,

725 986 940 1046 contra
989 981 1302 1063 propriam
1351 980 1650 1043 tutiorem
1683 981 1745 1042 et
1777 998 1967 1060 quam
2000 978 2115 1041 sibi
2150 978 2627 1061 probabiliorem
2669 997 2798 1042 esse
2831 978 3191 1061 persuadet:

735 1110 766 1139 «
805 1085 1031 1157 Ducor‚
1073 1081 1297 1163 inquit,
1343 1083 1408 1144 1⁰
1440 1066 1604 1162 quod
1644 1082 2004 1145 existimans
2038 1080 2389 1163 opinionem
2420 1099 2552 1144 esse
2583 1080 2984 1164 probabilem,
3019 1081 3194 1144 iuxta

729 1205 865 1248 eam
907 1202 1164 1266 operans
1205 1202 1311 1246 nec
1345 1183 1718 1246 temeritatis
1752 1203 1860 1247 nee
1896 1182 2348 1264 imprudentiae
2381 1185 2596 1246 notam
2633 1182 2930 1246 incurrat.
2957 1180 3193 1263 Quippe
3277 1209 3281 1211 “

729 1291 958 1351 temere
997 1289 1060 1351 et
1097 1286 1517 1369 imprudenter
1549 1286 1683 1349 fieri
1714 1286 1959 1361 dicitur,
2002 1285 2167 1366 quod
2205 1286 2436 1366 absque
2472 1286 2713 1350 ratione
2746 1286 2808 1348 et
2840 1303 3028 1347 causa
3062 1303 3195 1366 pro·

729 1390 920 1454 babili
968 1390 1074 1454 fit:
1119 1392 1186 1452 20
1219 1389 1383 1471 quod
1430 1390 1493 1452 in
1541 1389 1884 1453 moralibus
1934 1388 2139 1470 opinio
2188 1388 2525 1471 probabilis
2563 1390 2676 1463 est,
2727 1407 2917 1470 quam
2965 1388 3194 1468 absque

729 1494 1016 1577 peccandi
1065 1494 1334 1576 periculo
1375 1493 1543 1574 sequi
1594 1493 1773 1566 licet:
1826 1493 2052 1574 quippe
2101 1491 2309 1555 nullus
2359 1489 2436 1554 ad
2483 1490 2705 1554 melius
2752 1493 2815 1553 et
2863 1489 3193 1572 perfectius

729 1598 1224 1681 amplectendum
1250 1597 1689 1680 adstringitur:
1726 1596 1796 1657 3⁰
1822 1596 1965 1676 quia
2006 1615 2147 1658 cum
2182 1595 2534 1659 omnimoda
2568 1593 2640 1658 de
2673 1595 2853 1657 rebus
2885 1592 3193 1658 certitudo

727 1694 939 1764 hab'eri
988 1702 1272 1782 nequeat,
1324 1699 1400 1762 ad
1447 1718 1584 1762 eam
1631 1699 1801 1761 Deus
1848 1697 2101 1761 minime-
2147 1696 2479 1780 obligavit:
2530 1695 2635 1759 sed
2691 1695 2767 1759 ad
2816 1695 3193 1778 operandum

727 1822 871 1866 cum
902 1804 1125 1867 morali
1157 1802 1545 1879 certitudine,
1573 1801 1776 1882 qualis
1815 1800 1878 1862 in
1904 1799 2193 1882 opinione
2216 1798 2523 1881 probabili
2560 1798 2882 1880 reperitur.
2909 1797 3194 1880 Namque

729 1905 1141 1968 intollerabile
1190 1924 1343 1968 onus
1393 1924 1462 1967 ac
1508 1904 1726 1966 multis
1788 1900 2094 1984 scrupulis
2151 1900 2498 1983 expositum
2545 1902 2724 1971 esset,
2775 1899 2827 1962 si
2876 1900 3193 1982 opiniones

731 2007 1171 2088 probabiliores
1203 2007 1577 2089 investigare
1615 2008 1964 2069 teneremur
1996 2031 2056 2066 ».

819 2108 898 2170 Et
936 2108 1081 2170 ibid.
1117 2129 1176 2171 n.
1216 2109 1316 2170 16.
1352 2108 1551 2171 addit:
1600 2132 1634 2165 «
1667 2125 1786 2171 non
1822 2110 2073 2171 tantum
2110 2126 2289 2189 posse
2321 2124 2505 2187 quem
2539 2106 2779 2189 operari
2810 2109 3026 2170 contra
3060 2126 3196 2189 pro-

733 2210 933 2292 priam
967 2210 1315 2292 opinionem
1354 2210 1526 2273 iuxta
1577 2210 1957 2292 probabilem
2006 2210 2273 2273 aliorum
2310 2208 2701 2284 sententiam,
2751 2208 2996 2290 quando
3045 2228 3195 2273 suae

727 2312 1033 2394 opinionis
1060 2332 1376 2377 assensum
1402 2312 1880 2375 determinatum
1914 2311 2187 2376 habetet
2212 2311 2468 2375 alterius
2493 2314 2793 2391 tanquam
2816 2310 3191 2393 probabilis:

727 2416 834 2479 sed
867 2416 1055 2479 etiam
1095 2416 1149 2478 si
1186 2435 1291 2499 per
1327 2415 1658 2479 intrinseca
1697 2414 1785 2477 rei
1810 2414 2109 2496 principia
2141 2414 2424 2477 neutrius
2463 2432 2779 2477 assensum
2812 2413 3062 2487 habeat,
3089 2413 3194 2477 sed

728 2518 889 2582 inter
945 2519 1274 2599 utramque
1337 2516 1622 2590 haesitet,
1673 2516 2009 2581 diunmodo
2069 2517 2291 2581 saltem
2340 2536 2447 2599 per
2509 2516 2845 2579 extrinseca
2891 2516 3193 2599 principia

728 2621 955 2684 habeat
993 2621 1109 2685 hoc
1147 2620 1444 2685 iudicium
1484 2620 1986 2691 determinatum,
2026 2639 2243 2702 nempe
2282 2619 2399 2683 sibi
2436 2619 2618 2683 licere
2650 2620 2957 2684 utramvis
2997 2622 3191 2702 sequi,

726 2743 798 2788 eo
831 2724 996 2805 quod
1031 2725 1354 2805 utriusque
1387 2742 1609 2806 graves
1649 2727 1944 2805 patronos
1982 2723 2192 2787 videat
2223 2749 2284 2786 ».

817 2828 914 2890 Ita
963 2826 1320 2890 Filliuccius
1369 2828 1550 2890 tract.
1588 2827 1692 2888 21.
1730 2844 1863 2907 cap.
1898 2826 1958 2888 4.
1997 2846 2054 2889 n.
2096 2826 2241 2888 128.
2287 2825 2537 2888 adhibet
2584 2825 2976 2908 principium,
3028 2827 3195 2908 quod

732 2954 766 2986 «
792 2928 1124 3010 prudenter
1148 2932 1442 3012 operatur
1467 2928 1662 3009 (quis)
1686 2926 1984 2990 credendo
2011 2928 2227 3010 peritis
2252 2928 2317 2990 in
2343 2930 2475 2992 arte
2499 2929 2564 2991 et
2586 2926 2939 3010 sapientum
2963 2929 3191 2993 iudicio

724 3049 789 3095 se
828 3032 1200 3097 submittens
1227 3059 1286 3094 ».
1317 3031 1396 3094 Et
1419 3050 1478 3093 n.
1514 3030 1658 3092 1:31.
1687 3028 1853 3111 quod
1884 3055 1919 3086 «
1945 3030 2007 3092 in
2034 3049 2098 3093 re
2122 3048 2244 3093 non
2272 3032 2439 3094 certa
2472 3030 2733 3111 quisque
2757 3048 2961 3094 errare
2986 3034 3194 3113 potest

724 3136 787 3198 et
820 3134 984 3215 quod
1023 3135 1132 3198 uni
1165 3133 1545 3218 probabilius
1579 3131 1844 3206 videtur,
1886 3131 2067 3195 alteri
2100 3132 2306 3196 minus
2339 3131 2654 3214 probabile
2692 3131 2812 3195 erit
2843 3156 2903 3194 ».

819 3239 918 3302 Ita
965 3242 1027 3302 et
1061 3238 1343 3318 Vasquez
1377 3237 1440 3298 in
1477 3237 1533 3298 1.
1564 3237 1624 3298 2.
1651 3233 1807 3316 disp.
1836 3234 1940 3298 62.
1969 3253 2100 3316 cap.
2128 3235 2190 3297 4.
2217 3255 2277 3298 n.
2312 3236 2444 3297 15.:
2485 3261 2519 3291 «
2545 3234 2634 3298 Ex
2666 3252 2737 3298 eo
2777 3235 2943 3315 quod
2984 3236 3192 3319 opinio

728 3339 834 3402 illa
875 3343 967 3402 est
1001 3339 1340 3421 peritorum
1371 3338 1435 3400 in
1462 3340 1594 3400 arte
1619 3338 1681 3400 et
1718 3336 2026 3418 probabili
2064 3337 2305 3402 ratione
2330 3335 2607 3413 fundata,
2636 3336 2808 3401 nulla
2834 3337 3084 3403 videtur
3108 3360 3194 3403 re-

727 3442 1124 3524 prehensione
1163 3444 1276 3503 aut
1314 3441 1460 3503 nota
1510 3439 1753 3522 dignuS,
1795 3439 1903 3519 qui
1950 3457 2084 3502 eam
2124 3439 2407 3520 sequitur
2450 3438 2514 3501 in
2553 3438 2880 3521 operando,
2922 3440 3191 3507 aliorum

728 3544 790 3606 in
825 3544 938 3606 hoc
973 3543 1312 3606 sententiae
1347 3541 1735 3622 acquiescens
1769 3564 1828 3602 ».
2052 3606 2071 3621 ,

816 3645 895 3708 Et
928 3664 986 3707 n.
1019 3645 1120 3706 16.
1147 3643 1326 3725 quasi
1360 3642 1585 3706 addens
1616 3643 1955 3707 rationem:
1998 3669 2033 3700 ⁴<
2059 3642 2233 3708 Sicut
2258 3644 2320 3707 in
2347 3643 2488 3708 aliis
2512 3644 2696 3708 rebus
2728 3645 3004 3728 agendis,
3034 3667 3189 3729 quae

723 3765 846 3811 non
904 3749 1048 3811 sunt
1103 3747 1483 3829 praeceptae,
1533 3763 1651 3809 non
1708 3746 1804 3808 est
1850 3745 2267 3827 imprudentia
2316 3746 2489 3827 sequi
2545 3747 2871 3811 consilium
2920 3748 3188 3815 aliorum

710 3851 1064 3930 peritorum
1110 3851 1324 3914 contra
1371 3848 1724 3931 proprium;
1774 3848 1865 3911 ita
1913 3849 2104 3912 etiam
2152 3848 2214 3912 in
2269 3848 2450 3912 rebus
2510 3850 2851 3933 praeceptis
2899 3870 3022 3916 non
3072 3853 3187 3916 erit

718 3957 1040 4036 peccatum
1088 3955 1200 4017 aut
1246 3954 1462 4017 contra
1510 3951 1834 4018 rationem.
1870 3950 2046 4032 sequi
2096 3950 2445 4033 opinionem
2496 3951 2762 4016 aliorum
2801 3955 3021 4019 contra
3054 3974 3187 4038 pro-

720 4060 918 4142 priam
956 4086 1016 4124 ».

809 4162 886 4224 Et
926 4181 984 4224 n.
1024 4162 1154 4225 17.:
1214 4189 1246 4216 «
1281 4162 1486 4225 Multo
1535 4162 1737 4245 magis
1784 4180 2113 4244 possumus
2147 4162 2481 4226 secundum
2532 4164 2882 4245 opinionem
2917 4165 3184 4229 aliorum

719 4266 932 4325 contra
961 4262 1272 4344 propriam
1303 4264 1559 4345 operari,
1587 4264 1835 4344 quando
1863 4263 2140 4327 videmus
2166 4264 2567 4330 fundamenta
2592 4266 2798 4330 omnia
2824 4270 2888 4331 et
2911 4269 3183 4333 rationes

725 4369 969 4426 nostras
1003 4365 1301 4428 Doctores
1337 4365 1656 4447 oppositae
1689 4367 2033 4431 sententiae
2081 4367 2306 4432 vidisse
2338 4371 2400 4431 et
2431 4368 2846 4434 considerasse
2877 4373 2943 4434 et
2974 4371 3051 4435 ad
3084 4390 3184 4435 eas

725 4464 934 4545 aliquo
968 4465 1150 4529 modo
1184 4467 1568 4548 respondisse
1608 4488 1715 4531 nec
1754 4469 1841 4532 eis
1881 4469 2197 4533 convictos
2244 4470 2451 4533 fuisse.
2485 4470 2657 4534 Tunc
2704 4471 2863 4535 enim
2913 4472 3047 4537 iure
3094 4493 3186 4537 ar-

722 4566 940 4630 bitrari
975 4567 1285 4640 debemus,
1329 4571 1564 4651 operari
1601 4589 1711 4634 nos
1745 4574 1908 4635 reete
1942 4574 2003 4635 et
2036 4571 2366 4654 prudenter
2404 4575 2724 4653 sequentes
2757 4572 3026 4639 aliorum
3057 4595 3186 4640 sen-
