3529 5158
668 381 982 422 APPmmlx
1020 382 1058 422 1.
1096 380 1498 422 mserum-Arm
1536 381 1621 419 nn
1658 381 1869 420 unm-m
1906 381 1953 421 s,
1993 382 2298 423 Aneuoum
2335 384 2466 424 me.
2697 370 2804 426 633

426 478 487 541 3.
520 478 842 543 Posterius
881 480 1091 544 autem
1123 480 1315 544 istum
1348 478 1653 542 deflexum
1688 479 1762 541 ad
1789 478 2398 560 probabiliorismum
2431 481 2799 564 relinquenS,

336 597 515 643 suam
552 581 924 645 sententiam
971 582 1058 646 sic
1105 582 1395 665 proponit
1441 581 1682 644 dissert.
1720 599 1859 644 ann.
1916 581 2106 645 1773.
2155 602 2215 645 n.
2268 584 2358 646 3.:
2408 583 2591 662 Dico,
2641 585 2807 665 quod

335 700 473 744 cum
516 683 726 761 opinio
770 684 981 747 minus
1030 686 1165 746 tuta
1209 688 1303 746 est
1351 703 1543 763 aeque
1579 682 1952 762 probabilis,
1989 688 2202 763 potest
2251 686 2394 766 quis
2455 706 2591 749 eam
2637 686 2802 750 licite

331 785 527 864 sequi.
577 784 660 847 Et
703 804 919 849 rursus
951 784 1140 849 Hom.
1177 785 1399 864 Apost.
1439 789 1517 847 tr.
1556 786 1612 849 1.
1648 805 1781 864 cap.
1818 786 1878 848 3.
1914 807 1976 849 n.
2013 787 2149 850 33.:
2203 787 2448 851 Nostra
2493 774 2804 852 sententia

334 883 504 959 dicit,
538 885 705 966 quod
731 907 868 949 mom
901 888 1129 966 opinio,
1169 907 1326 968 quae
1367 886 1648 950 libertati
1674 886 1860 966 favet,
1894 892 1989 951 est
2015 909 2208 969 aeque
2227 890 2584 969 probabilis
2619 894 2803 972 atque

332 989 541 1066 opinio
572 988 710 1062 illa,
749 1010 907 1069 quae
942 989 1111 1068 favet
1141 988 1283 1071 leyi,
1316 991 1452 1052 sine
1483 988 1669 1052 dubio
1703 993 1763 1052 et
1794 989 1961 1053 licite
1992 992 2170 1071 sequi
2186 996 2413 1070 potest.

421 1091 482 1153 4.
517 1090 797 1173 Denique
819 1090 1112 1156 illicitum
1138 1111 1267 1155 esse
1293 1091 1584 1166 declarat,
1614 1093 1987 1155 sententiam
2013 1094 2566 1175 probabilistarum
2603 1097 2796 1178 sequi,

326 1210 521 1273 quam
552 1192 682 1274 ipse
730 1193 899 1275 prius
947 1192 1317 1257 defenderat.
1358 1194 1459 1257 Ita
1511 1212 1555 1256 S.
1600 1194 1834 1258 Doctor
1865 1193 2054 1283 Hom.
2091 1195 2313 1275 Apost.
2350 1199 2428 1260 tr.
2475 1199 2532 1260 1.
2567 1217 2699 1281 cap.
2734 1199 2795 1262 3.

324 1312 385 1355 n.
422 1295 528 1357 32.
568 1295 677 1358 Ed.
714 1295 899 1359 Taur.
937 1314 1033 1358 an.
1073 1296 1295 1359 1825.:
1345 1293 1655 1369 Dicimus,
1707 1315 1834 1358 non
1881 1294 2066 1358 licere
2113 1298 2210 1358 uti
2254 1298 2542 1376 opinione
2589 1301 2798 1362 minus

309 1394 637 1474 probabili
672 1400 733 1458 et
765 1397 976 1459 minus
1008 1400 1143 1458 tuta
1172 1395 1474 1460 adversus
1495 1397 1989 1477 probabiliorem
2006 1419 2130 1478 pro
2165 1398 2314 1481 leye.

415 1497 637 1579 Itaque
661 1498 714 1562 si
738 1518 902 1562 mere
926 1498 1039 1563 has
1064 1519 1113 1562 s.
1140 1500 1429 1564 Doctoris
1454 1500 1658 1563 theses
1683 1501 1993 1583 inspiciaS,
2029 1520 2152 1566 non
2185 1504 2373 1566 semel
2406 1504 2511 1568 sed
2546 1505 2794 1568 omnino

323 1600 547 1679 quater
579 1618 627 1663 S.
664 1601 899 1664 Doctor
936 1601 1055 1664 sibi
1086 1602 1290 1664 minus
1338 1602 1667 1665 cohaerens
1702 1602 1895 1665 videri
1945 1603 2056 1666 tibi
2108 1606 2358 1685 poterit.
2398 1605 2563 1668 Nam
2596 1607 2793 1688 primo

320 1700 576 1780 quidem
610 1702 943 1765 acerrimus
991 1702 1108 1765 tibi
1154 1702 1577 1784 probabilismi
1611 1706 2040 1787 propugnator
2088 1709 2343 1788 apparet
2390 1705 2493 1786 (cf.
2539 1707 2671 1771 eius
2703 1728 2796 1771 ar-

321 1804 628 1887 gumenta
653 1823 689 1867 a
713 1804 889 1868 nobis
913 1804 1174 1868 recitata
1200 1805 1263 1868 in
1289 1806 1369 1867 tr.
1404 1803 1477 1865 de
1518 1804 1942 1890 Conscientia)
1964 1830 1977 1869 :
2014 1806 2331 1872 deflectere
2363 1810 2579 1890 postea
2605 1809 2794 1873 etiam

318 1903 401 1966 ad
428 1905 1036 1987 probabiliorismum
1061 1906 1404 1970 videbitur:
1435 1908 1662 1972 omisso
1688 1907 1902 1972 deinde
1928 1908 2230 1974 eiusmodi
2256 1910 2792 1993 probabiliorismo

320 2009 582 2088 apparet
607 2008 722 2071 tibi
749 2008 1394 2091 aequi-probabilista:
1423 2009 1671 2073 demum
1699 2010 1775 2073 ad
1799 2010 2295 2094 impugnandum
2320 2011 2588 2075 declinat
2613 2013 2791 2077 illum

318 2110 855 2190 probabilismum,
890 2112 1065 2175 cuius
1099 2112 1432 2175 acerrimus
1466 2113 1790 2176 exstiterat
1827 2115 2271 2197 propugnator.

409 2215 639 2296 Aperte
671 2231 818 2297 ergo
853 2232 917 2277 se
949 2213 1155 2296 prodit
1192 2214 1374 2290 ratio,
1403 2234 1512 2277 cur
1546 2213 1859 2296 obsequio,
1897 2216 2059 2297 quod
2095 2236 2144 2280 s,
2187 2217 2444 2281 Doctori
2478 2218 2790 2293 debemuS,

319 2318 600 2401 apprime
646 2316 899 2400 dignam
960 2316 1301 2380 censuerim
1348 2336 1581 2389 curam,
1633 2338 1753 2399 qua
1802 2318 2284 2401 praemissarum
2342 2319 2790 2384 sententiarum

316 2419 771 2484 dissonantiam
816 2438 980 2482 mere
1028 2421 1428 2501 apparentem
1466 2438 1595 2483 esse
1630 2420 2031 2484 ostenderem.
2072 2421 2265 2503 quue
2306 2424 2660 2487 assecutum
2692 2443 2790 2487 me

318 2542 452 2587 esse
492 2521 709 2604 putavi
746 2521 1025 2603 sequenti
1074 2521 1526 2594 dissertatione,
1576 2523 1639 2586 in
1687 2541 1812 2604 qua
1860 2523 1913 2586 si
1961 2542 1992 2586 e
2041 2525 2356 2587 contrario
2390 2542 2488 2587 me
2522 2544 2558 2588 a
2604 2543 2788 2609 scopo

316 2625 637 2689 aberrasse
683 2624 961 2689 eruditus
1008 2625 1202 2688 lector
1249 2625 1675 2701 arbitrabitur,
1720 2626 1788 2688 at
1819 2626 2010 2689 studii
2060 2627 2124 2689 et
2171 2626 2451 2708 obsequii
2480 2627 2604 2692 mei
2641 2648 2788 2712 erga

316 2746 365 2790 s.
401 2728 738 2790 Doctorem
782 2728 1105 2807 rectaeque
1156 2726 1517 2790 intentionis
1550 2727 1612 2790 in
1652 2727 1768 2790 hac
1814 2728 2246 2792 conciliatione
2293 2730 2662 2811 quaerenda,
2697 2750 2792 2795 ra-

316 2830 554 2893 tionem
599 2827 944 2892 habendam
978 2849 1107 2894 esse
1139 2849 1261 2894 non
1309 2829 1580 2913 negabit.
1631 2829 1930 2893 Fatemur
1965 2831 2194 2904 tamen,
2230 2831 2407 2894 nobis
2438 2851 2510 2896 ex
2548 2832 2789 2898 duobus

316 2932 694 2995 alterutrum
743 2932 980 2995 eertum
1027 2950 1184 2995 esse:
1227 2932 1340 2995 aut
1369 2931 1660 2995 dicendus
1708 2935 1804 2996 est
1851 2951 1898 2995 S.
1940 2933 2173 2996 Doctor
2221 2934 2479 2997 subinde
2509 2939 2789 3000 mutasse

314 3037 693 3101 sententiam
718 3055 897 3099 suam
923 3038 1033 3100 aut
1059 3038 1179 3110 via,
1215 3055 1404 3117 quam
1436 3036 1859 3119 proponimuS,
1891 3037 2342 3100 conciliationis
2382 3037 2644 3100 ineunda
2673 3041 2785 3102 est.

404 3139 471 3202 Si
498 3141 707 3202 autem
740 3137 878 3218 quis
903 3138 1227 3201 concedere
1254 3138 1423 3213 velit,
1460 3157 1506 3199 s.
1537 3138 1871 3200 Doctorem
1901 3137 1964 3199 in
1999 3138 2114 3199 hae
2137 3138 2391 3218 capitali
2424 3140 2786 3218 quaestione

314 3260 387 3305 ex
428 3240 554 3304 alia
588 3240 649 3303 in
688 3241 877 3303 aliam
914 3241 1216 3322 migrasse
1264 3239 1520 3301 subinde
1569 3238 1961 3308 sententiam,
2004 3239 2330 3319 permittat
2367 3239 2544 3301 nobis
2585 3258 2631 3302 s.
2668 3241 2788 3304 Do-

311 3342 475 3407 ctori
523 3340 870 3416 adhaerere,
910 3341 1157 3405 docenti
1187 3341 1550 3422 simpliciter
1582 3339 2114 3423 probabilismum,
2151 3339 2359 3422 potius
2392 3360 2580 3422 quam
2615 3342 2784 3406 aliud

312 3445 560 3509 docenti
608 3447 898 3527 systema.
940 3443 1101 3506 Nam
1137 3443 1322 3506 licere
1353 3443 1531 3523 sequi
1577 3443 1928 3521 epimonem
1975 3463 2113 3505 vere
2147 3442 2542 3521 probabilem
2559 3463 2684 3523 pro
2716 3444 2788 3506 Ii·

312 3547 550 3611 bertate
598 3547 665 3608 in
714 3567 1015 3609 concursu
1049 3544 1504 3626 probabilioris
1538 3566 1663 3625 pro
1697 3544 1848 3626 (eye,
1884 3545 2164 3609 doctrina
2204 3548 2316 3622 est,
2360 3566 2550 3628 quam
2581 3566 2630 3610 S.
2666 3548 2786 3613 Do-

309 3652 444 3715 ctor
477 3649 542 3713 et
573 3649 912 3713 clarissime
946 3649 1274 3731 proposuit
1307 3651 1369 3712 et
1401 3648 1841 3720 efficacissime,
1877 3650 1928 3712 si
1963 3669 2239 3730 unquam
2287 3649 2496 3725 aliam,
2539 3650 2784 3714 demon·

310 3752 541 3818 stravit
589 3754 653 3815 et
689 3771 1005 3833 nunquam
1038 3771 1177 3815 vere
1226 3751 1577 3835 abnegavit,
1629 3752 1703 3814 ut
1750 3751 2127 3815 videbimus:
2172 3751 2354 3813 licere
2403 3772 2542 3812 vcro
2581 3751 2783 3814 solum

305 3856 487 3936 sequi
531 3855 883 3934 opinionem
915 3875 1040 3932 pro
1080 3853 1385 3927 libertate,
1420 3874 1559 3915 oum
1604 3852 1699 3915 vel
1726 3852 2122 3931 probabilior
2169 3857 2262 3914 est
2291 3852 2386 3914 vel
2416 3873 2609 3932 aeque
2634 3874 2782 3932 pro-

310 3959 543 4024 babilis
572 3981 645 4023 cw
676 3961 973 4040 opposita„
1016 3961 1269 4023 ubinam
1309 3962 1368 4023 et
1409 3960 1633 4041 quibus
1668 3960 2051 4042 argumentis
2086 3957 2536 4022 demonstravit
2578 3978 2624 4022 s,
2661 3960 2782 4024 Do-

308 4066 494 4128 ctor‘?
539 4062 703 4127 Nam
752 4063 923 4127 aliud
954 4063 1245 4143 estquod
1293 4061 1627 4125 defenderit
1677 4061 1936 4128 thesim:
1985 4062 2166 4125 licere
2217 4061 2390 4142 sequi
2431 4061 2780 4144 opinionem

308 4185 506 4247 aeque
552 4167 937 4248 probabilem
969 4185 1077 4248 pro
1110 4165 1399 4228 libertate
1432 4165 1495 4226 in
1528 4182 1828 4227 concursu
1872 4182 2062 4243 aeque
2111 4163 2446 4244 probabilis
2480 4182 2588 4245 pro
2622 4164 2777 4246 lege,

308 4268 482 4331 aliud
530 4270 626 4332 est
674 4288 941 4332 asserere
978 4271 1119 4330 tunc
1167 4266 1368 4331 solum
1412 4267 1656 4330 licitum
1690 4285 1820 4328 esse
1854 4284 2038 4327 usum
2088 4265 2395 4347 opinionis
2442 4265 2779 4347 probabilis

309 4389 419 4452 pro
462 4370 774 4443 libertate,
809 4390 951 4433 cum
998 4370 1096 4433 vel
1144 4369 1522 4452 probabilior
1553 4371 1648 4431 est
1690 4367 1788 4430 vel
1830 4367 2052 4429 saltem
2101 4385 2291 4446 aeque
2339 4367 2674 4449 probabilis
2709 4387 2780 4432 ac

307 4473 599 4555 opposita
624 4493 733 4556 pro
767 4473 922 4557 lege.
949 4471 1118 4551 Quae
1144 4471 1392 4554 quidem
1425 4472 1486 4534 in
1514 4491 1636 4553 seq.
1665 4469 1907 4532 dissert.
1936 4488 2048 4532 suo
2074 4469 2209 4532 loco
2242 4469 2572 4534 manifesta
2606 4471 2773 4536 fient.
