<?xml version="1.0" encoding="UTF-8"?>
<!DOCTYPE html PUBLIC "-//W3C//DTD XHTML 1.0 Transitional//EN"
    "http://www.w3.org/TR/xhtml1/DTD/xhtml1-transitional.dtd">
<html xmlns="http://www.w3.org/1999/xhtml" xml:lang="en" lang="en">
 <head>
  <title>
</title>
<meta http-equiv="Content-Type" content="text/html;charset=utf-8" />
  <meta name='ocr-system' content='tesseract 3.04.00' />
  <meta name='ocr-capabilities' content='ocr_page ocr_carea ocr_par ocr_line ocrx_word'/>
</head>
<body>
  <div class='ocr_page' id='page_1' title='image "./opustheologicum00palmgoog_0737.png"; bbox 0 0 3529 5158; ppageno 0'>
   <div class='ocr_carea' id='block_1_1' title="bbox 676 342 3227 4638">
    <p class='ocr_par' dir='ltr' id='par_1_1' title="bbox 750 342 3227 1354">
     <span class='ocr_line' id='line_1_1' title="bbox 772 342 2419 397; baseline 0.001 -1"><span class='ocrx_word' id='word_1_1' title='bbox 772 342 878 396; x_wconf 82' lang='lat'><em>644</em></span> <span class='ocrx_word' id='word_1_2' title='bbox 1591 354 1904 396; x_wconf 70' lang='lat' dir='ltr'><strong>Appmmxx</strong></span> <span class='ocrx_word' id='word_1_3' title='bbox 1941 355 1982 397; x_wconf 87' lang='lat'><em>1.</em></span> <span class='ocrx_word' id='word_1_4' title='bbox 2019 355 2419 397; x_wconf 66' lang='lat' dir='ltr'><em>mssnn‘rarro</em></span> 
     </span>
     <span class='ocr_line' id='line_1_2' title="bbox 767 451 3227 535; baseline 0.002 -19"><span class='ocrx_word' id='word_1_5' title='bbox 767 451 1056 533; x_wconf 79' lang='lat' dir='ltr'><em>amplecti</em></span> <span class='ocrx_word' id='word_1_6' title='bbox 1099 455 1448 533; x_wconf 74' lang='lat' dir='ltr'><em>opinionem</em></span> <span class='ocrx_word' id='word_1_7' title='bbox 1492 454 1703 517; x_wconf 77' lang='lat' dir='ltr'><em>minus</em></span> <span class='ocrx_word' id='word_1_8' title='bbox 1738 453 2130 533; x_wconf 76' lang='lat' dir='ltr'><strong><em>probabilem</em></strong></span> <span class='ocrx_word' id='word_1_9' title='bbox 2172 454 2243 516; x_wconf 88' lang='lat' dir='ltr'><em>in</em></span> <span class='ocrx_word' id='word_1_10' title='bbox 2288 473 2594 517; x_wconf 76' lang='lat' dir='ltr'><strong><em>concursu</em></strong></span> <span class='ocrx_word' id='word_1_11' title='bbox 2622 456 2937 535; x_wconf 71' lang='lat' dir='ltr'><em>opinionis</em></span> <span class='ocrx_word' id='word_1_12' title='bbox 2966 462 3131 522; x_wconf 78' lang='lat' dir='ltr'><em>certe</em></span> <span class='ocrx_word' id='word_1_13' title='bbox 3171 465 3227 524; x_wconf 87' lang='lat' dir='ltr'><em>et</em></span> 
     </span>
     <span class='ocr_line' id='line_1_3' title="bbox 765 556 3223 640; baseline 0.002 -20"><span class='ocrx_word' id='word_1_14' title='bbox 765 556 1127 620; x_wconf 77' lang='lat' dir='ltr'><em>notabiliter</em></span> <span class='ocrx_word' id='word_1_15' title='bbox 1142 556 1598 636; x_wconf 71' lang='lat' dir='ltr'><em>probabilioris</em></span> <span class='ocrx_word' id='word_1_16' title='bbox 1613 576 1741 636; x_wconf 89' lang='lat' dir='ltr'><em>pro</em></span> <span class='ocrx_word' id='word_1_17' title='bbox 1774 556 1922 638; x_wconf 75' lang='lat' dir='ltr'><em>leye.</em></span> <span class='ocrx_word' id='word_1_18' title='bbox 1956 557 2152 638; x_wconf 84' lang='lat' dir='ltr'><em>Atqui</em></span> <span class='ocrx_word' id='word_1_19' title='bbox 2179 556 2426 621; x_wconf 90' lang='lat' dir='ltr'><em>nonnisi</em></span> <span class='ocrx_word' id='word_1_20' title='bbox 2449 576 2557 640; x_wconf 90' lang='lat' dir='ltr'><em>per</em></span> <span class='ocrx_word' id='word_1_21' title='bbox 2577 558 2916 623; x_wconf 78' lang='lat' dir='ltr'><strong>maximam</strong></span> <span class='ocrx_word' id='word_1_22' title='bbox 2939 560 3005 624; x_wconf 93' lang='lat' dir='ltr'><em>in</em></span> <span class='ocrx_word' id='word_1_23' title='bbox 3028 579 3076 625; x_wconf 91' lang='lat' dir='ltr'><em>s.</em></span> <span class='ocrx_word' id='word_1_24' title='bbox 3103 563 3223 627; x_wconf 92' lang='lat' dir='ltr'><em>Do-</em></span> 
     </span>
     <span class='ocr_line' id='line_1_4' title="bbox 763 658 3219 743; baseline 0.002 -21"><span class='ocrx_word' id='word_1_25' title='bbox 763 660 995 722; x_wconf 90' lang='lat' dir='ltr'><em>ctorem</em></span> <span class='ocrx_word' id='word_1_26' title='bbox 1032 659 1326 723; x_wconf 85' lang='lat' dir='ltr'><em>iniuriam</em></span> <span class='ocrx_word' id='word_1_27' title='bbox 1355 659 1418 723; x_wconf 89' lang='lat' dir='ltr'><em>id</em></span> <span class='ocrx_word' id='word_1_28' title='bbox 1450 660 1761 723; x_wconf 86' lang='lat' dir='ltr'><em>affirmare</em></span> <span class='ocrx_word' id='word_1_29' title='bbox 1806 659 1947 741; x_wconf 92' lang='lat' dir='ltr'><em>quis</em></span> <span class='ocrx_word' id='word_1_30' title='bbox 1994 661 2221 742; x_wconf 89' lang='lat' dir='ltr'><em>posset.</em></span> <span class='ocrx_word' id='word_1_31' title='bbox 2255 658 2416 738; x_wconf 87' lang='lat' dir='ltr'>Quid</span> <span class='ocrx_word' id='word_1_32' title='bbox 2461 659 2675 723; x_wconf 80' lang='lat' dir='ltr'><em>enim?</em></span> <span class='ocrx_word' id='word_1_33' title='bbox 2709 658 3025 743; x_wconf 85' lang='lat' dir='ltr'><em>Suspicari</em></span> <span class='ocrx_word' id='word_1_34' title='bbox 3068 683 3219 728; x_wconf 89' lang='lat' dir='ltr'><em>nun-</em></span> 
     </span>
     <span class='ocr_line' id='line_1_5' title="bbox 761 760 3218 845; baseline 0.002 -20"><span class='ocrx_word' id='word_1_35' title='bbox 761 761 909 843; x_wconf 88' lang='lat' dir='ltr'>quid</span> <span class='ocrx_word' id='word_1_36' title='bbox 933 760 1241 844; x_wconf 80' lang='lat' dir='ltr'><em>quispiam</em></span> <span class='ocrx_word' id='word_1_37' title='bbox 1273 762 1520 845; x_wconf 91' lang='lat' dir='ltr'><em>poterit‚</em></span> <span class='ocrx_word' id='word_1_38' title='bbox 1556 781 1603 825; x_wconf 91' lang='lat' dir='ltr'><em>s.</em></span> <span class='ocrx_word' id='word_1_39' title='bbox 1640 763 1974 826; x_wconf 90' lang='lat' dir='ltr'><em>Doctorem</em></span> <span class='ocrx_word' id='word_1_40' title='bbox 2006 781 2145 826; x_wconf 89' lang='lat' dir='ltr'><em>ann.</em></span> <span class='ocrx_word' id='word_1_41' title='bbox 2186 761 2377 825; x_wconf 89' lang='lat'>1749.</span> <span class='ocrx_word' id='word_1_42' title='bbox 2417 762 2481 825; x_wconf 91' lang='lat' dir='ltr'><em>et</em></span> <span class='ocrx_word' id='word_1_43' title='bbox 2519 762 2708 825; x_wconf 84' lang='lat'>1755.</span> <span class='ocrx_word' id='word_1_44' title='bbox 2745 762 2823 825; x_wconf 90' lang='lat' dir='ltr'><em>ad</em></span> <span class='ocrx_word' id='word_1_45' title='bbox 2860 763 3218 830; x_wconf 89' lang='lat' dir='ltr'><em>huiusmodi</em></span> 
     </span>
     <span class='ocr_line' id='line_1_6' title="bbox 760 862 3219 950; baseline 0.002 -22"><span class='ocrx_word' id='word_1_46' title='bbox 760 864 1109 946; x_wconf 83' lang='lat' dir='ltr'><em>opinionem</em></span> <span class='ocrx_word' id='word_1_47' title='bbox 1153 865 1433 929; x_wconf 87' lang='lat' dir='ltr'><em>monstra</em></span> <span class='ocrx_word' id='word_1_48' title='bbox 1480 864 1812 940; x_wconf 88' lang='lat' dir='ltr'><em>devenisse,</em></span> <span class='ocrx_word' id='word_1_49' title='bbox 1847 865 1921 927; x_wconf 91' lang='lat' dir='ltr'><em>ut</em></span> <span class='ocrx_word' id='word_1_50' title='bbox 1951 863 2299 928; x_wconf 84' lang='lat' dir='ltr'><em>defenderet</em></span> <span class='ocrx_word' id='word_1_51' title='bbox 2328 862 2572 928; x_wconf 86' lang='lat' dir='ltr'><em>licitum</em></span> <span class='ocrx_word' id='word_1_52' title='bbox 2604 883 2737 929; x_wconf 87' lang='lat' dir='ltr'><em>esse</em></span> <span class='ocrx_word' id='word_1_53' title='bbox 2767 866 2942 948; x_wconf 88' lang='lat' dir='ltr'><em>sequi</em></span> <span class='ocrx_word' id='word_1_54' title='bbox 2988 867 3219 950; x_wconf 89' lang='lat' dir='ltr'><em>opinio-</em></span> 
     </span>
     <span class='ocr_line' id='line_1_7' title="bbox 757 955 3212 1055; baseline 0.001 -24"><span class='ocrx_word' id='word_1_55' title='bbox 757 985 896 1031; x_wconf 90' lang='lat' dir='ltr'><em>nem</em></span> <span class='ocrx_word' id='word_1_56' title='bbox 945 967 1213 1030; x_wconf 83' lang='lat' dir='ltr'><em>tenuiter</em></span> <span class='ocrx_word' id='word_1_57' title='bbox 1241 969 1358 1029; x_wconf 75' lang='lat' dir='ltr'><em>aut</em></span> <span class='ocrx_word' id='word_1_58' title='bbox 1398 965 1581 1029; x_wconf 82' lang='lat' dir='ltr'><em>dubie</em></span> <span class='ocrx_word' id='word_1_59' title='bbox 1606 955 2008 1045; x_wconf 69' lang='lat' dir='ltr'><em>probabilem</em></span> <span class='ocrx_word' id='word_1_60' title='bbox 2041 967 2104 1029; x_wconf 92' lang='lat' dir='ltr'><em>in</em></span> <span class='ocrx_word' id='word_1_61' title='bbox 2151 984 2451 1031; x_wconf 82' lang='lat' dir='ltr'><em>concursu</em></span> <span class='ocrx_word' id='word_1_62' title='bbox 2499 966 2808 1049; x_wconf 81' lang='lat' dir='ltr'><em>opinionis</em></span> <span class='ocrx_word' id='word_1_63' title='bbox 2853 967 2992 1051; x_wconf 89' lang='lat' dir='ltr'><em>(pro</em></span> <span class='ocrx_word' id='word_1_64' title='bbox 3028 970 3212 1055; x_wconf 87' lang='lat' dir='ltr'><em>lege),</em></span> 
     </span>
     <span class='ocr_line' id='line_1_8' title="bbox 754 1059 3218 1152; baseline 0.001 -19"><span class='ocrx_word' id='word_1_65' title='bbox 754 1088 913 1152; x_wconf 88' lang='lat' dir='ltr'><em>quae</em></span> <span class='ocrx_word' id='word_1_66' title='bbox 958 1073 1193 1132; x_wconf 81' lang='lat' dir='ltr'><em>eertum</em></span> <span class='ocrx_word' id='word_1_67' title='bbox 1236 1067 1423 1132; x_wconf 78' lang='lat' dir='ltr'><em>habet</em></span> <span class='ocrx_word' id='word_1_68' title='bbox 1461 1067 1956 1147; x_wconf 78' lang='lat' dir='ltr'><em>fundamentum,</em></span> <span class='ocrx_word' id='word_1_69' title='bbox 2004 1068 2207 1148; x_wconf 80' lang='lat' dir='ltr'><em>ipsam</em></span> <span class='ocrx_word' id='word_1_70' title='bbox 2251 1059 2403 1132; x_wconf 74' lang='lat' dir='ltr'><em>esse&#39;</em></span> <span class='ocrx_word' id='word_1_71' title='bbox 2426 1088 2655 1146; x_wconf 84' lang='lat' dir='ltr'><em>veram,</em></span> <span class='ocrx_word' id='word_1_72' title='bbox 2687 1070 2870 1133; x_wconf 75' lang='lat' dir='ltr'><em>cuius</em></span> <span class='ocrx_word' id='word_1_73' title='bbox 2896 1073 3218 1136; x_wconf 80' lang='lat' dir='ltr'><em>veritatem</em></span> 
     </span>
     <span class='ocr_line' id='line_1_9' title="bbox 750 1170 3216 1253; baseline 0.001 -17"><span class='ocrx_word' id='word_1_74' title='bbox 750 1172 1062 1236; x_wconf 76' lang='lat' dir='ltr'><em>convincit</em></span> <span class='ocrx_word' id='word_1_75' title='bbox 1103 1170 1352 1235; x_wconf 75' lang='lat' dir='ltr'><em>evidens</em></span> <span class='ocrx_word' id='word_1_76' title='bbox 1395 1171 1579 1248; x_wconf 81' lang='lat' dir='ltr'><em>ratic,</em></span> <span class='ocrx_word' id='word_1_77' title='bbox 1628 1190 1788 1253; x_wconf 89' lang='lat' dir='ltr'><em>quae</em></span> <span class='ocrx_word' id='word_1_78' title='bbox 1832 1170 2157 1234; x_wconf 82' lang='lat' dir='ltr'><em>moraliter</em></span> <span class='ocrx_word' id='word_1_79' title='bbox 2184 1174 2300 1233; x_wconf 80' lang='lat' dir='ltr'><em>aut</em></span> <span class='ocrx_word' id='word_1_80' title='bbox 2333 1171 2519 1251; x_wconf 77' lang='lat' dir='ltr'><em>quasi</em></span> <span class='ocrx_word' id='word_1_81' title='bbox 2560 1170 2890 1235; x_wconf 85' lang='lat' dir='ltr'><em>moraliter</em></span> <span class='ocrx_word' id='word_1_82' title='bbox 2925 1176 3019 1236; x_wconf 81' lang='lat' dir='ltr'><em>est</em></span> <span class='ocrx_word' id='word_1_83' title='bbox 3046 1178 3216 1238; x_wconf 82' lang='lat' dir='ltr'><em>certa</em></span> 
     </span>
     <span class='ocr_line' id='line_1_10' title="bbox 750 1270 3058 1354; baseline 0 -16"><span class='ocrx_word' id='word_1_84' title='bbox 750 1275 815 1338; x_wconf 85' lang='lat' dir='ltr'><em>et</em></span> <span class='ocrx_word' id='word_1_85' title='bbox 859 1274 923 1338; x_wconf 82' lang='lat' dir='ltr'><em>vi</em></span> <span class='ocrx_word' id='word_1_86' title='bbox 968 1274 1146 1337; x_wconf 79' lang='lat' dir='ltr'><em>cuius</em></span> <span class='ocrx_word' id='word_1_87' title='bbox 1192 1273 1295 1337; x_wconf 75' lang='lat' dir='ltr'><em>lex</em></span> <span class='ocrx_word' id='word_1_88' title='bbox 1338 1272 1663 1337; x_wconf 88' lang='lat' dir='ltr'><em>moraliter</em></span> <span class='ocrx_word' id='word_1_89' title='bbox 1707 1276 1771 1335; x_wconf 85' lang='lat' dir='ltr'><em>et</em></span> <span class='ocrx_word' id='word_1_90' title='bbox 1810 1272 2197 1354; x_wconf 73' lang='lat' dir='ltr'><em>sufficienter</em></span> <span class='ocrx_word' id='word_1_91' title='bbox 2228 1270 2640 1354; x_wconf 74' lang='lat' dir='ltr'><em>promulyata</em></span> <span class='ocrx_word' id='word_1_92' title='bbox 2668 1270 2797 1337; x_wconf 77' lang='lat' dir='ltr'><em>dici</em></span> <span class='ocrx_word' id='word_1_93' title='bbox 2825 1272 3058 1338; x_wconf 79' lang='lat' dir='ltr'><em>debet?</em></span> 
     </span>
    </p>

    <p class='ocr_par' dir='ltr' id='par_1_2' title="bbox 745 1373 3210 1750">
     <span class='ocr_line' id='line_1_11' title="bbox 844 1373 3210 1458; baseline 0.002 -19"><span class='ocrx_word' id='word_1_94' title='bbox 844 1376 946 1440; x_wconf 87' lang='lat'><em>16.</em></span> <span class='ocrx_word' id='word_1_95' title='bbox 995 1373 1131 1453; x_wconf 88' lang='lat' dir='ltr'><em>Sed,</em></span> <span class='ocrx_word' id='word_1_96' title='bbox 1182 1376 1424 1440; x_wconf 89' lang='lat' dir='ltr'><em>omissis</em></span> <span class='ocrx_word' id='word_1_97' title='bbox 1470 1375 2070 1451; x_wconf 75' lang='lat' dir='ltr'><em>ratiocinationibuS,</em></span> <span class='ocrx_word' id='word_1_98' title='bbox 2120 1375 2249 1458; x_wconf 89' lang='lat' dir='ltr'><em>ipse</em></span> <span class='ocrx_word' id='word_1_99' title='bbox 2294 1394 2344 1439; x_wconf 91' lang='lat' dir='ltr'><em>s.</em></span> <span class='ocrx_word' id='word_1_100' title='bbox 2393 1376 2629 1440; x_wconf 88' lang='lat' dir='ltr'><em>Doctor</em></span> <span class='ocrx_word' id='word_1_101' title='bbox 2656 1375 3096 1442; x_wconf 74' lang='lat' dir='ltr'><em>dissertissimo</em></span> <span class='ocrx_word' id='word_1_102' title='bbox 3126 1379 3210 1444; x_wconf 90' lang='lat' dir='ltr'><em>in-</em></span> 
     </span>
     <span class='ocr_line' id='line_1_12' title="bbox 745 1476 3206 1562; baseline 0.001 -19"><span class='ocrx_word' id='word_1_103' title='bbox 745 1477 978 1543; x_wconf 83' lang='lat' dir='ltr'><em>dicavit</em></span> <span class='ocrx_word' id='word_1_104' title='bbox 1023 1477 1367 1553; x_wconf 81' lang='lat' dir='ltr'><em>discrimen,</em></span> <span class='ocrx_word' id='word_1_105' title='bbox 1416 1496 1539 1560; x_wconf 90' lang='lat' dir='ltr'><em>quo</em></span> <span class='ocrx_word' id='word_1_106' title='bbox 1585 1476 1989 1562; x_wconf 89' lang='lat' dir='ltr'><em>intelligenda</em></span> <span class='ocrx_word' id='word_1_107' title='bbox 2035 1477 2119 1541; x_wconf 86' lang='lat' dir='ltr'><em>sit</em></span> <span class='ocrx_word' id='word_1_108' title='bbox 2163 1477 2301 1541; x_wconf 90' lang='lat' dir='ltr'><em>tum</em></span> <span class='ocrx_word' id='word_1_109' title='bbox 2350 1476 2556 1559; x_wconf 91' lang='lat' dir='ltr'><em>opinio</em></span> <span class='ocrx_word' id='word_1_110' title='bbox 2593 1477 2769 1542; x_wconf 86' lang='lat' dir='ltr'><em>iuxta</em></span> <span class='ocrx_word' id='word_1_111' title='bbox 2816 1496 3206 1545; x_wconf 90' lang='lat' dir='ltr'><em>communem</em></span> 
     </span>
     <span class='ocr_line' id='line_1_13' title="bbox 746 1580 3206 1663; baseline 0 -17"><span class='ocrx_word' id='word_1_112' title='bbox 746 1600 989 1646; x_wconf 89' lang='lat' dir='ltr'><em>sensum</em></span> <span class='ocrx_word' id='word_1_113' title='bbox 1024 1580 1439 1660; x_wconf 81' lang='lat' dir='ltr'><em>probabilior,</em></span> <span class='ocrx_word' id='word_1_114' title='bbox 1479 1582 1614 1645; x_wconf 84' lang='lat' dir='ltr'><em>tum</em></span> <span class='ocrx_word' id='word_1_115' title='bbox 1650 1580 1878 1663; x_wconf 88' lang='lat' dir='ltr'><em>opinio,</em></span> <span class='ocrx_word' id='word_1_116' title='bbox 1913 1599 2101 1662; x_wconf 90' lang='lat' dir='ltr'><em>quam</em></span> <span class='ocrx_word' id='word_1_117' title='bbox 2137 1580 2267 1663; x_wconf 89' lang='lat' dir='ltr'><em>ipse</em></span> <span class='ocrx_word' id='word_1_118' title='bbox 2304 1583 2467 1643; x_wconf 81' lang='lat' dir='ltr'><em>certe</em></span> <span class='ocrx_word' id='word_1_119' title='bbox 2513 1583 2627 1644; x_wconf 88' lang='lat' dir='ltr'><em>aut</em></span> <span class='ocrx_word' id='word_1_120' title='bbox 2671 1581 3042 1646; x_wconf 81' lang='lat' dir='ltr'><em>notabiliter</em></span> <span class='ocrx_word' id='word_1_121' title='bbox 3059 1604 3206 1663; x_wconf 85' lang='lat' dir='ltr'><em>pro—</em></span> 
     </span>
     <span class='ocr_line' id='line_1_14' title="bbox 745 1683 1734 1750; baseline -0.003 -1"><span class='ocrx_word' id='word_1_122' title='bbox 745 1684 1109 1750; x_wconf 88' lang='lat' dir='ltr'><em>babiliorem</em></span> <span class='ocrx_word' id='word_1_123' title='bbox 1153 1683 1349 1748; x_wconf 88' lang='lat' dir='ltr'><em>dicere</em></span> <span class='ocrx_word' id='word_1_124' title='bbox 1394 1683 1734 1748; x_wconf 88' lang='lat' dir='ltr'><em>consuevit.</em></span> 
     </span>
    </p>

    <p class='ocr_par' dir='ltr' id='par_1_3' title="bbox 694 1785 3201 3920">
     <span class='ocr_line' id='line_1_15' title="bbox 828 1785 3200 1869; baseline 0.001 -18"><span class='ocrx_word' id='word_1_125' title='bbox 828 1787 911 1851; x_wconf 83' lang='lat' dir='ltr'><em>Et</em></span> <span class='ocrx_word' id='word_1_126' title='bbox 935 1806 1081 1851; x_wconf 90' lang='lat' dir='ltr'><em>sane</em></span> <span class='ocrx_word' id='word_1_127' title='bbox 1103 1788 1467 1851; x_wconf 81' lang='lat' dir='ltr'><em>revocentur</em></span> <span class='ocrx_word' id='word_1_128' title='bbox 1490 1804 1539 1850; x_wconf 90' lang='lat' dir='ltr'><em>s.</em></span> <span class='ocrx_word' id='word_1_129' title='bbox 1568 1786 1857 1850; x_wconf 88' lang='lat' dir='ltr'><em>Doctoris</em></span> <span class='ocrx_word' id='word_1_130' title='bbox 1880 1786 2068 1849; x_wconf 85' lang='lat' dir='ltr'><em>verba</em></span> <span class='ocrx_word' id='word_1_131' title='bbox 2099 1785 2380 1868; x_wconf 87' lang='lat' dir='ltr'><em>superius</em></span> <span class='ocrx_word' id='word_1_132' title='bbox 2411 1805 2473 1849; x_wconf 92' lang='lat' dir='ltr'><em>n.</em></span> <span class='ocrx_word' id='word_1_133' title='bbox 2504 1786 2608 1849; x_wconf 91' lang='lat'><em>11.</em></span> <span class='ocrx_word' id='word_1_134' title='bbox 2643 1786 2841 1850; x_wconf 88' lang='lat' dir='ltr'><em>allata</em></span> <span class='ocrx_word' id='word_1_135' title='bbox 2865 1787 2931 1851; x_wconf 89' lang='lat' dir='ltr'><em>et</em></span> <span class='ocrx_word' id='word_1_136' title='bbox 2954 1788 3200 1869; x_wconf 90' lang='lat' dir='ltr'><em>quidem</em></span> 
     </span>
     <span class='ocr_line' id='line_1_16' title="bbox 737 1886 3197 1970; baseline 0 -14"><span class='ocrx_word' id='word_1_137' title='bbox 737 1912 810 1957; x_wconf 82' lang='lat' dir='ltr'><em>ex</em></span> <span class='ocrx_word' id='word_1_138' title='bbox 847 1890 1089 1954; x_wconf 78' lang='lat' dir='ltr'><em>dissert.</em></span> <span class='ocrx_word' id='word_1_139' title='bbox 1124 1909 1264 1953; x_wconf 87' lang='lat' dir='ltr'><em>ann.</em></span> <span class='ocrx_word' id='word_1_140' title='bbox 1302 1889 1491 1952; x_wconf 83' lang='lat'>1755.</span> <span class='ocrx_word' id='word_1_141' title='bbox 1527 1909 1586 1952; x_wconf 91' lang='lat' dir='ltr'><em>n.</em></span> <span class='ocrx_word' id='word_1_142' title='bbox 1623 1889 1725 1952; x_wconf 86' lang='lat'><em>13.</em></span> <span class='ocrx_word' id='word_1_143' title='bbox 1762 1886 1919 1951; x_wconf 87' lang='lat' dir='ltr'><em>Cum</em></span> <span class='ocrx_word' id='word_1_144' title='bbox 1966 1887 2525 1970; x_wconf 87' lang='lat' dir='ltr'><em>probabilioristae,</em></span> <span class='ocrx_word' id='word_1_145' title='bbox 2558 1891 2634 1952; x_wconf 92' lang='lat' dir='ltr'><em>ut</em></span> <span class='ocrx_word' id='word_1_146' title='bbox 2665 1888 2956 1967; x_wconf 75' lang='lat' dir='ltr'><em>diximus,</em></span> <span class='ocrx_word' id='word_1_147' title='bbox 2985 1894 3197 1956; x_wconf 84' lang='lat' dir='ltr'><em>contra</em></span> 
     </span>
     <span class='ocr_line' id='line_1_17' title="bbox 735 1990 3201 2077; baseline 0.001 -19"><span class='ocrx_word' id='word_1_148' title='bbox 735 2013 785 2058; x_wconf 88' lang='grc'><em>6.</em></span> <span class='ocrx_word' id='word_1_149' title='bbox 820 1993 1107 2057; x_wconf 89' lang='lat' dir='ltr'><em>Doctoris</em></span> <span class='ocrx_word' id='word_1_150' title='bbox 1141 1991 1366 2055; x_wconf 78' lang='lat' dir='ltr'><em>thesim</em></span> <span class='ocrx_word' id='word_1_151' title='bbox 1398 1991 1471 2054; x_wconf 88' lang='lat' dir='ltr'><em>de</em></span> <span class='ocrx_word' id='word_1_152' title='bbox 1506 1990 1680 2055; x_wconf 91' lang='lat' dir='ltr'><em>licito</em></span> <span class='ocrx_word' id='word_1_153' title='bbox 1726 2009 1848 2054; x_wconf 90' lang='lat' dir='ltr'><em>usu</em></span> <span class='ocrx_word' id='word_1_154' title='bbox 1885 1990 2191 2073; x_wconf 87' lang='lat' dir='ltr'><em>opinionis</em></span> <span class='ocrx_word' id='word_1_155' title='bbox 2222 1990 2559 2073; x_wconf 89' lang='lat' dir='ltr'><em>probabilis</em></span> <span class='ocrx_word' id='word_1_156' title='bbox 2601 1990 2669 2054; x_wconf 91' lang='lat' dir='ltr'><em>in</em></span> <span class='ocrx_word' id='word_1_157' title='bbox 2714 2009 3021 2057; x_wconf 88' lang='lat' dir='ltr'><em>concursu</em></span> <span class='ocrx_word' id='word_1_158' title='bbox 3065 2015 3201 2077; x_wconf 91' lang='lat' dir='ltr'><em>pro-</em></span> 
     </span>
     <span class='ocr_line' id='line_1_18' title="bbox 729 2092 3197 2178; baseline 0.001 -19"><span class='ocrx_word' id='word_1_159' title='bbox 729 2094 1050 2160; x_wconf 89' lang='lat' dir='ltr'><em>babilioris</em></span> <span class='ocrx_word' id='word_1_160' title='bbox 1096 2112 1206 2177; x_wconf 92' lang='lat' dir='ltr'><em>pro</em></span> <span class='ocrx_word' id='word_1_161' title='bbox 1244 2094 1400 2178; x_wconf 87' lang='lat' dir='ltr'><em>lege,</em></span> <span class='ocrx_word' id='word_1_162' title='bbox 1436 2093 1785 2169; x_wconf 88' lang='lat' dir='ltr'><em>obiicerent,</em></span> <span class='ocrx_word' id='word_1_163' title='bbox 1834 2092 2134 2156; x_wconf 82' lang='lat' dir='ltr'><em>minorem</em></span> <span class='ocrx_word' id='word_1_164' title='bbox 2181 2092 2689 2175; x_wconf 78' lang='lat' dir='ltr'><em>probabilitatem</em></span> <span class='ocrx_word' id='word_1_165' title='bbox 2726 2093 2874 2157; x_wconf 89' lang='lat' dir='ltr'><em>elidi</em></span> <span class='ocrx_word' id='word_1_166' title='bbox 2904 2113 2941 2158; x_wconf 92' lang='lat' dir='ltr'><em>a</em></span> <span class='ocrx_word' id='word_1_167' title='bbox 2971 2097 3197 2161; x_wconf 89' lang='lat' dir='ltr'><em>maiori</em></span> 
     </span>
     <span class='ocr_line' id='line_1_19' title="bbox 728 2196 3195 2280; baseline 0 -19"><span class='ocrx_word' id='word_1_168' title='bbox 728 2197 985 2262; x_wconf 86' lang='lat' dir='ltr'><em>alterius</em></span> <span class='ocrx_word' id='word_1_169' title='bbox 1019 2196 1322 2280; x_wconf 89' lang='lat' dir='ltr'><em>opinionis</em></span> <span class='ocrx_word' id='word_1_170' title='bbox 1369 2196 1827 2279; x_wconf 85' lang='lat' dir='ltr'><em>probabilitate,</em></span> <span class='ocrx_word' id='word_1_171' title='bbox 1867 2196 2146 2278; x_wconf 80' lang='lat' dir='ltr'><em>reposuit</em></span> <span class='ocrx_word' id='word_1_172' title='bbox 2178 2214 2226 2259; x_wconf 94' lang='grc'><em>6.</em></span> <span class='ocrx_word' id='word_1_173' title='bbox 2268 2196 2523 2260; x_wconf 83' lang='lat' dir='ltr'><em>Doctor.</em></span> <span class='ocrx_word' id='word_1_174' title='bbox 2558 2220 2594 2253; x_wconf 66' lang='grc' dir='ltr'><em>α</em></span> <span class='ocrx_word' id='word_1_175' title='bbox 2617 2196 2707 2259; x_wconf 86' lang='lat' dir='ltr'><em>At</em></span> <span class='ocrx_word' id='word_1_176' title='bbox 2738 2198 2903 2260; x_wconf 88' lang='lat' dir='ltr'><em>recte</em></span> <span class='ocrx_word' id='word_1_177' title='bbox 2947 2216 3195 2280; x_wconf 89' lang='lat' dir='ltr'><em>respon-</em></span> 
     </span>
     <span class='ocr_line' id='line_1_20' title="bbox 728 2296 3189 2383; baseline 0 -20"><span class='ocrx_word' id='word_1_178' title='bbox 728 2300 875 2365; x_wconf 86' lang='lat' dir='ltr'><em>dent</em></span> <span class='ocrx_word' id='word_1_179' title='bbox 904 2300 1206 2362; x_wconf 90' lang='lat' dir='ltr'><em>Auctores</em></span> <span class='ocrx_word' id='word_1_180' title='bbox 1236 2298 1455 2375; x_wconf 91' lang='lat' dir='ltr'><em>nostri,</em></span> <span class='ocrx_word' id='word_1_181' title='bbox 1488 2297 1717 2361; x_wconf 88' lang='lat' dir='ltr'><em>falsum</em></span> <span class='ocrx_word' id='word_1_182' title='bbox 1747 2316 1898 2374; x_wconf 88' lang='lat' dir='ltr'><em>esse,</em></span> <span class='ocrx_word' id='word_1_183' title='bbox 1938 2298 2237 2383; x_wconf 89' lang='lat' dir='ltr'><em>maiorem</em></span> <span class='ocrx_word' id='word_1_184' title='bbox 2283 2296 2790 2379; x_wconf 72' lang='lat' dir='ltr'><em>probabilitatem</em></span> <span class='ocrx_word' id='word_1_185' title='bbox 2820 2296 3037 2362; x_wconf 86' lang='lat' dir='ltr'><em>elidere</em></span> <span class='ocrx_word' id='word_1_186' title='bbox 3073 2301 3189 2363; x_wconf 91' lang='lat' dir='ltr'><em>mi-</em></span> 
     </span>
     <span class='ocr_line' id='line_1_21' title="bbox 723 2399 3186 2483; baseline 0 -16"><span class='ocrx_word' id='word_1_187' title='bbox 723 2421 957 2478; x_wconf 84' lang='lat' dir='ltr'><em>norem,</em></span> <span class='ocrx_word' id='word_1_188' title='bbox 996 2401 1116 2465; x_wconf 90' lang='lat' dir='ltr'><em>nisi</em></span> <span class='ocrx_word' id='word_1_189' title='bbox 1162 2400 1472 2483; x_wconf 87' lang='lat' dir='ltr'><em>quando...</em></span> <span class='ocrx_word' id='word_1_190' title='bbox 1508 2399 1713 2482; x_wconf 90' lang='lat' dir='ltr'><em>opinio</em></span> <span class='ocrx_word' id='word_1_191' title='bbox 1744 2399 2126 2481; x_wconf 83' lang='lat' dir='ltr'><em>probabilior</em></span> <span class='ocrx_word' id='word_1_192' title='bbox 2159 2399 2388 2463; x_wconf 87' lang='lat' dir='ltr'><em>habeat</em></span> <span class='ocrx_word' id='word_1_193' title='bbox 2418 2417 2529 2481; x_wconf 91' lang='lat' dir='ltr'><em>pro</em></span> <span class='ocrx_word' id='word_1_194' title='bbox 2561 2417 2626 2463; x_wconf 92' lang='lat' dir='ltr'><em>se</em></span> <span class='ocrx_word' id='word_1_195' title='bbox 2657 2401 2792 2463; x_wconf 87' lang='lat' dir='ltr'><em>tam</em></span> <span class='ocrx_word' id='word_1_196' title='bbox 2821 2400 3186 2467; x_wconf 83' lang='lat' dir='ltr'><em>convincens</em></span> 
     </span>
     <span class='ocr_line' id='line_1_22' title="bbox 722 2500 3188 2590; baseline 0.001 -22"><span class='ocrx_word' id='word_1_197' title='bbox 722 2505 1181 2590; x_wconf 83' lang='lat' dir='ltr'><em>argumentum,</em></span> <span class='ocrx_word' id='word_1_198' title='bbox 1215 2505 1290 2566; x_wconf 90' lang='lat' dir='ltr'><em>ut</em></span> <span class='ocrx_word' id='word_1_199' title='bbox 1333 2502 1645 2566; x_wconf 87' lang='lat' dir='ltr'><em>contraria</em></span> <span class='ocrx_word' id='word_1_200' title='bbox 1676 2520 1816 2565; x_wconf 87' lang='lat' dir='ltr'><em>vere</em></span> <span class='ocrx_word' id='word_1_201' title='bbox 1845 2501 2273 2584; x_wconf 88' lang='lat' dir='ltr'><em>improbabilis</em></span> <span class='ocrx_word' id='word_1_202' title='bbox 2310 2500 2411 2565; x_wconf 85' lang='lat' dir='ltr'><em>vel</em></span> <span class='ocrx_word' id='word_1_203' title='bbox 2445 2518 2569 2565; x_wconf 93' lang='lat' dir='ltr'><em>non</em></span> <span class='ocrx_word' id='word_1_204' title='bbox 2602 2501 2872 2584; x_wconf 88' lang='lat' dir='ltr'><em>amplius</em></span> <span class='ocrx_word' id='word_1_205' title='bbox 2902 2503 3188 2587; x_wconf 83' lang='lat' dir='ltr'><em>graviter</em></span> 
     </span>
     <span class='ocr_line' id='line_1_23' title="bbox 720 2602 3186 2688; baseline -0 -16"><span class='ocrx_word' id='word_1_206' title='bbox 720 2609 784 2673; x_wconf 88' lang='lat' dir='ltr'><em>et</em></span> <span class='ocrx_word' id='word_1_207' title='bbox 829 2609 995 2671; x_wconf 87' lang='lat' dir='ltr'><em>certo</em></span> <span class='ocrx_word' id='word_1_208' title='bbox 1043 2605 1379 2688; x_wconf 85' lang='lat' dir='ltr'><em>probabilis</em></span> <span class='ocrx_word' id='word_1_209' title='bbox 1411 2605 1732 2669; x_wconf 84' lang='lat' dir='ltr'><em>habeatur.</em></span> <span class='ocrx_word' id='word_1_210' title='bbox 1768 2602 1967 2667; x_wconf 72' lang='lat' dir='ltr'><em>Saces</em></span> <span class='ocrx_word' id='word_1_211' title='bbox 1997 2620 2209 2667; x_wconf 76' lang='lat' dir='ltr'>TAMEN</span> <span class='ocrx_word' id='word_1_212' title='bbox 2239 2619 2581 2681; x_wconf 72' lang='lat' dir='ltr'><em>monimum,</em></span> <span class='ocrx_word' id='word_1_213' title='bbox 2616 2620 2672 2668; x_wconf 87' lang='lat' dir='ltr'><em>sl</em></span> <span class='ocrx_word' id='word_1_214' title='bbox 2707 2620 3027 2669; x_wconf 69' lang='lat' dir='ltr'><em>excussus</em></span> <span class='ocrx_word' id='word_1_215' title='bbox 3058 2624 3186 2672; x_wconf 75' lang='lat' dir='ltr'><em>non</em></span> 
     </span>
     <span class='ocr_line' id='line_1_24' title="bbox 718 2705 3185 2790; baseline 0 -17"><span class='ocrx_word' id='word_1_216' title='bbox 718 2726 810 2773; x_wconf 66' lang='grc' dir='ltr'><em>611ἱ</em></span> <span class='ocrx_word' id='word_1_217' title='bbox 856 2724 1175 2772; x_wconf 76' lang='lat' dir='ltr'><em>NorAssrms</em></span> <span class='ocrx_word' id='word_1_218' title='bbox 1208 2733 1267 2770; x_wconf 87' lang='lat'><em>».</em></span> <span class='ocrx_word' id='word_1_219' title='bbox 1307 2706 1812 2770; x_wconf 86' lang='lat' dir='ltr'><em>Manifestissime</em></span> <span class='ocrx_word' id='word_1_220' title='bbox 1859 2724 2006 2790; x_wconf 92' lang='lat' dir='ltr'><em>ergo</em></span> <span class='ocrx_word' id='word_1_221' title='bbox 2053 2725 2102 2770; x_wconf 92' lang='lat' dir='ltr'><em>s.</em></span> <span class='ocrx_word' id='word_1_222' title='bbox 2152 2707 2388 2770; x_wconf 90' lang='lat' dir='ltr'><em>Doctor</em></span> <span class='ocrx_word' id='word_1_223' title='bbox 2441 2705 2780 2790; x_wconf 86' lang='lat' dir='ltr'><em>distinguit</em></span> <span class='ocrx_word' id='word_1_224' title='bbox 2827 2708 3185 2790; x_wconf 86' lang='lat' dir='ltr'><em>opinionem</em></span> 
     </span>
     <span class='ocr_line' id='line_1_25' title="bbox 714 2808 3185 2894; baseline 0.002 -20"><span class='ocrx_word' id='word_1_225' title='bbox 714 2809 1194 2894; x_wconf 88' lang='lat' dir='ltr'><em>probabiliorem</em></span> <span class='ocrx_word' id='word_1_226' title='bbox 1238 2809 1551 2873; x_wconf 90' lang='lat' dir='ltr'><em>communi</em></span> <span class='ocrx_word' id='word_1_227' title='bbox 1596 2827 1779 2873; x_wconf 90' lang='lat' dir='ltr'><em>sensu</em></span> <span class='ocrx_word' id='word_1_228' title='bbox 1826 2811 2143 2892; x_wconf 86' lang='lat' dir='ltr'><em>acceptam</em></span> <span class='ocrx_word' id='word_1_229' title='bbox 2173 2810 2252 2873; x_wconf 89' lang='lat' dir='ltr'><em>ab</em></span> <span class='ocrx_word' id='word_1_230' title='bbox 2283 2808 2588 2892; x_wconf 88' lang='lat' dir='ltr'><em>opinione,</em></span> <span class='ocrx_word' id='word_1_231' title='bbox 2636 2828 2799 2891; x_wconf 88' lang='lat' dir='ltr'><em>quae</em></span> <span class='ocrx_word' id='word_1_232' title='bbox 2833 2828 2949 2893; x_wconf 92' lang='lat' dir='ltr'><em>pro</em></span> <span class='ocrx_word' id='word_1_233' title='bbox 2981 2831 3050 2877; x_wconf 88' lang='lat' dir='ltr'><em>se</em></span> <span class='ocrx_word' id='word_1_234' title='bbox 3080 2813 3185 2877; x_wconf 90' lang='lat' dir='ltr'><em>ha·</em></span> 
     </span>
     <span class='ocr_line' id='line_1_26' title="bbox 710 2911 3181 2996; baseline 0.001 -18"><span class='ocrx_word' id='word_1_235' title='bbox 710 2914 855 2978; x_wconf 89' lang='lat' dir='ltr'><em>beat</em></span> <span class='ocrx_word' id='word_1_236' title='bbox 900 2914 1034 2977; x_wconf 91' lang='lat' dir='ltr'><em>tam</em></span> <span class='ocrx_word' id='word_1_237' title='bbox 1079 2911 1442 2976; x_wconf 83' lang='lat' dir='ltr'><em>convincens</em></span> <span class='ocrx_word' id='word_1_238' title='bbox 1490 2914 1949 2996; x_wconf 83' lang='lat' dir='ltr'><em>argumentum,</em></span> <span class='ocrx_word' id='word_1_239' title='bbox 1998 2914 2073 2976; x_wconf 90' lang='lat' dir='ltr'><em>ut</em></span> <span class='ocrx_word' id='word_1_240' title='bbox 2117 2911 2430 2976; x_wconf 88' lang='lat' dir='ltr'><em>contraria</em></span> <span class='ocrx_word' id='word_1_241' title='bbox 2482 2928 2607 2976; x_wconf 88' lang='lat' dir='ltr'><em>non</em></span> <span class='ocrx_word' id='word_1_242' title='bbox 2663 2917 2990 2978; x_wconf 87' lang='lat' dir='ltr'><em>remaneat</em></span> <span class='ocrx_word' id='word_1_243' title='bbox 3041 2934 3181 2980; x_wconf 83' lang='lat' dir='ltr'><em>vere</em></span> 
     </span>
     <span class='ocr_line' id='line_1_27' title="bbox 707 3013 3179 3099; baseline 0.001 -19"><span class='ocrx_word' id='word_1_244' title='bbox 707 3015 1065 3099; x_wconf 89' lang='lat' dir='ltr'><em>probabilis,</em></span> <span class='ocrx_word' id='word_1_245' title='bbox 1114 3016 1366 3098; x_wconf 89' lang='lat' dir='ltr'><em>propter</em></span> <span class='ocrx_word' id='word_1_246' title='bbox 1408 3033 1625 3096; x_wconf 90' lang='lat' dir='ltr'><em>nempe</em></span> <span class='ocrx_word' id='word_1_247' title='bbox 1670 3014 2012 3078; x_wconf 86' lang='lat' dir='ltr'><em>notabilem</em></span> <span class='ocrx_word' id='word_1_248' title='bbox 2057 3032 2370 3079; x_wconf 81' lang='lat' dir='ltr'><em>excessum</em></span> <span class='ocrx_word' id='word_1_249' title='bbox 2415 3013 2885 3096; x_wconf 87' lang='lat' dir='ltr'><em>probabilitatis</em></span> <span class='ocrx_word' id='word_1_250' title='bbox 2931 3019 3179 3082; x_wconf 85' lang='lat' dir='ltr'><em>contra·</em></span> 
     </span>
     <span class='ocr_line' id='line_1_28' title="bbox 707 3116 3176 3200; baseline 0.001 -17"><span class='ocrx_word' id='word_1_251' title='bbox 707 3120 836 3183; x_wconf 90' lang='lat' dir='ltr'><em>riae</em></span> <span class='ocrx_word' id='word_1_252' title='bbox 882 3121 946 3183; x_wconf 91' lang='lat' dir='ltr'><em>et</em></span> <span class='ocrx_word' id='word_1_253' title='bbox 991 3117 1140 3182; x_wconf 90' lang='lat' dir='ltr'><em>dum</em></span> <span class='ocrx_word' id='word_1_254' title='bbox 1185 3117 1471 3192; x_wconf 89' lang='lat' dir='ltr'><em>defendit,</em></span> <span class='ocrx_word' id='word_1_255' title='bbox 1519 3117 1763 3182; x_wconf 89' lang='lat' dir='ltr'><em>licitum</em></span> <span class='ocrx_word' id='word_1_256' title='bbox 1811 3136 1941 3181; x_wconf 90' lang='lat' dir='ltr'><em>esse</em></span> <span class='ocrx_word' id='word_1_257' title='bbox 1987 3135 2172 3181; x_wconf 90' lang='lat' dir='ltr'><em>usum</em></span> <span class='ocrx_word' id='word_1_258' title='bbox 2218 3117 2522 3200; x_wconf 87' lang='lat' dir='ltr'><em>opinionis</em></span> <span class='ocrx_word' id='word_1_259' title='bbox 2559 3116 2902 3199; x_wconf 87' lang='lat' dir='ltr'><em>probabilis</em></span> <span class='ocrx_word' id='word_1_260' title='bbox 2935 3118 3004 3184; x_wconf 88' lang='lat' dir='ltr'><em>in</em></span> <span class='ocrx_word' id='word_1_261' title='bbox 3037 3139 3176 3185; x_wconf 84' lang='lat' dir='ltr'><em>con-</em></span> 
     </span>
     <span class='ocr_line' id='line_1_29' title="bbox 704 3217 3178 3304; baseline 0.001 -18"><span class='ocrx_word' id='word_1_262' title='bbox 704 3240 889 3286; x_wconf 87' lang='lat' dir='ltr'><em>cursu</em></span> <span class='ocrx_word' id='word_1_263' title='bbox 933 3221 1365 3303; x_wconf 88' lang='lat' dir='ltr'><em>probabilioris</em></span> <span class='ocrx_word' id='word_1_264' title='bbox 1402 3238 1514 3303; x_wconf 92' lang='lat' dir='ltr'><em>pro</em></span> <span class='ocrx_word' id='word_1_265' title='bbox 1550 3220 1706 3304; x_wconf 85' lang='lat' dir='ltr'><em>lege,</em></span> <span class='ocrx_word' id='word_1_266' title='bbox 1755 3219 2150 3304; x_wconf 81' lang='lat' dir='ltr'><em>hypothesim</em></span> <span class='ocrx_word' id='word_1_267' title='bbox 2197 3218 2504 3302; x_wconf 88' lang='lat' dir='ltr'><em>opinionis</em></span> <span class='ocrx_word' id='word_1_268' title='bbox 2549 3217 2928 3283; x_wconf 78' lang='lat' dir='ltr'><em>notabiliter</em></span> <span class='ocrx_word' id='word_1_269' title='bbox 2958 3224 3178 3304; x_wconf 87' lang='lat' dir='ltr'><em>proba-</em></span> 
     </span>
     <span class='ocr_line' id='line_1_30' title="bbox 700 3322 3173 3407; baseline 0 -17"><span class='ocrx_word' id='word_1_270' title='bbox 700 3326 940 3390; x_wconf 90' lang='lat' dir='ltr'><em>bilioris</em></span> <span class='ocrx_word' id='word_1_271' title='bbox 984 3324 1309 3390; x_wconf 83' lang='lat' dir='ltr'><em>manifeste</em></span> <span class='ocrx_word' id='word_1_272' title='bbox 1341 3324 1626 3388; x_wconf 80' lang='lat' dir='ltr'><em>excludit.</em></span> <span class='ocrx_word' id='word_1_273' title='bbox 1663 3323 2019 3388; x_wconf 83' lang='lat' dir='ltr'><em>Falsissime</em></span> <span class='ocrx_word' id='word_1_274' title='bbox 2051 3322 2248 3407; x_wconf 90' lang='lat' dir='ltr'><em>igitur</em></span> <span class='ocrx_word' id='word_1_275' title='bbox 2286 3324 2681 3400; x_wconf 87' lang='lat' dir='ltr'><em>assereretur,</em></span> <span class='ocrx_word' id='word_1_276' title='bbox 2722 3341 2771 3387; x_wconf 89' lang='grc'><em>6.</em></span> <span class='ocrx_word' id='word_1_277' title='bbox 2809 3325 3173 3403; x_wconf 87' lang='lat' dir='ltr'><em>Doctorem,</em></span> 
     </span>
     <span class='ocr_line' id='line_1_31' title="bbox 700 3423 3172 3512; baseline 0 -20"><span class='ocrx_word' id='word_1_278' title='bbox 700 3427 849 3492; x_wconf 89' lang='lat' dir='ltr'><em>dum</em></span> <span class='ocrx_word' id='word_1_279' title='bbox 873 3429 1062 3512; x_wconf 87' lang='lat' dir='ltr'><em>negat</em></span> <span class='ocrx_word' id='word_1_280' title='bbox 1092 3426 1336 3491; x_wconf 91' lang='lat' dir='ltr'><em>licitum</em></span> <span class='ocrx_word' id='word_1_281' title='bbox 1360 3445 1491 3490; x_wconf 90' lang='lat' dir='ltr'><em>esse</em></span> <span class='ocrx_word' id='word_1_282' title='bbox 1524 3425 1814 3507; x_wconf 86' lang='lat' dir='ltr'><em>amplecti</em></span> <span class='ocrx_word' id='word_1_283' title='bbox 1838 3424 2188 3507; x_wconf 89' lang='lat' dir='ltr'><em>opinionem</em></span> <span class='ocrx_word' id='word_1_284' title='bbox 2212 3423 2419 3489; x_wconf 90' lang='lat' dir='ltr'><em>minus</em></span> <span class='ocrx_word' id='word_1_285' title='bbox 2442 3424 2848 3507; x_wconf 88' lang='lat' dir='ltr'><em>probabilem,</em></span> <span class='ocrx_word' id='word_1_286' title='bbox 2879 3426 2934 3490; x_wconf 88' lang='lat' dir='ltr'><em>si</em></span> <span class='ocrx_word' id='word_1_287' title='bbox 2960 3427 3172 3511; x_wconf 91' lang='lat' dir='ltr'><em>opinio</em></span> 
     </span>
     <span class='ocr_line' id='line_1_32' title="bbox 698 3526 3173 3613; baseline -0 -20"><span class='ocrx_word' id='word_1_288' title='bbox 698 3547 810 3613; x_wconf 92' lang='lat' dir='ltr'><em>pro</em></span> <span class='ocrx_word' id='word_1_289' title='bbox 846 3529 983 3612; x_wconf 89' lang='lat' dir='ltr'><em>lege</em></span> <span class='ocrx_word' id='word_1_290' title='bbox 1016 3531 1111 3593; x_wconf 89' lang='lat' dir='ltr'><em>est</em></span> <span class='ocrx_word' id='word_1_291' title='bbox 1140 3530 1301 3592; x_wconf 89' lang='lat' dir='ltr'><em>certe</em></span> <span class='ocrx_word' id='word_1_292' title='bbox 1348 3547 1457 3591; x_wconf 89' lang='lat' dir='ltr'><em>seu</em></span> <span class='ocrx_word' id='word_1_293' title='bbox 1501 3527 1864 3591; x_wconf 89' lang='lat' dir='ltr'><em>notabiliter</em></span> <span class='ocrx_word' id='word_1_294' title='bbox 1908 3527 2330 3610; x_wconf 88' lang='lat' dir='ltr'><em>probabiliter,</em></span> <span class='ocrx_word' id='word_1_295' title='bbox 2366 3526 2576 3608; x_wconf 90' lang='lat' dir='ltr'><em>aliquo</em></span> <span class='ocrx_word' id='word_1_296' title='bbox 2626 3526 2811 3592; x_wconf 90' lang='lat' dir='ltr'><em>modo</em></span> <span class='ocrx_word' id='word_1_297' title='bbox 2864 3528 3173 3593; x_wconf 85' lang='lat' dir='ltr'><em>contradi-</em></span> 
     </span>
     <span class='ocr_line' id='line_1_33' title="bbox 698 3629 3168 3713; baseline 0 -17"><span class='ocrx_word' id='word_1_298' title='bbox 698 3651 831 3696; x_wconf 88' lang='lat' dir='ltr'><em>cere</em></span> <span class='ocrx_word' id='word_1_299' title='bbox 862 3631 1042 3706; x_wconf 88' lang='lat' dir='ltr'><em>thesi,</em></span> <span class='ocrx_word' id='word_1_300' title='bbox 1077 3650 1202 3713; x_wconf 92' lang='lat' dir='ltr'><em>qua</em></span> <span class='ocrx_word' id='word_1_301' title='bbox 1233 3629 1502 3694; x_wconf 85' lang='lat' dir='ltr'><em>defendit</em></span> <span class='ocrx_word' id='word_1_302' title='bbox 1530 3630 1776 3694; x_wconf 89' lang='lat' dir='ltr'><em>licitum</em></span> <span class='ocrx_word' id='word_1_303' title='bbox 1814 3649 1998 3694; x_wconf 88' lang='lat' dir='ltr'><em>usum</em></span> <span class='ocrx_word' id='word_1_304' title='bbox 2031 3629 2335 3712; x_wconf 90' lang='lat' dir='ltr'><em>opinionis</em></span> <span class='ocrx_word' id='word_1_305' title='bbox 2381 3629 2719 3711; x_wconf 83' lang='lat' dir='ltr'><em>probabilis</em></span> <span class='ocrx_word' id='word_1_306' title='bbox 2758 3629 2824 3693; x_wconf 93' lang='lat' dir='ltr'><em>in</em></span> <span class='ocrx_word' id='word_1_307' title='bbox 2861 3648 3168 3696; x_wconf 86' lang='lat' dir='ltr'><em>concursu</em></span> 
     </span>
     <span class='ocr_line' id='line_1_34' title="bbox 695 3731 3167 3818; baseline 0 -19"><span class='ocrx_word' id='word_1_308' title='bbox 695 3733 1126 3818; x_wconf 87' lang='lat' dir='ltr'><em>probabilioris</em></span> <span class='ocrx_word' id='word_1_309' title='bbox 1166 3734 1277 3796; x_wconf 91' lang='lat' dir='ltr'><em>aut</em></span> <span class='ocrx_word' id='word_1_310' title='bbox 1322 3732 1452 3796; x_wconf 88' lang='lat' dir='ltr'><em>ullo</em></span> <span class='ocrx_word' id='word_1_311' title='bbox 1483 3733 1667 3797; x_wconf 90' lang='lat' dir='ltr'><em>modo</em></span> <span class='ocrx_word' id='word_1_312' title='bbox 1699 3733 1965 3816; x_wconf 89' lang='lat' dir='ltr'><em>primam</em></span> <span class='ocrx_word' id='word_1_313' title='bbox 1995 3732 2171 3796; x_wconf 89' lang='lat' dir='ltr'><em>illam</em></span> <span class='ocrx_word' id='word_1_314' title='bbox 2217 3731 2567 3797; x_wconf 89' lang='lat' dir='ltr'><em>doctrinam</em></span> <span class='ocrx_word' id='word_1_315' title='bbox 2609 3731 2865 3796; x_wconf 89' lang='lat' dir='ltr'><em>reiicere</em></span> <span class='ocrx_word' id='word_1_316' title='bbox 2900 3734 3019 3797; x_wconf 86' lang='lat' dir='ltr'><em>aut</em></span> <span class='ocrx_word' id='word_1_317' title='bbox 3049 3735 3167 3799; x_wconf 91' lang='lat' dir='ltr'><em>im-</em></span> 
     </span>
     <span class='ocr_line' id='line_1_35' title="bbox 694 3839 974 3920; baseline -0.004 -19"><span class='ocrx_word' id='word_1_318' title='bbox 694 3839 974 3920; x_wconf 90' lang='lat' dir='ltr'><em>probare.</em></span> 
     </span>
    </p>

    <p class='ocr_par' dir='ltr' id='par_1_4' title="bbox 676 3938 3157 4638">
     <span class='ocr_line' id='line_1_36' title="bbox 786 3938 3157 4022; baseline 0.002 -20"><span class='ocrx_word' id='word_1_319' title='bbox 786 3940 887 4003; x_wconf 89' lang='lat'><em>17.</em></span> <span class='ocrx_word' id='word_1_320' title='bbox 923 3938 1031 4003; x_wconf 90' lang='lat' dir='ltr'><em>Nil</em></span> <span class='ocrx_word' id='word_1_321' title='bbox 1060 3939 1311 4022; x_wconf 90' lang='lat' dir='ltr'><em>proinde</em></span> <span class='ocrx_word' id='word_1_322' title='bbox 1341 3939 1589 4016; x_wconf 86' lang='lat' dir='ltr'><em>mirum,</em></span> <span class='ocrx_word' id='word_1_323' title='bbox 1624 3939 1789 4021; x_wconf 90' lang='lat' dir='ltr'><em>quod</em></span> <span class='ocrx_word' id='word_1_324' title='bbox 1822 3959 1869 4003; x_wconf 90' lang='lat' dir='ltr'><em>s.</em></span> <span class='ocrx_word' id='word_1_325' title='bbox 1905 3940 2138 4004; x_wconf 89' lang='lat' dir='ltr'><em>Doctor</em></span> <span class='ocrx_word' id='word_1_326' title='bbox 2173 3938 2325 4003; x_wconf 89' lang='lat' dir='ltr'><em>dum</em></span> <span class='ocrx_word' id='word_1_327' title='bbox 2355 3938 2645 4018; x_wconf 82' lang='lat' dir='ltr'><em>defendit,</em></span> <span class='ocrx_word' id='word_1_328' title='bbox 2679 3939 2933 4005; x_wconf 91' lang='lat' dir='ltr'><em>licitum</em></span> <span class='ocrx_word' id='word_1_329' title='bbox 2973 3960 3157 4006; x_wconf 84' lang='lat' dir='ltr'><em>usum</em></span> 
     </span>
     <span class='ocr_line' id='line_1_37' title="bbox 689 4041 3152 4127; baseline 0.001 -22"><span class='ocrx_word' id='word_1_330' title='bbox 689 4041 994 4122; x_wconf 90' lang='lat' dir='ltr'><em>opinionis</em></span> <span class='ocrx_word' id='word_1_331' title='bbox 1024 4041 1359 4124; x_wconf 87' lang='lat' dir='ltr'><em>probabilis</em></span> <span class='ocrx_word' id='word_1_332' title='bbox 1380 4041 1447 4105; x_wconf 92' lang='lat' dir='ltr'><em>in</em></span> <span class='ocrx_word' id='word_1_333' title='bbox 1470 4059 1772 4106; x_wconf 88' lang='lat' dir='ltr'><em>concursu</em></span> <span class='ocrx_word' id='word_1_334' title='bbox 1795 4041 2226 4125; x_wconf 86' lang='lat' dir='ltr'><em>probabilioris</em></span> <span class='ocrx_word' id='word_1_335' title='bbox 2251 4060 2361 4125; x_wconf 92' lang='lat' dir='ltr'><em>pro</em></span> <span class='ocrx_word' id='word_1_336' title='bbox 2383 4042 2541 4127; x_wconf 86' lang='lat' dir='ltr'><em>lege,</em></span> <span class='ocrx_word' id='word_1_337' title='bbox 2568 4062 2640 4108; x_wconf 89' lang='lat' dir='ltr'><em>ea</em></span> <span class='ocrx_word' id='word_1_338' title='bbox 2665 4043 2886 4109; x_wconf 87' lang='lat' dir='ltr'><em>omnia</em></span> <span class='ocrx_word' id='word_1_339' title='bbox 2915 4044 3152 4108; x_wconf 86' lang='lat' dir='ltr'><em>reiiciat</em></span> 
     </span>
     <span class='ocr_line' id='line_1_38' title="bbox 688 4142 3148 4228; baseline 0.002 -24"><span class='ocrx_word' id='word_1_340' title='bbox 688 4143 874 4223; x_wconf 89' lang='lat' dir='ltr'><em>atque</em></span> <span class='ocrx_word' id='word_1_341' title='bbox 904 4142 1151 4218; x_wconf 85' lang='lat' dir='ltr'><em>refutet,</em></span> <span class='ocrx_word' id='word_1_342' title='bbox 1176 4161 1335 4225; x_wconf 89' lang='lat' dir='ltr'><em>quae</em></span> <span class='ocrx_word' id='word_1_343' title='bbox 1365 4162 1531 4207; x_wconf 91' lang='lat' dir='ltr'><em>mere</em></span> <span class='ocrx_word' id='word_1_344' title='bbox 1563 4143 1640 4207; x_wconf 89' lang='lat' dir='ltr'><em>ad</em></span> <span class='ocrx_word' id='word_1_345' title='bbox 1671 4144 2076 4226; x_wconf 89' lang='lat' dir='ltr'><em>posteriorem</em></span> <span class='ocrx_word' id='word_1_346' title='bbox 2103 4145 2332 4209; x_wconf 89' lang='lat' dir='ltr'><em>thesim</em></span> <span class='ocrx_word' id='word_1_347' title='bbox 2356 4144 2429 4210; x_wconf 89' lang='lat' dir='ltr'><em>de</em></span> <span class='ocrx_word' id='word_1_348' title='bbox 2462 4145 2749 4228; x_wconf 86' lang='lat' dir='ltr'><em>opinione</em></span> <span class='ocrx_word' id='word_1_349' title='bbox 2786 4145 3148 4211; x_wconf 83' lang='lat' dir='ltr'><em>notabiliter</em></span> 
     </span>
     <span class='ocr_line' id='line_1_39' title="bbox 684 4244 3146 4330; baseline 0.002 -23"><span class='ocrx_word' id='word_1_350' title='bbox 684 4245 1085 4327; x_wconf 86' lang='lat' dir='ltr'><em>probabiliori</em></span> <span class='ocrx_word' id='word_1_351' title='bbox 1113 4244 1536 4327; x_wconf 87' lang='lat' dir='ltr'><em>explicandam</em></span> <span class='ocrx_word' id='word_1_352' title='bbox 1573 4247 1685 4310; x_wconf 91' lang='lat' dir='ltr'><em>aut</em></span> <span class='ocrx_word' id='word_1_353' title='bbox 1714 4247 2197 4312; x_wconf 89' lang='lat' dir='ltr'><em>confirmandam</em></span> <span class='ocrx_word' id='word_1_354' title='bbox 2243 4247 2570 4330; x_wconf 86' lang='lat' dir='ltr'><em>pertinent.</em></span> <span class='ocrx_word' id='word_1_355' title='bbox 2605 4246 2782 4327; x_wconf 85' lang='lat' dir='ltr'><em>Quod</em></span> <span class='ocrx_word' id='word_1_356' title='bbox 2821 4248 3146 4313; x_wconf 87' lang='lat' dir='ltr'><em>discrimen</em></span> 
     </span>
     <span class='ocr_line' id='line_1_40' title="bbox 683 4345 3148 4432; baseline 0.003 -25"><span class='ocrx_word' id='word_1_357' title='bbox 683 4346 845 4408; x_wconf 91' lang='lat' dir='ltr'><em>inter</em></span> <span class='ocrx_word' id='word_1_358' title='bbox 875 4345 1049 4410; x_wconf 85' lang='lat' dir='ltr'><em>binas</em></span> <span class='ocrx_word' id='word_1_359' title='bbox 1085 4346 1290 4411; x_wconf 88' lang='lat' dir='ltr'><em>theses</em></span> <span class='ocrx_word' id='word_1_360' title='bbox 1321 4348 1374 4411; x_wconf 90' lang='lat' dir='ltr'><em>si</em></span> <span class='ocrx_word' id='word_1_361' title='bbox 1410 4347 1549 4429; x_wconf 89' lang='lat' dir='ltr'><em>quis</em></span> <span class='ocrx_word' id='word_1_362' title='bbox 1579 4366 1702 4413; x_wconf 90' lang='lat' dir='ltr'><em>non</em></span> <span class='ocrx_word' id='word_1_363' title='bbox 1733 4349 1962 4414; x_wconf 87' lang='lat' dir='ltr'><em>habeat</em></span> <span class='ocrx_word' id='word_1_364' title='bbox 1997 4368 2145 4432; x_wconf 86' lang='lat' dir='ltr'><em>prae</em></span> <span class='ocrx_word' id='word_1_365' title='bbox 2182 4349 2396 4428; x_wconf 73' lang='lat' dir='ltr'><em>oquiS,</em></span> <span class='ocrx_word' id='word_1_366' title='bbox 2430 4349 2559 4414; x_wconf 89' lang='lat' dir='ltr'><em>iam</em></span> <span class='ocrx_word' id='word_1_367' title='bbox 2589 4368 2638 4414; x_wconf 89' lang='lat' dir='ltr'><em>s.</em></span> <span class='ocrx_word' id='word_1_368' title='bbox 2682 4351 2963 4426; x_wconf 87' lang='lat' dir='ltr'><em>Doctori,</em></span> <span class='ocrx_word' id='word_1_369' title='bbox 2994 4351 3148 4415; x_wconf 88' lang='lat' dir='ltr'><em>hanc</em></span> 
     </span>
     <span class='ocr_line' id='line_1_41' title="bbox 681 4447 3145 4534; baseline 0.004 -26"><span class='ocrx_word' id='word_1_370' title='bbox 681 4447 1105 4529; x_wconf 88' lang='lat' dir='ltr'><em>quaestionem</em></span> <span class='ocrx_word' id='word_1_371' title='bbox 1135 4449 1425 4524; x_wconf 82' lang='lat' dir='ltr'><em>versanti,</em></span> <span class='ocrx_word' id='word_1_372' title='bbox 1455 4450 1613 4513; x_wconf 84' lang='lat' dir='ltr'><em>nihil</em></span> <span class='ocrx_word' id='word_1_373' title='bbox 1642 4450 1760 4515; x_wconf 91' lang='lat' dir='ltr'><em>nisi</em></span> <span class='ocrx_word' id='word_1_374' title='bbox 1791 4451 2220 4534; x_wconf 89' lang='lat' dir='ltr'><em>turpissimam</em></span> <span class='ocrx_word' id='word_1_375' title='bbox 2252 4451 2812 4518; x_wconf 85' lang='lat' dir='ltr'><em>contradicentium</em></span> <span class='ocrx_word' id='word_1_376' title='bbox 2851 4452 2971 4517; x_wconf 89' lang='lat' dir='ltr'><em>sibi</em></span> <span class='ocrx_word' id='word_1_377' title='bbox 3011 4472 3145 4518; x_wconf 88' lang='lat' dir='ltr'><em>sen-</em></span> 
     </span>
     <span class='ocr_line' id='line_1_42' title="bbox 676 4548 2027 4638; baseline 0.004 -25"><span class='ocrx_word' id='word_1_378' title='bbox 676 4548 1016 4613; x_wconf 82' lang='lat' dir='ltr'><em>tentiarum</em></span> <span class='ocrx_word' id='word_1_379' title='bbox 1048 4552 1397 4635; x_wconf 88' lang='lat' dir='ltr'><em>congeriem</em></span> <span class='ocrx_word' id='word_1_380' title='bbox 1425 4557 1685 4636; x_wconf 90' lang='lat' dir='ltr'><em>cogetur</em></span> <span class='ocrx_word' id='word_1_381' title='bbox 1714 4554 2027 4638; x_wconf 86' lang='lat' dir='ltr'><em>affingere.</em></span> 
     </span>
    </p>
   </div>
  </div>
 </body>
</html>
