3529 5158
674 411 867 454 XXVIII
1612 416 1825 456 SERms
1862 415 2329 457 CHRONOLOGIGA

764 516 869 574 36.
909 517 1275 592 Regulares
1307 518 1590 591 possunt
1622 516 1691 575 in
1720 515 1884 575 ’foro
1933 516 2379 576 conscientiae
2411 514 2510 574 uti
2558 515 2936 592 privilegiis
2970 519 3129 595 suis,

675 620 849 678 quae
895 612 1055 664 sunt
1102 621 1411 680 expresse
1457 608 1771 664 revocata
1816 622 1935 681 per
1982 606 2355 665 Concilium
2401 604 2891 664 Tridentinum.

764 695 869 752 37.
898 694 1371 769 Indulgentiae
1403 710 1752 754 concessae
1779 695 2227 770 R-egularibus
2259 698 2328 753 et
2351 696 2701 753 revocatae
2734 711 2773 753 a
2811 695 3024 755 Paulo
3049 697 3127 755 V.

679 782 877 841 hodie
923 788 1085 841 sunt
1131 783 1574 846 revalidatae..

764 873 869 929 38.
906 872 1301 931 Mandatum
1348 872 1718 931 Tridentini
1770 872 2018 931 factum
2069 871 2395 932 sacerdoti
2435 870 2860 951 (sacrificanti
2904 889 2984 932 ex
3018 892 3130 934 ne—

675 960 986 1020 cessitate
1033 980 1181 1020 cum
1233 965 1504 1036 peccato
1550 960 1839 1040 mortali)
1885 961 2238 1021 confitendi
2288 961 2799 1037 quamprimum,
2836 967 2940 1022 est
2976 980 3131 1022 con-

675 1049 918 1126 silium,
970 1067 1099 1109 non
1147 1045 1592 1124 praeceptum.

765 1140 869 1197 39.
922 1139 1049 1197 Illa
1094 1139 1425 1214 particula
1473 1141 1935 1215 quamprimum
1984 1140 2407 1216 intelligitur,
2458 1156 2605 1197 cum
2657 1140 2961 1199 sacerdos
3010 1156 3131 1201 suo

676 1230 973 1302 tempore
1020 1229 1465 1288 confitebitur.

766 1320 869 1376 40.
892 1318 1015 1376 Est
1039 1317 1404 1392 probabilis
1429 1317 1675 1395 opiui0,
1700 1335 1875 1392 qnae
1897 1318 2060 1377 dicit
2084 1335 2228 1377 esse
2252 1320 2517 1377 tantum
2542 1318 2806 1376 veniale
2831 1319 3125 1377 osculum

676 1405 975 1465 habitum
1011 1407 1095 1465 ob
1135 1407 1641 1466 delectationem
1677 1408 2008 1466 carnalem
2042 1411 2113 1466 et
2142 1406 2546 1483 sensibilem,
2581 1422 2753 1481 quae
2791 1423 2873 1465 ex
2906 1408 3131 1467 osculo

675 1493 912 1569 oritur,
962 1496 1232 1555 excluso
1279 1496 1574 1571 periculo
1619 1512 1980 1555 consensus
2027 1496 2364 1556 ulterioris
2410 1498 2480 1553 et
2524 1495 2936 1569 pollutionis.

767 1587 870 1642 41.
900 1584 1047 1643 Non
1075 1590 1179 1644 est
1202 1584 1604 1659 obligandus
1630 1585 2144 1645 concubinarius
2169 1586 2252 1645 ad
2278 1584 2669 1644 eiiciendam
2694 1584 3131 1643 concubinam

675 1672 730 1732 si
780 1673 945 1733 haec
989 1674 1191 1733 nimis
1224 1673 1413 1733 utilis
1460 1677 1637 1733 esset
1682 1674 1768 1733 ad
1801 1674 2357 1734 oblectamentum
2410 1672 2882 1752 concubinarii,
2922 1673 3130 1749 vulgo

673 1763 905 1838 reyalo,
954 1762 1133 1839 dnm,
1184 1763 1537 1823 deficiente
1595 1764 1729 1837 illa,
1779 1763 1980 1823 nimis
2035 1780 2233 1839 aegre
2287 1766 2516 1839 ageret
2569 1762 2778 1821 vitam
2835 1765 2904 1821 et
2959 1761 3129 1821 aliae

655 1852 911 1925 ‚epulae
976 1853 1199 1911 taedio
1255 1870 1496 1929 magno
1562 1851 2108 1912 concubinarium
2164 1855 2503 1913 afficerent
2559 1857 2628 1911 et
2687 1851 2819 1911 alia
2879 1851 3131 1910 famula

676 1940 875 1999 nimis
923 1941 1188 2000 difficile
1236 1942 1669 2001 inveniretur.

764 2031 868 2087 42.
921 2030 1203 2089 Licitum
1254 2034 1358 2089 est
1404 2031 1742 2090 mutuanti
1789 2031 2047 2105 aliquid
2094 2032 2272 2091 ultra
2319 2034 2560 2090 sortem
2617 2030 2904 2106 exigere,
2955 2029 3011 2088 si
3059 2042 3128 2089 sc

675 2116 929 2191 obliget
974 2119 1059 2177 ad
1108 2135 1242 2177 non
1290 2120 1717 2193 repetenda-m
1767 2123 2010 2179 sortem
2059 2136 2272 2196 usque
2317 2119 2403 2178 ad
2448 2122 2702 2178 certum
2751 2122 3036 2194 tempus.

765 2209 868 2264 43.
906 2209 1229 2266 Annuum
1267 2208 1561 2283 legat-um
1596 2227 1716 2285 pro
1749 2210 1974 2269 anima
2006 2210 2309 2270 relictum
2345 2224 2478 2267 non
2512 2207 2711 2267 durat
2741 2208 2897 2283 plus
2930 2224 3122 2283 quam

675 2309 799 2368 per
834 2295 1057 2355 decem
1110 2313 1340 2356 annos.

765 2387 869 2443 44.
898 2384 1133 2457 Quoad
1167 2385 1384 2444 forum
1431 2388 1896 2465 conscientiae,
1926 2404 2036 2447 reo
2069 2390 2360 2447 correcto
2391 2386 2671 2462 eiusque
2711 2385 3130 2445 contumacia

675 2477 997 2549 cessante,
1047 2479 1313 2535 cessant
1359 2492 1694 2537 censurae.

762 2566 867 2624 45.
910 2564 1092 2623 Libri
1140 2564 1483 2640 prohibiti,
1534 2567 1723 2626 donec
1769 2571 2210 2644 effumavit-nr,
2262 2567 2546 2640 possunt
2593 2564 2868 2624 retineri
2916 2578 3128 2639 usquc

676 2650 833 2710 dum
888 2654 1192 2713 adhibita
1237 2654 1590 2730 diligentia
1635 2658 2073 2732 corrigantur.

773 2741 997 2800 Omnes
1020 2743 1360 2803 damnatae
1376 2750 1434 2803 ct
1440 2744 1825 2822 prohibitae,
1854 2748 1929 2804 ut
1952 2745 2320 2818 minimum,
2338 2749 2660 2818 tanquam
2681 2739 3125 2803 scandalosae.

1696 2962 1919 3022 NUM.
1972 2963 2096 3021 IX.

679 3099 1152 3177 Propositiones
1187 3105 1287 3161 65.
1316 3104 1656 3162 ‹Iamnatac
1688 3105 1764 3162 ab
1800 3105 2169 3165 Innocentio
2196 3106 2266 3164 Χ
2267 3106 2325 3165 Ι.
2348 3107 2588 3164 decreto
2618 3103 3130 3181 Coum-cyaticam

851 3192 1167 3267 qeneralis
1203 3198 1458 3250 sanctae
1498 3209 1797 3251 romanae
1829 3199 1886 3253 et
1919 3196 2296 3254 universalis
2333 3194 2798 3270 Inquisitiom‘s,
2837 3192 3132 3252 Sanctis-

852 3280 1062 3340 simus
1103 3281 1430 3340 Dominus
1478 3286 1707 3343 noster
1753 3289 1861 3342 etc.
1900 3288 1957 3343 2.
1994 3283 2190 3343 Mart.
2226 3287 2411 3342 1679.

1345 3461 1544 3520 Feria
1593 3463 1674 3521 V.
1711 3462 1818 3522 die
1870 3465 1929 3521 2.
1978 3463 2198 3522 Martii
2252 3464 2443 3522 1679.

764 3625 823 3680 1.
850 3621 912 3679 N
915 3638 999 3680 on
1027 3624 1134 3681 est
1166 3622 1477 3682 illicitum
1511 3624 1575 3682 in
1612 3625 2042 3684 sacramentis
2073 3625 2495 3685 conferendis
2525 3625 2714 3700 sequi
2749 3624 3124 3700 opinionem

677 3711 1085 3787 probabilem
1144 3711 1225 3771 de
1284 3713 1509 3772 valore
1554 3713 1974 3788 sacramenti,
2025 3714 2258 3774 relicta
2316 3715 2585 3792 tutiore,
2636 3715 2765 3774 nisi
2827 3713 2897 3773 id
2945 3718 3131 3774 vetet

676 3801 804 3875 lex,
840 3801 1196 3860 conventio
1233 3805 1352 3860 aut
1383 3801 1749 3877 periculum
1800 3802 2026 3878 gravis
2058 3802 2284 3861 damni
2330 3803 2734 3863 incurrendi.
2772 3803 2949 3863 Hinc
2980 3819 3129 3863 sen·

673 3889 891 3949 tentia
920 3890 1254 3964 probabili
1285 3893 1551 3950 tantum
1582 3891 1908 3949 utendum
1945 3908 2076 3950 non
2124 3895 2228 3951 est
2277 3892 2343 3952 in
2384 3893 2740 3952 collatione
2773 3892 3125 3968 Baptismi,

678 3978 951 4038 Ordinis
998 3980 1430 4040 sacerdotalis
1477 3985 1596 4039 alit
1640 3980 2057 4054 episcopalis.

763 4071 825 4127 2.
865 4069 1315 4129 Probabiliter
1361 4069 1689 4142 existimo,
1727 4068 2014 4128 iudicem
2061 4085 2255 4143 posse
2303 4070 2599 4131 iudicare
2647 4072 2841 4130 iuxta
2870 4070 3124 4145 opinio-

676 4174 825 4216 nem
876 4158 1077 4218 etiam
1128 4157 1353 4217 minus
1397 4157 1828 4232 probabilem.

764 4248 824 4305 3.
854 4247 1263 4325 Generatim,
1291 4247 1444 4305 dum
1485 4246 1962 4320 probabilitate
1993 4247 2138 4307 sive
2169 4247 2537 4309 intrinseca
2566 4249 2711 4309 sive
2735 4249 3128 4324 extrinseca,

673 4336 1114 4410 quantumvis
1170 4336 1379 4411 tenui,
1434 4334 1631 4394 modo
1683 4351 1723 4395 a
1778 4337 2274 4410 probabilitatis
2333 4338 2582 4399 finibus
2641 4356 2773 4399 non
2835 4339 3129 4410 exeatur,

677 4425 908 4485 confisi
955 4424 1214 4499 aliquid
1263 4423 1546 4503 agimus,
1597 4441 1859 4499 semper
1902 4426 2268 4500 prudenter
2312 4429 2592 4504 agimus.

767 4517 825 4573 4.
878 4514 991 4572 Ab
1048 4513 1450 4573 infidelitate
1510 4514 1939 4574 excusabitur
1995 4515 2303 4593 infidelis,
2351 4534 2487 4578 non
2552 4516 2827 4577 credens
2891 4516 3133 4576 ductus

675 4601 986 4676 opinione
1035 4601 1257 4662 minus
1302 4601 1652 4676 probabili.
