3529 5158
722 374 829 429 150
1350 382 1560 424 macr.
1602 384 1665 423 11.
1702 382 1789 422 nn:
1826 380 2239 423 commas-rm.
2280 380 2478 423 CAPUT
2515 381 2556 420 1.
3032 364 3179 440 [158]

721 505 780 548 n.
815 486 956 548 35.:
999 509 1033 541 «
1065 484 1313 565 Loquor
1344 501 1415 545 ex
1446 480 1790 564 supposito,
1840 479 1891 543 si
1938 480 2191 544 daretur
2236 479 2383 544 talis
2429 497 2636 556 casus3
2686 499 2830 544 nam
2877 478 3038 543 forte
3085 481 3180 543 est

721 586 1119 669 impossibilis
1146 612 1206 646 ».

813 684 965 758 158.
997 688 1191 752 Porro
1224 686 1427 768 quoad
1466 687 1716 769 peccata
1762 686 2005 750 interna
2036 686 2100 749 in
2132 686 2381 750 rusticis
2413 688 2476 751 et
2504 685 2740 757 idiotis,
2780 685 2950 761 bene,
2994 704 3042 747 3.
3076 683 3181 746 Al-

722 792 993 874 phonsus
1038 809 1098 852 n.
1149 790 1209 852 9.
1258 787 1548 861 advertit,
1597 787 1768 852 aliud
1814 806 1963 865 esse,
2013 787 2178 870 quod
2208 788 2426 852 rustici
2459 807 2581 854 non
2613 787 2854 852 soleant
2899 783 3181 850 confiteri

720 912 912 977 prava
935 891 1247 955 desideria
1269 893 1409 963 etc„
1436 890 1626 963 aliud,
1652 890 1820 972 quod
1841 891 1993 955 haec
2016 890 2246 955 censeri
2269 890 2532 955 debeant
2554 909 2806 973 prorsus
2835 888 3177 970 inculpata.

721 995 885 1061 Nam
924 994 1174 1058 admitti
1203 993 1403 1066 debet,
1437 1012 1613 1076 posse
1650 992 1832 1057 rudes
1864 1011 2111 1076 peccare
2157 992 2418 1058 fovendo
2451 1010 2675 1075 pravos
2707 993 2985 1064 affectus,
3033 989 3182 1054 licet

721 1098 935 1164 deinde
973 1096 1259 1162 crassiori
1289 1095 1559 1178 quadam
1604 1095 1845 1161 ratione
1877 1094 2239 1161 confitentes
2270 1096 2420 1160 haec
2466 1115 2589 1161 non
2625 1095 3000 1179 exprimant:
3042 1096 3183 1158 tum

720 1200 865 1283 quia
889 1200 1116 1264 interni
1140 1198 1442 1263 eiusmodi
1466 1201 1642 1262 actus
1668 1197 1974 1282 effugiunt
1996 1197 2247 1262 rudium
2272 1197 2844 1273 considerationem,
2867 1197 3003 1259 tum
3033 1196 3183 1278 quia

722 1326 792 1369 ex
822 1305 1178 1389 ignorantia
1224 1304 1416 1368 etiam
1459 1303 1715 1368 modum
1761 1302 1912 1366 haec
1958 1301 2333 1386 exprimendi
2371 1303 2472 1367 vix
2503 1302 2817 1385 reperiunt
2848 1303 2987 1365 tum
3034 1301 3182 1382 quia

724 1427 843 1473 11011
890 1407 1121 1493 idonei,
1139 1409 1285 1471 sunt
1331 1407 1512 1471 rebus
1559 1406 1745 1488 paulo
1794 1405 2222 1470 subtilioribus
2269 1403 2748 1489 distinguendis3
2798 1403 2959 1468 unde
3006 1403 3080 1467 fit
3112 1404 3185 1466 ut

722 1498 1134 1576 confiteantur
1163 1510 1274 1574 illa
1306 1529 1569 1592 quoque,
1602 1528 1761 1590 quae
1794 1508 2190 1574 confessionis
2226 1508 2490 1572 materia
2522 1527 2644 1573 non
2678 1509 2824 1572 sunt
2855 1510 3044 1589 atque
3089 1506 3183 1570 ita

726 1633 782 1678 v.
817 1634 909 1698 gr.
945 1632 1008 1677 30
1034 1614 1343 1688 accusant,
1373 1612 1536 1694 quod
1569 1631 1663 1675 res
1696 1610 1928 1676 alienas
1975 1609 2454 1675 desideraverint
2487 1612 2598 1674 aut
2626 1610 2928 1673 invidiam
2960 1609 3189 1673 habue-

722 1716 867 1789 rint,
901 1715 1007 1780 ubi
1032 1717 1240 1780 tamen
1265 1733 1429 1779 mere
1455 1714 1668 1777 aderat
1692 1713 2062 1778 desiderium
2086 1713 2232 1777 boni
2258 1712 2519 1796 proprii,
2556 1732 2715 1795 (11130
2746 1711 2997 1793 quidem
3029 1710 3185 1776 desi·

723 1818 890 1883 deria
924 1817 1001 1880 ad
1033 1837 1345 1881 summum
1378 1836 1507 1880 esse
1541 1818 1778 1897 queunt
1811 1816 2011 1880 otiosa
2043 1819 2106 1879 et
2138 1815 2397 1880 subinde
2429 1817 2579 1880 sunt
2609 1814 2803 1879 etiam
2833 1815 3120 1878 honesta.

813 1921 1132 1985 Addamus
1162 1922 1411 2004 insuper
1443 1921 1647 2001 quoad
1672 1940 1718 1985 s.
1746 1920 2048 2003 Alphonsi
2073 1920 2320 1993 thesim,
2355 1919 2520 1984 haud
2554 1938 2683 1984 esse
2715 1919 2984 1992 difficile,
3020 1919 3189 2001 quod

726 2024 907 2087 rudes
941 2042 1012 2087 ex
1042 2022 1395 2106 ignorantia
1428 2022 1770 2087 invincibili
1815 2040 1937 2086 non
1975 2022 2244 2086 habeant
2274 2022 2580 2086 rationem
2612 2020 3002 2103 quorundam
3036 2022 3191 2086 desi·

726 2125 1058 2197 detiorum,
1092 2124 1315 2188 saltem
1362 2125 1414 2188 si
1459 2124 1800 2187 inefficacia
1837 2124 1980 2187 sint.
2020 2124 2102 2187 Et
2133 2143 2279 2189 sane
2311 2124 2364 2187 si
2398 2124 2793 2207 interrogem,
2845 2143 2922 2187 an
2956 2126 3186 2206 peccet,

726 2229 834 2311 qui
881 2228 977 2291 die
1024 2227 1431 2291 abstinentiae
1470 2226 1814 2291 delectatur
1861 2226 1934 2290 de
1980 2245 2088 2290 esu
2129 2226 2409 2290 carnium
2441 2226 2858 2309 praecedentis
2891 2227 3033 2299 diei,
3076 2228 3188 2291 aut

728 2330 1098 2396 desiderium
1130 2349 1271 2393 cum
1301 2328 1746 2412 complacentia
1778 2328 2006 2393 habeat
2037 2328 2198 2393 circa
2230 2348 2442 2394 carnes
2479 2329 2577 2393 die
2610 2330 2923 2412 paschatis
2970 2328 3188 2393 deinde

730 2433 1159 2507 comedendas;
1185 2433 1348 2496 male
1371 2432 1644 2514 profecto
1671 2432 1772 2512 (ut
1788 2449 1902 2496 suo
1918 2431 2054 2495 1000
2071 2431 2444 2515 videbimus)
2460 2432 2624 2496 hunc
2654 2431 2793 2513 quis
2817 2432 2991 2496 velut
3015 2451 3192 2497 reum

730 2535 964 2620 peccati
1011 2535 1354 2608 damnaret,
1403 2533 1735 2599 dummodo
1785 2533 1868 2598 sit
1913 2533 2005 2599 ita
2051 2535 2447 2617 comparatus
2480 2533 2708 2608 animo,
2741 2536 2814 2599 ut
2844 2534 3049 2618 reipsa
3097 2535 3194 2601 die

732 2639 1140 2704 abstinentiae
1186 2639 1337 2702 haec
1383 2637 1556 2701 edere
1601 2655 1721 2701 non
1771 2636 1942 2700 velit.
1976 2638 2064 2701 At
2094 2637 2254 2700 enim
2293 2637 2574 2701 mutetur
2603 2636 2787 2702 modo
2818 2639 3191 2720 exemplum.

733 2740 893 2819 Quid
922 2741 1151 2804 mirum
1183 2740 1513 2822 (inquam),
1547 2739 1711 2820 quod
1741 2739 1914 2802 rudis
1945 2739 2109 2802 idem
2142 2740 2413 2821 praestet
2444 2738 2649 2819 quoad
2680 2737 3196 2804 fornicationem?

733 2841 1035 2905 Videlicet
1061 2860 1267 2905 secum
1292 2841 1490 2905 dicat:
1516 2841 1780 2905 facerem
1802 2841 2082 2916 libenter,
2109 2840 2236 2906 imo
2260 2840 2693 2917 libentissime,
2722 2841 2825 2905 sed
2849 2841 3015 2914 nolo,
3044 2844 3193 2924 quia

729 2949 1051 3029 peccatum
1081 2947 1222 3009 est?
1255 2945 1423 3008 Inter
1460 2944 1614 3008 duas
1662 2944 2007 3027 praedictas
2053 2945 2234 3008 hasce
2265 2944 2659 3025 quaestiones
2690 2962 2890 3009 nonne
2931 2945 3194 3011 haerent

728 3049 844 3132 ipsi
864 3048 1165 3132 Theologi
1190 3068 1247 3112 v.
1269 3068 1361 3131 gr.
1382 3046 1529 3110 dum
1555 3045 1896 3129 quaeritur,
1917 3065 1996 3109 an
2028 3046 2236 3128 sponsi
2260 3045 2603 3111 desiderare
2620 3046 2789 3127 (cum
2815 3046 3192 3112 desiderium

728 3151 1034 3217 rationale
1081 3151 1355 3232 alioquin
1401 3150 1647 3214 licitum
1693 3148 1796 3212 vix
1844 3168 1880 3211 a
1912 3148 2320 3213 delectatione
2354 3148 2631 3230 alioquin
2678 3148 2901 3213 illicita
2948 3151 3197 3235 seiungi

733 3256 958 3339 possit)
1006 3259 1182 3319 actus
1228 3253 1718 3318 matrimoniales
1766 3252 2045 3335 possint?
2090 3251 2171 3315 Et
2217 3252 2397 3335 plane
2443 3269 2678 3326 censeo,
2725 3251 2791 3315 id
2836 3253 3199 3335 saepissime

734 3358 1088 3440 contingere
1113 3357 1193 3437 (si
1218 3374 1507 3439 personas
1532 3355 1797 3438 excipias
1822 3355 2000 3418 valde
2024 3355 2158 3437 pias
2183 3354 2332 3418 etin
2366 3353 2546 3418 rebus
2570 3353 3002 3436 spiritualibus
3037 3376 3201 3420 exer-

735 3461 1023 3542 citatas):
1058 3460 1159 3523 vix
1191 3463 1398 3523 tamen
1432 3459 1786 3542 quempiam
1818 3478 1881 3522 se
1911 3478 2086 3522 reum
2134 3457 2513 3531 existimare3
2562 3458 2711 3539 quia
2758 3476 2978 3542 nempe
3024 3460 3200 3544 cupit

736 3564 799 3626 et
830 3561 1173 3625 delectatur
1204 3561 1276 3625 de
1309 3579 1399 3638 eo,
1435 3561 1599 3643 quod
1622 3561 1866 3624 licitum
1900 3561 2018 3625 sibi
2048 3561 2167 3624 erit
2197 3563 2261 3625 et
2290 3561 2364 3624 ut
2395 3559 2523 3624 tale
2561 3560 2803 3645 cogitat
2831 3562 2895 3626 et
2926 3562 3102 3644 cupit
3134 3564 3195 3626 et

734 3663 958 3728 idcirco
997 3663 1070 3728 de
1102 3663 1266 3727 hisce
1300 3664 1657 3728 nullatenus
1691 3682 1753 3727 se
1788 3665 2058 3727 accusat.
2193 3702 2206 3716 ·

823 3766 1226 3831 Memoranda
1271 3766 1404 3830 heic
1436 3765 1715 3829 doctrina
1762 3763 2343 3830 Salmanticensium
2382 3767 2445 3829 et
2477 3762 2679 3829 Croix.
2714 3764 2819 3828 Illi
2864 3767 3050 3830 tract.
3089 3769 3192 3831 20.

732 3891 782 3935 0.
819 3870 877 3934 5.
918 3871 1127 3952 punct.
1166 3870 1246 3942 2.,
1282 3889 1340 3932 11.
1378 3870 1481 3932 20.
1534 3869 1743 3931 aiunt:
1780 3893 1814 3925 ⁴<
1848 3866 1913 3931 Si
1951 3868 2176 3950 aliquis
2223 3866 2508 3930 detentus
2554 3867 2617 3930 in
2665 3885 2905 3931 carcere
2958 3867 3198 3933 iudicat

732 3992 978 4056 peccare
1025 3992 1089 4038 se
1134 3971 1505 4044 mortaliter,
1555 3990 1801 4035 sacrum
1840 3989 1961 4035 non
2010 3969 2332 4048 audiend0‚
2381 3969 2481 4032 hic
2511 3969 2687 4033 nullo
2719 3968 2905 4034 modo
2953 3973 3190 4053 peccat,

735 4075 891 4140 illud
924 4076 1284 4140 omittendo.
1320 4076 1401 4139 Et
1432 4075 1594 4139 ratio
1627 4076 1749 4146 est;
1792 4073 1940 4155 quia
1971 4072 2186 4155 nequit
2222 4089 2351 4136 esse
2397 4073 2718 4153 peccatum
2752 4072 2984 4153 absque
3015 4073 3197 4138 liber-

737 4180 933 4242 tate...
966 4177 1092 4242 Nec
1118 4179 1328 4242 obstat
1358 4176 1665 4241 dictamen
1696 4194 2021 4241 erroneum
2052 4173 2485 4249 conscientiae;
2527 4174 2673 4256 quia
2705 4176 2855 4237 tunc
2887 4173 3198 4241 dictamen

739 4281 833 4343 est
865 4298 1049 4342 causa
1097 4279 1351 4362 peccati,
1392 4279 1637 4359 quando
1676 4279 2028 4361 applicatur
2073 4277 2150 4341 ad
2197 4295 2350 4360 opus
2398 4277 2457 4339 h.
2494 4295 2543 4341 e.
2584 4275 2831 4357 quando
2879 4276 3091 4342 influit
3137 4279 3200 4343 in

738 4380 1155 4462 operationem
1182 4407 1242 4443 ».
1278 4377 1459 4443 Croix
1505 4380 1546 4442 l.
1587 4381 1643 4443 1.
1680 4400 1738 4443 n.
1791 4382 1896 4444 39.
1946 4380 2174 4444 statuit
2212 4380 2444 4463 pariter
2489 4397 2609 4443 non
2657 4397 2908 4462 peccare
2954 4380 3195 4454 rudem,

739 4482 847 4563 qui
893 4481 1175 4545 absolute
1222 4500 1341 4545 non
1390 4482 1586 4563 possit
1633 4482 1802 4547 adire
1839 4481 2155 4547 ecclesiam
2203 4481 2281 4545 ad
2318 4481 2578 4546 Missam
2611 4481 3002 4548 audiendam.
3053 4483 3201 4548 licet

738 4586 917 4667 putet
949 4603 1011 4648 se
1044 4604 1324 4667 peccare:
1361 4605 1533 4649 secus
1584 4587 1812 4663 tamen,
1862 4584 2071 4649 subdit
2117 4583 2260 4647 ibid.
2297 4604 2356 4648 11.
2394 4585 2521 4661 4Ο.,
2556 4584 2609 4648 31
2643 4584 2928 4649 absolute
2964 4589 3195 4667 posset,
