3529 5158
345 341 487 417 [166]
621 356 1023 398 consentu-ru
1059 357 1269 400 nunu..
1313 356 1433 400 cun
1470 357 1673 400 Aenus
1709 358 1836 399 com
1879 358 2086 402 conso.
2125 360 2322 403 nomn
2361 361 2594 403 Pacem·
2717 352 2822 405 161

346 454 570 537 quippe
621 453 828 536 opinio
872 472 1194 534 nunquam
1241 453 1510 518 excludit
1556 453 1952 519 formidinem
2001 454 2078 520 de
2116 456 2401 540 opposito
2436 459 2622 540 atque
2671 461 2820 526 adeo

344 556 689 640 periculum
720 555 872 619 illud
907 555 1183 620 violandi
1211 556 1622 621 materialiter
1652 559 2052 640 praeceptum
2089 578 2327 641 semper
2359 560 2552 626 adest.

429 657 724 742 Superest
761 676 928 742 ergo,
961 659 1036 721 ut
1082 657 1145 721 id
1173 657 1569 742 intelligatur
1599 658 1672 722 de
1704 659 1983 742 periculo
2016 660 2305 744 peccandi
2334 662 2703 741 formaliter.
2737 666 2820 729 Et

262 815 267 821 .
340 761 426 826 sic
457 761 663 843 reipsa
694 760 941 824 videtur
970 759 1032 823 id
1063 759 1439 826 intellexisse
1473 759 1654 825 Croix
1687 762 1796 825 lib.
1836 763 1892 825 1.
1928 782 1987 825 n.
2032 764 2161 841 48„
2194 765 2305 829 ubi
2336 766 2582 843 scribit3
2626 793 2658 825 «
2693 767 2812 848 Qui

341 868 635 950 operatur
658 885 731 930 ex
752 865 981 930 iudicio
1007 865 1277 947 practico
1301 867 1555 930 tantum
1575 866 1903 948 probabili,
1931 868 2049 931 scit
2071 868 2391 947 iudicium,
2418 889 2540 952 quo
2564 871 2809 951 nititur,

340 987 516 1053 posse
548 986 681 1033 esse
712 967 1007 1032 falsum...
1033 967 1197 1052 Ergo
1222 985 1344 1032 non
1369 970 1464 1032 est
1488 970 1711 1045 certus,
1738 987 1803 1033 se
1824 987 1949 1034 non
1973 988 2220 1052 peccare
2243 970 2629 1051 formaliter:
2663 992 2809 1058 ergo

341 1070 426 1135 sic
458 1069 770 1153 operando
802 1088 867 1133 se
899 1069 1148 1152 exponit
1183 1069 1456 1153 periculo
1488 1071 1778 1153 peccandi
1808 1070 2164 1150 formaliter
2186 1098 2248 1137 ».

420 1172 510 1237 At
533 1172 663 1237 ista
685 1171 868 1253 plane
892 1171 1327 1237 obscurissima
1359 1174 1525 1237 sunt.
1561 1172 1721 1252 Quid
1753 1173 1918 1239 enim
1951 1177 2046 1240 est
2076 1175 2473 1243 ratiocinatio
2505 1178 2646 1243 illa:
2675 1177 2812 1242 Scit

338 1274 640 1339 iudicium
670 1293 856 1338 suum
871 1293 1058 1353 posse
1089 1293 1220 1338 esse
1262 1273 1535 1353 falsum:
1574 1295 1719 1357 erqo
1767 1296 1895 1339 non
1932 1280 2028 1341 est
2045 1282 2272 1351 certus,
2304 1298 2370 1342 se
2399 1299 2528 1343 non
2544 1299 2809 1359 peceare

336 1377 745 1458 for-mediter?
791 1376 1024 1460 Utique
1053 1380 1375 1460 peccatum
1405 1378 1663 1443 formale
1710 1382 1806 1444 est
1836 1399 2165 1445 consensus
2213 1381 2560 1448 voluntatis
2589 1384 2654 1447 in
2678 1402 2808 1448 ma-

336 1481 501 1545 lum:
540 1480 799 1545 ubinam
829 1498 1011 1563 porro
1044 1479 1343 1546 habemus
1375 1481 1717 1564 periculum
1747 1481 1896 1546 talis
1920 1502 2250 1548 consensus
2281 1484 2344 1548 in
2369 1486 2627 1563 malum,
2663 1505 2806 1550 cum

336 1585 458 1649 imo
492 1582 696 1667 possit
725 1582 1037 1665 quispiam
1059 1583 1413 1666 protestari,
1441 1602 1504 1647 se
1530 1584 1693 1648 nolle
1724 1584 1963 1648 malum
1995 1604 2105 1649 nec
2135 1585 2200 1649 in
2232 1585 2389 1650 illud
2420 1588 2806 1652 consentire?

334 1686 570 1751 Deinde
602 1685 944 1769 periculum
968 1685 1195 1750 dicitur
1218 1685 1292 1750 de
1315 1703 1407 1763 eo,
1442 1685 1608 1767 quod
1639 1689 1848 1769 potest
1880 1687 2166 1752 obvenire
2203 1690 2301 1753 vel
2331 1708 2456 1754 non
2489 1691 2801 1755 obvenire:

334 1808 514 1872 porro
547 1788 716 1871 quod
746 1788 944 1872 possit
990 1788 1201 1852 adesse
1247 1788 1347 1852 vel
1375 1806 1501 1853 non
1533 1788 1742 1853 adesse
1789 1789 2048 1855 violatio
2080 1790 2423 1855 materialis
2470 1794 2801 1876 praecepti,

334 1891 511 1957 facile
540 1890 985 1975 intelligimus3
1014 1893 1081 1955 at
1105 1890 1415 1972 quomodo
1440 1890 1671 1973 poterit
1702 1891 1913 1957 adesse
1946 1892 2044 1956 vel
2079 1909 2202 1956 non
2237 1892 2446 1959 adesse
2479 1898 2802 1977 peccatum

332 1993 613 2072 formale,
655 1993 786 2058 scil.
820 2011 1152 2058 consensus
1182 1992 1248 2056 in
1280 1993 1561 2057 malum?

418 2095 614 2161 Mitto
639 2095 895 2160 modum
919 2095 1120 2159 adhuc
1142 2095 1345 2180 magis
1363 2096 1712 2175 obscurum,
1739 2114 1862 2177 quo
1888 2095 1951 2160 id
1984 2096 2189 2179 ipsum
2213 2098 2536 2181 proposuit
2560 2101 2797 2167 Auctor

332 2198 704 2282 Appendicis
748 2196 823 2261 de
868 2196 1337 2262 Probabilismo
1381 2198 1446 2262 in
1478 2198 1582 2261 fin.
1618 2200 1772 2263 tom.
1805 2197 1917 2262 XI.
1951 2199 2066 2263 col.
2122 2201 2313 2264 1493.
2353 2198 2529 2266 Curs.
2577 2202 2792 2269 Theol.

332 2301 543 2387 Migne
557 2321 621 2365 n.
640 2302 734 2366 5.:
760 2327 796 2359 «
810 2300 1007 2366 Vetat
1020 2300 1349 2384 prudentia
1372 2301 1730 2377 christiana,
1748 2320 1823 2365 ne
1847 2301 2017 2366 ultra
2039 2301 2429 2369 incurramus
2450 2305 2794 2387 periculum

330 2405 480 2469 mali
519 2404 800 2470 omnium
830 2403 1106 2481 maximi,
1156 2404 1321 2485 quod
1367 2404 1540 2467 nulia
1585 2403 1888 2468 utilitatis
1933 2404 2266 2469 cuiuslibet
2310 2406 2796 2473 consideratione

331 2508 713 2592 compensari
758 2505 957 2590 possit
1001 2505 1146 2589 (hac
1193 2506 1464 2571 oratoria
1512 2505 1760 2590 periodo
1808 2506 2010 2571 voluit
2055 2506 2281 2572 dicere:
2313 2508 2573 2590 quisque
2619 2508 2800 2572 debet

330 2632 542 2675 cavere
550 2609 913 2691 perieulum
918 2608 1230 2689 pecca-ndi
1251 2612 1315 2674 et
1337 2611 1433 2674 est
1454 2610 1655 2673 maior
1678 2609 2063 2694 argumenti:
2092 2609 2418 2676 audiamus
2440 2611 2792 2698 minorem):

332 2716 432 2780 sed
456 2715 569 2797 qui
591 2714 731 2799 agit
753 2733 895 2777 cum
918 2713 1105 2778 dubio
1129 2713 1421 2795 practico,
1447 2712 1709 2777 incurrit
1724 2712 1882 2776 illud
1897 2712 2269 2795 periculum
2296 2715 2795 2798 quandoquidem

331 2818 509 2882 timet
541 2817 641 2901 (Σ),
673 2836 751 2881 ne
780 2817 1102 2899 peccatum
1132 2814 1392 2879 formale
1423 2815 1507 2879 sit
1554 2814 1737 2892 actio,
1788 2834 1977 2898 quam
2022 2815 2228 2899 ponit:
2275 2816 2432 2880 illud
2481 2821 2792 2900 operatur,

332 2920 492 3002 quod
517 2918 976 2984 rationabiliter
998 2917 1351 3001 suspicatur
1375 2936 1505 2981 esse
1530 2917 1825 2983 offensam
1849 2917 1966 2983 Dei
1992 2942 2053 2980 ».
2089 2916 2155 2982 Si
2185 2922 2509 3000 peccatum
2532 2920 2793 2985 formale

331 3029 421 3088 est
467 3023 655 3100 actio,
705 3041 863 3104 quae
909 3022 1169 3086 scienter
1215 3024 1279 3086 et
1324 3021 1512 3086 libere
1558 3021 1864 3104 proficisci
1903 3022 2084 3086 debet
2130 3041 2167 3086 a
2197 3024 2412 3088 nostra
2444 3024 2790 3102 voluntate,

330 3126 475 3208 quid
506 3125 626 3191 sibi
658 3124 880 3190 volunt
907 3124 1066 3189 ista:
1104 3123 1293 3197 timet,
1325 3143 1404 3187 ne
1434 3123 1597 3187 actio
1627 3124 1715 3186 sit
1747 3122 2011 3201 formale
2029 3123 2407 3201 peccatum?

416 3225 568 3299 188.
604 3228 1029 3293 Veruntamen
1066 3226 1417 3291 existimare
1464 3244 1586 3289 non
1616 3225 1784 3301 licet,
1818 3225 2118 3288 Doctores
2151 3242 2338 3306 prope
2372 3243 2580 3288 omnes
2620 3225 2796 3291 abso-

328 3352 475 3397 num
521 3332 671 3415 quid
719 3330 1051 3414 protulisse
1097 3330 1212 3414 (a).
1245 3327 1677 3408 Quaerendum
1722 3328 1819 3391 est
1846 3325 2063 3410 igitur,
2099 3344 2221 3407 quo
2263 3344 2446 3391 sensu
2477 3327 2640 3391 ratio
2679 3327 2792 3392 illa.

328 3436 409 3500 sit
439 3435 676 3501 efficax.
2657 3451 2675 3456 ”

412 3538 494 3603 Et
523 3538 626 3603 hic
657 3555 874 3603 sensus
904 3536 1106 3619 reipsa
1136 3534 1421 3611 habetur,
1455 3532 1602 3596 licet
1631 3550 1753 3595 non
1784 3531 1969 3614 pauci
1999 3550 2030 3595 e
2061 3530 2524 3611 recentioribuS,
2563 3533 2796 3615 quibus¹

326 3641 781 3707 accensebimus
812 3637 1016 3717 Croix,
1047 3656 1173 3703 non
1204 3637 1533 3702 videantur
1576 3634 1759 3699 illum
1807 3635 2075 3700 assecuti
2107 3638 2295 3717 atque
2328 3635 2478 3701 adeo
2511 3637 2574 3701 in
2607 3657 2793 3722 expo-

327 3743 520 3809 nenda
550 3744 664 3808 illa
695 3742 939 3808 ratione
968 3761 1099 3807 rem
1130 3740 1339 3824 potius
1372 3738 1619 3804 absonis
1650 3737 2045 3820 conceptibus
2077 3738 2551 3821 implicaverint,
2600 3757 2793 3822 quam

326 3846 785 3929 explicaverint.
2681 3842 2690 3854 '

410 3954 667 4036 Explica
713 3971 863 4037 ergo
911 3951 1036 4017 ita:
1083 3951 1274 4016 Nefas
1319 3951 1433 4026 est,
1484 3967 1547 4013 se
1601 3966 1896 4030 exponere
1952 3946 2225 4029 periculo
2272 3946 2547 4011 violandi
2598 3947 2790 4013 etiam

324 4056 736 4121 materialiter
764 4055 988 4140 legem,
1021 4052 1267 4136 quando
1299 4051 1439 4133 quis
1472 4051 1552 4116 ad
1582 4051 1697 4114 hoc
1728 4049 2074 4132 periculum
2105 4048 2446 4113 cavendum
2478 4050 2794 4116 teneatun

403 4298 469 4351 (ι)
496 4295 619 4339 Dixi
646 4296 866 4339 Doctores
884 4304 1032 4347 prope
1057 4303 1227 4336 omnes.
1250 4291 1381 4334 Nam
1408 4289 1596 4334 Suarez
1623 4288 1679 4330 in
1708 4288 1748 4330 1.
1777 4287 1820 4328 2.
1851 4288 1917 4329 tr.
1937 4286 1979 4328 3.
2001 4286 2130 4339 disp.
2153 4286 2220 4330 12.
2240 4288 2361 4329 sect.
2390 4286 2433 4331 8.
2463 4299 2515 4331 n.
2543 4269 2788 4342 2.'inquit

321 4363 383 4407 do
400 4363 516 4407 hoc:
544 4380 564 4400 e
584 4361 741 4404 Ratio
767 4361 975 4403 omnium
1001 4362 1149 4412 cutm,
1168 4358 1303 4412 quod
1331 4361 1535 4401 tenetur
1564 4356 1713 4398 homo
1733 4354 1787 4397 in
1811 4353 1915 4396 suis
1943 4352 2318 4407 operationibus
2336 4357 2514 4400 cavere
2533 4355 2788 4409 quantiam

323 4433 501 4484 potest,
531 4427 817 4483 periculum
844 4425 1081 4480 peccandi
1102 4429 1152 4469 et
1172 4425 1265 4469 hoc
1284 4435 1433 4468 sensu
1460 4423 1641 4466 dicunt
1673 4433 1823 4475 saepe
1850 4421 2038 4473 iuram,
2056 4421 2110 4463 in
2129 4421 2296 4464 dubiis
2325 4422 2566 4466 tutiorem
2587 4424 2787 4477 partem

320 4509 425 4540 ewa
443 4495 788 4551 eligendam...
802 4493 937 4548 Ergo
949 4496 1009 4536 nt
1024 4492 1173 4536 homo
1190 4495 1327 4536 recte
1353 4489 1614 4535 moraliter
1628 4491 1881 4543 operetur,
1902 4491 2098 4541 oportet
2119 4487 2387 4532 excludere
2407 4500 2554 4532 omne
2572 4485 2786 4535 dubium

318 4567 371 4608 et
396 4563 687 4619 periculum
715 4559 970 4615 malitiam
998 4559 1095 4603 hoc
1113 4563 1286 4603 autem
1313 4570 1413 4602 non
1445 4557 1506 4601 fit
1532 4556 1639 4600 eine
1668 4555 1857 4599 iudicio
1884 4558 2022 4599 certo
2047 4555 2228 4600 saltem
2249 4556 2532 4618 practico..
2789 4579 2802 4614 J

482 4663 775 4713 Bamnnn,
805 4658 975 4703 Horal.
1005 4659 1156 4702 Tomo
1182 4658 1223 4702 Ι.
2571 4655 2620 4696 11
