3529 5158
1157 335 1241 373 οε
1276 334 1487 373 mm
1522 334 1569 373 s.
1594 334 1896 374 Ant-nossa
1935 334 2064 375 mc.
2733 322 2840 376 ῖῡδ

474 434 729 497 Certnm
778 440 911 495 tota
960 431 1415 495 dizzemtiouis
1460 432 1812 495 substantia
1876 451 1948 495 ae
1999 448 2136 496 tota
2187 435 2539 498 istiusmodi
2587 436 2840 498 tutiori-

376 540 617 601 starum
663 536 1011 599 confutatio
1057 534 1307 597 demum
1356 534 1581 597 residet
1626 536 1689 597 in
1736 534 2108 599 defendendo
2165 550 2354 618 atque
2399 537 2674 620 urgendo
2729 537 2838 600 illo

376 639 697 723 principio.
743 637 909 719 quod
954 638 1277 719 supposita
1326 638 1613 719 opinione
1666 636 1862 700 solide
1907 639 2212 720 probabili
2257 659 2368 721 pro
2413 640 2724 705 litei-tate.
2766 660 2838 702 eo

380 745 513 825 ipso
559 741 745 804 dubia
794 740 865 803 fit
912 740 1067 823 legis
1116 740 1511 803 exsistentia:
1546 740 1647 803 lex
1692 752 1904 803 autem
1949 741 2158 805 dubia.
2199 752 2418 824 utpote
2465 743 2842 806 sufficienter

378 863 499 907 non
546 842 967 926 promulgata.
1001 842 1447 926 obligatiemem
1494 842 1778 905 inducere
1824 863 1945 907 non
1992 848 2216 926 potest.

472 946 621 1007 104.
646 944 863 1024 Quoad
888 944 1356 1007 dissertationes
1389 954 1600 1007 autem
1630 944 1705 1008 de
1730 945 1956 1009 Mor-ali
1991 958 2346 1029 &stemate
2373 968 2530 1030 quas
2555 949 2617 1011 in
2643 952 2842 1032 poste—

379 1050 643 1113 rioribus
690 1048 1065 1112 editionibus
1119 1047 1497 1129 Theoi-ogiae
1542 1047 1804 1111 Moralis
1851 1048 2138 1132 legimus.
2172 1051 2233 1112 in
2283 1052 2544 1132 septima
2587 1051 2840 1117 seiliu‘t.

381 1154 601 1215 octava
631 1158 695 1214 et
726 1169 910 1217 nona.
943 1169 1103 1231 quae
1134 1150 1379 1213 biennio
1414 1158 1557 1212 ante
1590 1170 1637 1211 s.
1672 1150 1961 1213 Doctoris
1995 1152 2238 1214 obitum
2270 1153 2564 1235 impressa
2598 1162 2714 1217 est.
2743 1154 2842 1216 vix

378 1254 615 1336 ahquid
647 1254 933 1319 occurrit.
966 1272 1127 1335 quae
1157 1252 1485 1334 specialem
1518 1253 2114 1317 animadversionem
2143 1255 2372 1337 exigat.
2409 1256 2844 1319 perseverante

379 1357 563 1431 beno,
588 1356 753 1439 quod
784 1357 1153 1419 acerrimum
1192 1356 1485 1418 adversus
1510 1374 1561 1418 s.
1588 1356 1924 1419 Doctorem
1957 1356 2250 1439 gerebant
2276 1356 2552 1419 moderni
2585 1357 2676 1420 1111
2711 1376 2846 1439 pro-

380 1460 822 1525 babilioristae.
854 1458 929 1522 de
961 1459 1187 1540 quibus
1220 1479 1279 1521 n.
1314 1477 1514 1541 praee.
1548 1468 1611 1522 et
1650 1459 1970 1541 speciatim
2002 1462 2216 1521 eontra
2266 1461 2586 1541 principia.
2619 1460 2844 1540 quibus

382 1584 435 1627 s.
474 1564 704 1626 Doetor
748 1562 1079 1627 asserebat.
1129 1562 1322 1624 etiam
1370 1562 1689 1643 supposita
1740 1560 2180 1642 probabilitate
2227 1562 2530 1643 opinionis
2581 1562 2844 1625 faventis

384 1664 514 1748 legi
544 1664 778 1728 licitum
810 1683 941 1727 esse
974 1663 1147 1744 sequi
1180 1663 1529 1745 opinionem
1560 1682 1673 1745 pro
1705 1662 1996 1725 libertate
2030 1662 2445 1745 probabilem:
2479 1665 2608 1745 ipse
2641 1684 2690 1726 s.
2717 1664 2846 1726 Do-

382 1772 540 1843 ctor‚
574 1766 717 1829 data
750 1785 955 1849 opera.
988 1765 1247 1829 editioni
1280 1766 1600 1847 septimae.
1627 1785 1786 1847 quae
1817 1765 2080 1828 Bassani
2113 1764 2276 1827 edita
2303 1778 2396 1829 est
2433 1786 2591 1829 anno
2631 1767 2843 1833 1773..

382 1870 636 1935 eandem
682 1870 1178 1934 diffiertationem
1227 1869 1529 1937 adiunxit,
1568 1888 1728 1950 quae
1775 1869 1902 1932 iam
1948 1867 2152 1932 fuerat
2201 1870 2430 1933 inserta
2483 1878 2688 1933 sextae
2725 1869 2846 1933 edi-

381 1974 540 2038 tioni
563 1971 728 2053 (vide
752 1992 887 2055 sup.
920 1993 979 2035 n.
1011 1973 1211 2053 1014),
1237 1973 1463 2054 quippe
1494 1991 1655 2053 qnae
1685 1972 1868 2034 hosee
1901 1971 2285 2034 adversarios
2317 1971 2544 2035 directe
2575 1972 2842 2053 impetit.

384 2076 693 2140 Monitum
725 2074 1035 2157 quoddam
1068 2082 1298 2139 tamen.
1328 2074 1433 2136 wi
1462 2074 1599 2137 loeo
1634 2074 1812 2137 valde
1843 2073 2083 2140 dissito.
2111 2073 2354 2139 adiecit.
2381 2076 2558 2137 euius
2591 2093 2846 2157 scopum

379 2179 471 2242 sie
508 2179 635 2260 ipse
681 2177 1005 2260 exprimit:
1038 2203 1075 2234 ‹
1110 2177 1446 2240 mirabitur
1482 2178 1642 2259 quis,
1676 2197 1776 2240 me
1807 2176 2120 2240 studuisse
2162 2182 2259 2240 tot
2294 2177 2700 2241 auctoritates
2749 2177 2846 2239 hie

378 2300 702 2365 congerere
749 2279 826 2343 ad
872 2280 1031 2343 hanc
1079 2278 1425 2343 doctrinam
1472 2279 1874 2362 probandam
1916 2300 2075 2362 quae
2115 2300 2150 2342 3
2189 2281 2430 2343 nemine
2477 2280 2538 2342 in
2587 2279 2846 2342 dubium

384 2386 738 2448 revocatur:
772 2383 877 2447 sed
908 2403 1007 2446 me
1040 2382 1103 2446 id
1134 2383 1348 2446 fecisse
1380 2384 1555 2448 sciat.
1595 2382 1739 2465 quia
1776 2383 1855 2445 ab
1887 2403 1956 2446 ea
1991 2385 2332 2446 sententiae
2363 2402 2536 2445 meae
2582 2382 2846 2445 firmitas

381 2486 621 2570 pendet,
656 2506 871 2570 nempe
902 2485 1067 2567 quod
1100 2486 1196 2549 lex
1226 2484 1413 2548 dubia
1448 2505 1568 2549 non
1603 2485 1842 2570 obligat
1848 2536 1954 2548 .....
1989 2485 2068 2549 Et
2101 2486 2216 2549 1100
2249 2488 2549 2568 punctum
2586 2484 2848 2548 firmiter

381 2593 479 2654 est
510 2590 608 2653 hic
652 2588 1053 2654 statuendum
1088 2587 1347 2670 ideoque
1384 2589 1447 2652 in
1481 2608 1552 2653 eo
1586 2588 2008 2672 perpendendo
2041 2589 2278 2653 diutim
2313 2610 2432 2653 non
2471 2589 2701 2653 frustra
2737 2589 2848 2652 im-

382 2693 699 2760 morabor:
732 2712 873 2756 cum
908 2692 1086 2774 plura
1122 2711 1277 2774 opus
1324 2691 1408 2754 sit
1455 2691 1553 2755 1110
1584 2695 1878 2775 repetere.
1919 2712 2076 2774 quae
2109 2693 2235 2756 iam
2273 2694 2488 2776 scripsi
2528 2694 2592 2757 in
2624 2692 2848 2757 disser-

384 2795 623 2859 tatione
668 2795 869 2878 posita
905 2795 1085 2858 initio
1124 2794 1287 2857 libri.
1322 2794 1503 2857 Enim
1537 2814 1679 2859 vero
1712 2815 1786 2859 ex
1815 2795 2174 2860 huiusmodi
2219 2796 2622 2860 fundamento
2661 2796 2849 2860 firmi-

386 2899 585 2961 tatem
610 2896 817 2960 haurit
843 2899 1055 2960 nostra
1080 2896 1406 2972 sententia,
1441 2917 1658 2981 nempe
1690 2917 1814 2962 11011
1847 2918 2026 2981 posse
2059 2899 2257 2982 legem
2292 2900 2588 2961 inc-ettam
2613 2903 2845 2961 00113111

388 2999 831 3084 obligationem
876 2998 1190 3081 imponere
1224 3027 1284 3061 ».

477 3101 559 3164 Et
601 3102 715 3166 hoe
746 3100 994 3183 quidem
1026 3100 1339 3165 Monitum
1372 3121 1420 3163 3.
1459 3103 1691 3164 Dos-tor
1728 3103 1792 3163 in
1826 3102 2092 3165 editione
2131 3115 2350 3165 octava
2385 3102 2528 3164 anni
2568 3102 2756 3164 1:79.
2784 3105 2846 3164 et

388 3220 553 3267 nona
588 3202 794 3281 1785„
827 3222 986 3285 quae
1037 3202 1334 3284 alioquin,
1370 3202 1575 3283 quoad
1622 3201 1859 3266 morale
1906 3205 2198 3286 systema.
2240 3211 2334 3266 est
2371 3223 2540 3267 mera
2590 3205 2846 3266 octavae

387 3304 791 3386 reimprffisio.
810 3324 931 3369 non
958 3306 1306 3371 seiunctim.
1336 3304 1439 3368 sed
1464 3324 1576 3368 ceu
1598 3305 1865 3388 primam
1893 3309 2133 3388 partem
2157 3306 2366 3387 posuit
2393 3304 2845 3368 dissertationis

384 3407 463 3471 de
494 3407 739 3471 Morali
764 3412 1113 3492 systemate.
1150 3410 1342 3473 Porro
1375 3428 1517 3472 eum
1553 3409 1615 3471 in
1651 3409 1767 3472 hoe
1804 3409 2042 3472 monito
2081 3409 2281 3491 plura.
2315 3417 2386 3472 111
2425 3428 2612 3492 supra
2643 3408 2845 3489 inquit

386 3531 439 3575 s.
474 3511 721 3588 Doctor‚
748 3512 1126 3596 repetantur,
1154 3530 1312 3593 quae
1344 3512 1471 3575 iam
1497 3512 1558 3575 in
1583 3511 2019 3575 dissertatione
2049 3512 2252 3594 posita
2285 3512 2466 3575 initio
2492 3511 2634 3575 libri
2667 3511 2849 3575 habe·

386 3614 615 3677 bantur
643 3614 905 3695 (seilieet
936 3615 999 3678 in
1031 3614 1467 3678 dissertatione
1500 3615 1729 3679 inserta
1762 3621 1971 3677 sextae
2009 3613 2314 3696 editioni),
2351 3615 2602 3698 proinde
2649 3616 2846 3697 prima

389 3717 539 3779 haee
583 3736 723 3799 pars
770 3717 978 3799 potius
1026 3716 1263 3800 prolixa
1296 3716 1600 3799 quaedam
1647 3717 1930 3801 synopsis
1963 3735 2070 3779 seu
2120 3716 2500 3780 abbreviatio
2549 3716 2848 3779 secundae

388 3818 583 3900 partis
628 3818 749 3882 dici
792 3820 1022 3902 posset.

478 3918 783 4003 Quidquid
829 3922 904 3986 de
939 3922 1057 3987 hoe
1088 3922 1191 3998 311.
1227 3923 1425 3987 1011113
1458 3922 1912 3987 dissertationis
1961 3922 2310 3985 substantia
2358 3921 2478 3984 11110
2527 3920 2741 3996 fertur,
2777 3927 2848 3985 ut

388 4023 587 4107 primo
618 4023 865 4106 quidem
896 4024 1255 4090 brevissime
1289 4025 1701 4108 suspicionem
1738 4026 2056 4089 removeat
2091 4025 2216 4088 laxi
2255 4023 2699 4107 probabilismi,
2727 4043 2848 4087 non

384 4145 557 4190 secus
605 4146 674 4190 30
717 4126 783 4191 111
831 4126 1265 4193 dissertatione
1313 4129 1457 4192 anni
1500 4128 1691 4191 1762.
1726 4127 1894 4209 (vide
1925 4147 2093 4210 supr.
2127 4148 2186 4190 11.
2230 4127 2384 4210 80.).
2426 4125 2660 4189 Deinde
2704 4145 2848 4191 vero

385 4229 465 4292 ut
506 4227 849 4292 rationibus
889 4232 951 4293 et
986 4231 1469 4294 auetoritatibus
1502 4230 1766 4306 evineat,
1800 4229 1965 4312 quod
1996 4228 2247 4310 quando
2283 4229 2490 4308 opinio
2525 4227 2659 4300 illa,
2692 4248 2850 4309 quae

378 4333 512 4395 stat
525 4350 648 4410 pro
681 4329 987 4408 libertate,
1027 4332 1283 4414 aequali
1304 4334 1595 4412 potiatur
1615 4330 2063 4412 probabilitate
2092 4352 2168 4395 ac
2199 4331 2497 4411 opposita,
2537 4350 2694 4411 quae
2724 4334 2855 4394 stat

368 4454 497 4514 pro
543 4432 693 4516 leye,
723 4454 913 4516 φατε
961 4436 1245 4498 immittit
1287 4435 1565 4510 dubium,
1596 4456 1681 4498 αη
1716 4436 1982 4499 exsistat
2027 4434 2148 4508 Iex,
2182 4455 2338 4517 quae
2375 4436 2680 4497 actionem
2705 4454 2853 4516 pro-

382 4535 595 4600 hibent
634 4557 708 4601 ac
724 4538 999 4618 proinde
1035 4538 1423 4620 sufficienter
1454 4537 1862 4620 promulgatu-
1895 4537 2146 4600 minime
2184 4537 2310 4600 diei
2333 4541 2546 4618 potest
2579 4536 2850 4619 ideoque,
