3529 5158
342 351 486 429 [177]
711 366 1057 409 eamn-uno
1096 368 1182 408 nn
1217 367 1578 409 nonnarum
1615 367 1742 410 cun
1780 367 2072 410 omnious
2109 369 2436 411 moenum
2700 359 2805 413 173

428 463 593 528 Item
640 482 689 527 3.
727 463 1029 528 Antonini
1065 467 1225 546 part.
1277 466 1337 528 2.
1377 464 1478 528 tit.
1528 466 1588 528 3.
1623 484 1757 547 cap.
1813 466 1912 529 10.
1966 466 2022 549 ἓ.
2069 468 2170 531 10.
2210 470 2274 532 et
2310 468 2374 531 in
2405 469 2548 533 fin.:
2590 496 2626 528 «
2664 470 2804 535 Non

340 568 503 631 enim
534 566 861 650 consurgit
890 566 1196 632 certitudo
1234 566 1491 632 moralis
1529 586 1600 632 ex
1647 567 1958 632 evidentia
1989 568 2554 647 demonstrationis
2590 572 2694 637 sed
2725 592 2804 636 ex

330 667 771 751 probabilibus
793 668 1179 746 coniecturis,
1206 670 1439 753 grossis
1472 671 1535 734 et
1555 669 1946 754 figuralibus,
1973 671 2175 755 magis
2208 672 2286 735 ad
2318 691 2507 737 unam
2539 677 2800 756 partem,

343 791 533 855 quam
565 770 644 835 ad
683 771 876 835 aliam
906 790 970 835 se
1000 771 1372 836 habentibus
1404 797 1466 836 ».

428 875 718 958 Itemque
762 876 836 940 B.
868 875 1095 960 Angeli
1140 875 1214 941 de
1260 873 1548 941 Clavasio
1596 874 1771 941 Sum.
1805 876 1980 959 Any.
2029 876 2106 941 V.
2165 874 2391 957 Opinio
2437 898 2626 962 prope
2662 880 2806 945 fin.:

350 1004 383 1035 «
408 977 808 1060 Disciplinati
845 980 942 1043 est
969 978 1033 1041 in
1066 997 1437 1060 unaquaque
1468 997 1533 1042 re
1570 977 2006 1043 certitudinem
2038 997 2331 1061 quaerere
2360 980 2540 1046 iuxta
2570 982 2811 1066 exigen-

342 1081 497 1146 tiam
528 1081 863 1158 materiae;
914 1100 1107 1163 aeque
1155 1082 1321 1146 enim
1368 1081 1667 1146 vitiosum
1697 1082 1812 1157 est,
1833 1079 2319 1160 persuadentem
2347 1101 2643 1163 quaerere
2679 1102 2811 1147 ma-

339 1183 747 1248 thematicam
779 1184 843 1247 et
872 1182 1173 1247 moralem
1202 1182 1750 1248 demonstrantem.
1783 1182 1842 1246 N
1845 1201 1924 1248 011
1956 1183 2120 1247 enim
2151 1184 2475 1269 consurgit
2498 1185 2807 1250 certitudo

339 1286 599 1352 moralis
635 1305 710 1351 ex
739 1285 1048 1351 evidentia
1094 1284 1662 1363 demonstrationiS,
1711 1284 1818 1350 sed
1849 1304 1921 1350 ex
1939 1284 2380 1365 probabilibus
2416 1287 2806 1364 coniecturiS,

339 1388 576 1473 grossis
607 1391 673 1453 et
701 1387 1139 1472 figurantibuS,
1179 1387 1383 1472 magis
1415 1387 1494 1452 ad
1532 1405 1723 1451 unam
1760 1388 2022 1469 partem,
2058 1406 2246 1469 quam
2279 1388 2360 1452 ad
2393 1389 2584 1454 aliam
2609 1409 2673 1455 se
2705 1390 2811 1454 ha-

347 1489 639 1554 bentibus
656 1514 720 1554 »-

429 1593 515 1657 Et
546 1592 833 1675 Vasquez
857 1592 921 1657 in
959 1594 1015 1657 1.
1044 1594 1105 1657 2.
1132 1592 1289 1675 disp.
1325 1592 1430 1656 62.
1464 1610 1598 1674 cap.
1635 1594 1696 1656 5.
1729 1612 1791 1655 n.
1820 1593 1962 1656 26.:
1997 1618 2032 1650 «
2062 1592 2197 1675 Ego
2221 1593 2473 1673 quidem
2505 1594 2810 1672 existimo,

344 1717 523 1783 posse
556 1698 831 1779 aliquem
861 1699 1025 1763 recte
1057 1697 1299 1780 operari
1329 1716 1471 1761 cum
1503 1715 1756 1761 assensu
1787 1698 2039 1761 tantum
2069 1697 2395 1778 probabili,
2428 1698 2677 1763 etiamsi
2706 1699 2813 1762 ha-

346 1802 490 1866 beat
518 1799 915 1865 formidinem
946 1800 1267 1882 oppositae
1292 1799 1553 1881 partis...
1581 1798 1725 1863 Dixi
1746 1818 1888 1862 cum
1907 1796 2244 1877 formidine
2273 1801 2587 1879 oppositae
2601 1801 2815 1880 partis

345 1922 467 1968 non
515 1905 732 1967 autem
778 1921 921 1966 cum
965 1901 1356 1966 dubitatione
1401 1902 1466 1966 et
1508 1900 1957 1975 haesitatione;
2007 1900 2157 1982 quia
2202 1900 2256 1965 si
2303 1902 2531 1983 aliquis
2586 1902 2811 1966 dubius

345 2007 507 2070 esset
536 2004 702 2069 circa
733 2003 987 2086 aliquod
1009 2024 1205 2089 genus
1238 2002 1635 2086 operationiS,
1669 2020 1795 2067 non
1826 2004 2035 2084 posset
2065 2003 2241 2068 salva
2264 2003 2639 2068 conscientia
2673 2023 2817 2086 ope-

344 2108 502 2188 rari;
538 2106 689 2189 quia
720 2124 843 2171 11011
876 2109 1086 2190 posset
1120 2106 1346 2170 habere
1390 2104 1692 2169 iudicium
1728 2103 2138 2169 conscientiae
2185 2105 2502 2189 singulare
2549 2125 2691 2170 cum
2723 2125 2816 2171 as-

350 2229 534 2275 sensu
558 2235 622 2273 ».

429 2312 534 2389 Et,
555 2314 629 2376 ut
645 2310 804 2376 alios
837 2311 1226 2388 omittamus,
1260 2310 1532 2375 Thomas
1557 2308 1828 2375 Sanchez
1855 2310 1926 2373 in
1948 2308 2169 2374 Decal.
2202 2310 2312 2375 lib.
2350 2311 2407 2375 1.
2441 2330 2494 2374 c.
2530 2312 2591 2375 9.
2618 2331 2678 2375 n.
2711 2313 2814 2375 18.

346 2433 628 2498 expresse
668 2412 913 2478 videtur
960 2432 1246 2489 asserere,
1295 2432 1427 2477 rem
1458 2411 1866 2477 definiendam
1896 2431 1968 2477 ex
2014 2412 2362 2477 rationibus
2393 2412 2659 2495 propriis
2689 2431 2819 2476 ma-

346 2517 540 2583 teriae
586 2515 921 2594 subiectae,
968 2517 1120 2581 utut
1164 2514 1293 2579 sint
1336 2516 1587 2581 tantum
1632 2515 2009 2598 probabiles:
2066 2540 2100 2573 «
2139 2514 2405 2595 Quidam
2456 2515 2819 2581 existimant

349 2619 650 2684 iudicium
692 2619 975 2699 practice
1034 2621 1271 2682 certum
1331 2637 1403 2682 ac
1464 2636 1707 2683 omnem
1769 2618 2116 2684 contrariae
2168 2618 2364 2700 partis
2426 2617 2818 2683 formidinem

351 2722 676 2787 excludens
722 2721 1016 2804 requiri...
1066 2720 1227 2800 Quia
1271 2719 1517 2803 quando
1565 2721 1771 2786 solum
1816 2721 2085 2804 practice
2130 2720 2540 2803 probabiliter
2581 2719 2817 2803 aliquid

352 2844 479 2889 esse
511 2824 760 2890 licitum
791 2823 1045 2902 iudicat,
1083 2823 1321 2888 iudicat
1364 2823 1557 2889 etiam
1586 2823 1990 2906 probabiliter
2022 2842 2153 2888 esse
2199 2823 2530 2889 illicitum:
2559 2826 2627 2889 at
2663 2822 2820 2888 iudi-

352 2946 494 2991 cans
517 2925 944 3010 probabiliter,
978 2925 1213 3008 aliquid
1236 2924 1529 2991 illicitum
1553 2945 1684 2992 esse
1714 2928 1780 2992 et
1807 2926 1873 2991 id
1903 2926 2153 3000 faciens,
2193 2929 2426 3009 peccat,
2463 2929 2685 3008 utpote
2709 2925 2817 3006 qui

353 3047 414 3095 se
450 3028 719 3093 alicuius
749 3027 955 3094 illiciti
990 3027 1381 3112 perpetrandi
1418 3029 1690 3112 periculo
1729 3029 2044 3111 exponit...
2078 3028 2167 3092 At
2201 3028 2404 3091 multo
2446 3028 2652 3091 verius
2701 3029 2815 3103 est,

352 3130 412 3195 id
443 3130 747 3195 iudicium
792 3129 1059 3214 practice
1105 3132 1344 3195 certum
1388 3149 1512 3195 non
1558 3129 1810 3212 requiri,
1850 3129 1956 3193 sed
1988 3129 2141 3193 satis
2181 3146 2310 3192 esse
2342 3126 2644 3191 iudicium
2675 3146 2820 3207 pro-

356 3233 556 3297 babile
602 3251 747 3297 cum
792 3232 989 3316 partis
1037 3231 1357 3316 oppositae
1402 3232 1746 3296 formidine.
1797 3229 2034 3312 Quippe
2080 3227 2346 3292 formido
2385 3227 2571 3291 unius
2619 3227 2818 3308 partis

355 3355 472 3401 non
507 3335 781 3401 excludit
815 3354 1134 3402 assensum
1166 3335 1650 3401 determinatum
1680 3333 1843 3398 circa
1874 3332 2066 3396 aliam
2090 3353 2153 3395 ».
2256 3348 2262 3354 ·

442 3439 545 3503 Ita
577 3436 878 3502 Sanchez:
905 3456 1063 3520 quae
1086 3457 1233 3503 sane
1264 3457 1485 3521 parum
1516 3435 1829 3520 castigata
1853 3434 2047 3500 videri
2078 3435 2406 3518 poterunt3
2433 3433 2539 3500 sed
2561 3431 2818 3499 inferius

360 3541 617 3625 patebit,
657 3560 801 3606 eum
832 3541 910 3604 ab
942 3540 1083 3605 aliis
1119 3541 1322 3624 reipsa
1352 3558 1477 3606 non
1507 3537 1819 3604 dissidere.

447 3639 598 3713 177.
626 3643 717 3707 Ex
740 3643 837 3707 his
862 3643 1072 3725 itaque
1105 3642 1366 3725 aliisque
1390 3640 1694 3708 eiusmodi
1724 3639 1965 3706 dicendi
1996 3640 2281 3706 formulis
2314 3640 2553 3706 occasio
2578 3640 2821 3705 exstitit

360 3747 506 3811 viris
528 3747 671 3810 istis
687 3745 1226 3828 probabilioristiS,
1244 3748 1321 3810 ut
1341 3744 1406 3810 in
1431 3745 1589 3809 falsa
1606 3763 1678 3809 ea
1693 3744 1975 3809 doctrina
2000 3743 2494 3820 obfirmarentur,
2520 3743 2822 3808 iudicium

359 3849 675 3926 ultimum,
717 3866 840 3930 quo
873 3848 1162 3914 certiores
1192 3847 1507 3913 reddimur
1542 3846 1615 3911 de
1650 3846 1979 3912 honestate
2016 3849 2372 3912 nostrorum
2410 3847 2667 3909 actuum
2697 3863 2821 3908 non

359 3951 533 4017 aliud
563 3969 715 4030 esse,
748 3969 940 4032 quam
963 3949 1129 4033 quod
1144 3950 1380 4034 petitur
1412 3970 1483 4015 ex
1515 3949 1864 4015 rationibus
1895 3948 2191 4029 cuiusque
2215 3945 2499 4028 specialis
2523 3945 2824 4010 materiae

361 4072 647 4137 proprus

445 4157 533 4220 At
570 4154 737 4220 enim
784 4154 952 4218 haud
997 4157 1133 4219 erat
1177 4153 1426 4219 difficile
1472 4154 1809 4229 advertere,
1858 4153 2178 4226 DoctoreS,
2226 4149 2376 4214 dum
2426 4148 2827 4214 affirmabant

361 4258 641 4323 sufficere
682 4256 1032 4340 opinionem
1057 4256 1440 4341 probabilem
1462 4257 1536 4322 de
1554 4260 1731 4321 actus
1754 4256 2100 4330 honestate,
2135 4253 2336 4335 reipsa
2365 4251 2616 4316 innixos
2640 4252 2830 4317 fuisse

359 4360 551 4426 alicui
582 4358 887 4444 principio
919 4359 1222 4443 superiori
1248 4361 1310 4423 et
1334 4361 1499 4424 certo
1526 4361 1588 4424 et
1613 4358 1883 4423 admisso
1916 4357 1993 4421 ab
2027 4355 2346 4420 omnibus:
2379 4353 2547 4436 quod
2581 4353 2830 4435 quidem

357 4466 453 4530 illi
489 4464 589 4529 vel
622 4481 905 4547 expresse
933 4462 1306 4540 indicarunt,
1346 4463 1444 4527 vel
1480 4466 1643 4528 certe
1666 4461 2020 4545 colligimus
2050 4479 2125 4524 ex
2154 4478 2389 4535 eorum,
2425 4458 2576 4522 dum
2609 4457 2684 4521 de
2715 4458 2831 4521 hoc

358 4568 733 4652 argumento
759 4564 1102 4648 disputant,
1128 4566 1440 4630 contextu.
1458 4565 1540 4629 Et
1556 4566 1706 4628 haec
1736 4565 1833 4627 est
1854 4561 2016 4625 ratio
2035 4559 2401 4627 conciliandi
2417 4558 2825 4624 necessariam

358 4669 801 4736 certitudinem
835 4667 1177 4734 honestatis
1209 4669 1272 4732 et
1303 4687 1487 4731 usum
1524 4666 1830 4749 opinionis
1868 4665 2224 4746 probabilis,
