3529 5158
2385 285 2417 323 δ

741 362 852 418 270
1291 374 1502 417 TnAc‘r.
1544 375 1634 415 111.
1671 374 1757 414 nn
1794 373 2072 415 nmmos.
2112 372 2312 415 carm·
2347 372 2387 413 1.
2427 372 2568 414 nun.
2608 373 2647 412 1.
3057 355 3204 434 [237[

747 473 1078 537 honestum
1124 490 1197 535 ac
1240 489 1592 557 repugnans
1630 472 1743 535 aut
1787 471 1991 535 rectae
2022 469 2252 535 rationi
2286 470 2400 533 aut
2429 469 2673 533 divinae
2704 468 3012 552 positivae
3056 469 3200 555 legi,

742 574 985 639 nullam
1030 574 1327 638 haberent
1373 574 1501 637 vim
1550 573 1866 657 obligandi
1911 590 2020 636 nec
2065 574 2269 636 essent
2299 571 2654 636 servandae.
2688 570 2898 644 Ratio,
2939 571 3087 652 quia
3123 572 3204 636 le-

741 675 1147 760 gislatoribus
1177 675 1466 740 humanis
1497 677 1665 741 Deus
1697 694 1822 740 non
1853 674 2022 740 dedit
2043 674 2419 758 potestatem
2435 673 2845 757 praecipiendi
2874 674 3201 740 inhonesta

746 778 851 842 sed
882 779 1143 844 honesta
1175 780 1239 843 et
1271 778 1646 843 ordinationi
1671 778 1747 842 ad
1772 778 1956 842 finem
1989 777 2285 841 ultimum
2308 795 2427 841 non
2455 776 2887 861 repugnantia,
2912 777 3042 841 imo
3065 797 3202 842 con-

739 879 1025 945 ducentia
1059 881 1172 965 (a).

920 984 988 1046 20
1035 983 1160 1048 Lex
1192 983 1276 1048 sit
1307 983 1511 1060 inem
1557 1001 1775 1066 nempe
1821 1001 1893 1047 ex
1936 1000 2155 1047 norma
2188 981 2468 1047 iustitiae
2499 979 2936 1045 distributivae
2966 980 3201 1045 feratur

741 1084 804 1147 et
836 1085 1100 1149 subditis
1132 1086 1490 1168 imponatur
1543 1104 1685 1149 cum
1724 1085 2104 1167 aequalitate
2149 1082 2566 1168 proportionis
2611 1082 2949 1147 secundum
2987 1100 3200 1148 eorum

739 1185 901 1251 vires
933 1188 996 1251 et
1025 1187 1390 1252 facultates:
1427 1188 1583 1251 alias
1615 1207 1736 1252 non
1786 1187 2029 1272 obligat
2055 1187 2120 1249 in
2151 1185 2543 1250 conscientia.
2583 1184 2761 1250 Unde
2802 1202 2928 1250 non
2961 1186 3200 1270 obligat

735 1291 853 1369 lex,
894 1311 1016 1374 qua
1075 1293 1355 1376 princeps
1401 1293 1686 1375 imponat
1731 1293 2041 1356 tributum
2090 1291 2167 1355 ab
2216 1291 2500 1356 omnibus
2547 1291 2680 1354 tam
2726 1290 2961 1355 maiora
3007 1308 3197 1371 quam

736 1395 978 1459 minora
1010 1395 1172 1460 bona
1195 1395 1585 1472 habentibuS,
1614 1395 1957 1477 aequaliter
1981 1393 2383 1477 pendendum.
2412 1393 2573 1459 Item
2595 1411 2706 1458 nec
2728 1392 2843 1469 lex,
2869 1410 2992 1474 qua
3016 1410 3075 1455 v.
3101 1411 3195 1477 gr.

739 1496 1058 1562 taxaretur
1087 1498 1179 1561 ita
1212 1498 1482 1580 pretium
1519 1497 1835 1575 frumenti,
1870 1497 1943 1561 ut
1990 1516 2113 1560 una
2160 1515 2303 1579 pars
2336 1496 2729 1560 subditorum
2768 1513 2876 1559 seu
2923 1495 3194 1560 civitatis

736 1599 957 1664 debeat
993 1618 1131 1664 eam
1163 1618 1425 1676 servare,
1463 1599 1658 1664 altera
1706 1619 1850 1676 non,
1899 1599 2019 1664 nisi
2055 1599 2381 1663 rationalis
2418 1617 2606 1663 causa
2653 1598 2739 1662 sit
2768 1598 2955 1662 huius
2984 1597 3195 1663 discri-

734 1702 919 1766 minis
951 1702 1234 1786 ponendi.
1269 1702 1411 1766 Huc
1442 1687 1661 1768 revoca
1692 1703 1749 1767 si
1780 1703 1881 1766 tot
1910 1702 2292 1784 exceptiones
2325 1701 2547 1765 dentur
2578 1701 2644 1765 et
2665 1701 3094 1783 exemptioneS,
3121 1702 3195 1763 ut

733 1805 842 1868 alii
879 1804 1112 1868 subditi
1141 1807 1499 1889 graventur.

912 1903 982 1969 3⁰
1013 1904 1110 1970 Sit
1156 1904 1480 1969 observatu
1513 1905 1844 1986 possibilis
1889 1924 2083 1988 neque
2130 1905 2334 1971 solum
2379 1906 2629 1990 physice
2689 1904 2794 1970 sed
2832 1905 3023 1969 etiam
3068 1924 3194 1969 mo·

731 2009 979 2083 taliter,
1017 2006 1294 2090 adeoque
1317 2009 1498 2074 debet
1534 2027 1665 2074 esse
1696 2010 2061 2074 conveniens
2092 2012 2157 2074 et
2194 2009 2659 2074 accommodata
2682 2010 2945 2073 naturae
2975 2010 3041 2072 et
3068 2026 3193 2072 mo-

730 2111 902 2175 ribus
966 2110 1290 2175 hominum
1338 2113 1401 2175 et
1447 2112 1879 2177 consuetudini
1935 2112 2193 2195 patriae,
2251 2109 2547 2193 qualitati
2592 2112 2713 2177 loci
2759 2113 2823 2176 et
2875 2112 3189 2194 temporis.

731 2212 903 2277 Talis
935 2232 1058 2277 non
1107 2216 1268 2278 esset
1299 2215 1415 2293 lex,
1456 2233 1615 2296 quae
1653 2234 1711 2278 v.
1745 2234 1839 2299 gr,
1888 2214 2192 2278 ieiunium
2239 2213 2773 2299 quadragesimale
2819 2215 3194 2298 praeciperet

729 2316 791 2379 in
840 2317 976 2382 solo
1025 2337 1181 2401 pane
1229 2320 1292 2382 et
1338 2336 1522 2401 aqua,
1556 2318 1654 2383 vel
1699 2337 1860 2400 quae
1906 2317 2144 2382 civibus
2193 2318 2399 2382 omnia
2452 2318 2736 2383 convivia
2780 2318 3188 2393 interdiceret,

728 2420 828 2483 vel
858 2440 1016 2502 quae
1064 2419 1419 2486 hominibus
1451 2421 1796 2505 imponeret
1841 2420 2528 2505 servanda-evangelica
2560 2420 2891 2497 castitatis,
2928 2438 3190 2503 pauper-

727 2522 884 2587 tatis
917 2526 980 2587 et
1016 2523 1398 2588 obedientiae
1443 2523 1734 2600 consilia3
1776 2541 1921 2587 nam
1968 2523 2032 2587 et
2062 2523 2229 2587 Deus
2259 2521 2429 2596 haec,
2481 2522 2559 2587 ob
2588 2522 2887 2587 maiorem
2932 2522 3190 2587 difficul-

727 2626 949 2702 tatem,
991 2625 1248 2707 reliquit
1278 2626 1394 2690 sub
1440 2626 1697 2690 consilio
1726 2625 1957 2689 liberae
1988 2626 2285 2707 cuiusque
2315 2625 2651 2690 electionis.

907 2729 978 2790 4⁰
1002 2726 1099 2791 Sit
1135 2730 1488 2791 necessaria
1527 2732 1589 2791 et
1621 2728 1821 2792 utilis.
1854 2726 2019 2791 Nam
2044 2746 2217 2792 secus
2252 2728 2480 2809 absque
2503 2727 2861 2793 rationabili
2892 2746 3081 2793 causa
3110 2728 3190 2792 le·

725 2828 992 2912 gislator
1030 2830 1433 2914 restringeret
1468 2830 1827 2894 libertatem
1859 2831 1923 2894 et
1955 2830 2283 2895 arbitrium
2312 2830 2741 2908 subditorum,
2776 2829 2853 2894 ad
2885 2830 3051 2912 quod
3083 2851 3188 2895 nec

728 2948 764 2992 a
806 2931 1257 2996 communitate
1289 2951 1398 2996 nec
1423 2950 1459 2996 a
1484 2933 1616 2997 Deo
1653 2933 1845 2997 habet
1864 2933 2215 3018 legitimam
2245 2923 2639 3015 potestatem.
2681 2931 2999 3012 Quocirca,
3026 2932 3186 2997 sicut

724 3033 960 3098 subditi
1008 3053 1131 3098 non
1179 3037 1454 3117 peccant,
1503 3035 1557 3099 si
1606 3036 1837 3117 absque
1899 3035 2189 3100 scandalo
2238 3036 2351 3098 aut
2396 3035 2519 3100 alio
2566 3033 3017 3100 inconvenienti
3063 3056 3185 3101 non

723 3138 976 3200 servant
1022 3136 1224 3221 legem
1271 3136 1588 3213 iniustam,
1623 3138 1715 3202 ita
1747 3156 1943 3220 neque
1990 3138 2263 3220 peccant,
2298 3138 2351 3201 si
2383 3138 2613 3220 pariter
2657 3156 2780 3203 non
2826 3135 3079 3202 servant
3107 3139 3186 3203 le

723 3258 866 3323 gem
915 3238 1357 3303 communitati
1386 3239 1712 3304 manifeste
1742 3239 2050 3318 inutilem,
2085 3242 2158 3304 ut
2189 3241 2601 3306 communiter
2630 3241 2851 3305 docent
2888 3239 3182 3326 theologi.

722 3341 794 3405 In
840 3340 1030 3406 dubio
1080 3343 1290 3406 tamen
1337 3342 1649 3426 praesumi
1697 3342 1876 3407 debet
1923 3343 2090 3407 iusta
2137 3344 2203 3406 et
2238 3343 2441 3421 utilis3
2476 3344 2625 3426 quia
2656 3342 2947 3407 delictum
2982 3348 3047 3406 et
3088 3344 3183 3407 de-

718 3442 918 3520 fectus
949 3462 1075 3506 non
1101 3445 1557 3524 praesumitur,
1589 3444 1703 3508 sed
1735 3445 2160 3509 demonstrari
2202 3443 2416 3510 debet:
2462 3446 2624 3511 unde
2659 3447 2723 3510 in
2759 3446 2871 3510 tali
2895 3464 3043 3511 casu
3089 3448 3182 3511 lex

720 3545 818 3607 est
847 3545 912 3607 in
944 3545 1344 3627 possessione.

899 3646 964 3710 5⁰
998 3646 1269 3712 conditio
1308 3650 1422 3726 est,
1457 3649 1532 3712 ut
1561 3650 1657 3714 lex
1688 3670 1816 3714 non
1838 3651 1927 3714 sit
1942 3670 2066 3730 pro
2089 3651 2345 3731 privato
2381 3650 2707 3725 commode,
2739 3649 2992 3732 sedpro
3030 3669 3182 3717 cont·

718 3749 899 3812 nivoni
928 3747 1202 3813 utilitate
1233 3752 1602 3831 conseri-Pia,
1629 3753 1864 3816 scilicet
1880 3753 2121 3831 saltem,
2139 3751 2424 3827 mediate,
2458 3752 2757 3818 indirecte
2788 3755 2853 3817 et
2871 3752 3177 3818 ultimate.

717 3851 883 3936 Ergo
913 3852 1061 3915 licet
1093 3851 1338 3934 aliquae
1366 3853 1535 3938 leges
1566 3875 1625 3918 v.
1665 3874 1759 3939 gr.
1800 3853 1874 3918 de
1912 3855 2219 3921 solvendis
2267 3856 2540 3933 tributiS,
2575 3855 2796 3920 cedant
2822 3856 3178 3921 immediate

719 3955 781 4018 et
813 3954 1041 4018 directe
1072 3953 1137 4017 in
1175 3955 1407 4019 bonum
1460 3955 1783 4038 PrmcipiS,
1832 3956 2100 4022 mediate
2146 3961 2354 4024 tamen
2402 3959 2466 4022 et
2510 3957 2803 4023 indirecte
2848 3957 3071 4023 cedant
3114 3959 3174 4022 in

717 4056 949 4122 bonum
1003 4075 1345 4134 commune,
1381 4058 1687 4139 quatenus
1718 4058 1870 4123 bene
1916 4063 2278 4126 conservato
2326 4062 2499 4125 statu
2546 4059 2865 4145 Principis,
2915 4061 3077 4125 vires
3122 4061 3176 4126 ei

793 4378 859 4430 (a)
889 4376 994 4419 Hoc
1023 4377 1319 4431 turpissimo
1347 4378 1475 4423 vitio
1503 4379 1737 4424 laborant
1767 4381 1978 4436 quidam
2006 4383 2319 4428 celeberrimi
2338 4385 2641 4439 interpretes
2658 4385 2887 4429 codicum
2914 4384 3177 4430 moderno·

712 4454 829 4484 rum
858 4443 1105 4496 civilium,
1137 4447 1197 4486 ut
1225 4444 1408 4496 velint,
1436 4446 1570 4502 leges
1599 4447 1869 4502 humanas,
1896 4451 1994 4493 etsi
2024 4450 2335 4506 inhonestas,
2355 4452 2552 4507 impias,
2578 4452 2827 4497 absurda
2852 4452 3099 4508 obligare:
3121 4453 3175 4496 id

711 4520 771 4550 ex
802 4521 858 4551 eo
887 4509 1079 4552 factum
1110 4514 1204 4564 ent,
1232 4512 1385 4566 quod,
1414 4517 1584 4568 spreta
1631 4515 1809 4562 divina
1837 4516 2146 4563 revelatione
2189 4522 2239 4563 et
2283 4515 2547 4574 repudiato
2575 4519 2828 4566 Ecclesiae
2866 4519 3176 4576 magisterio,

709 4575 805 4627 ipsi
837 4576 1070 4619 nesciant
1099 4577 1319 4633 amplius
1349 4581 1437 4624 ubi
1463 4582 1640 4636 pedem
1672 4581 1851 4639 figunt.
1882 4585 1939 4631 Ε.
