3529 5158
619 340 730 393 454
1135 346 1348 388 raacr.
1389 346 1478 387 111.
1521 345 1605 384 Dm
1641 341 1923 384 nmmos.
1962 339 2163 383 CAPUT
2201 340 2282 380 iv.
2322 339 2464 380 nun.
2504 340 2585 380 ιν.
2947 323 3091 398 [455]

621 448 779 531 disp.
815 447 920 511 30.
955 465 1014 509 11.
1055 445 1180 521 13.,
1217 443 1291 507 (19
1323 445 1588 524 utroque
1626 459 1776 506 casu
1801 438 1988 503 simul
2010 437 2294 501 instituit
2314 436 2744 518 quaestionem
2776 437 3087 519 inquiens:

631 576 667 610 α
705 549 997 633 Superest
1044 566 1189 632 ergo
1223 546 1595 610 difficultas:
1638 564 1735 622 an,
1777 543 1831 607 si
1868 542 2064 606 cesset
2096 540 2345 604 omnino
2378 558 2567 604 causa
2599 538 2821 619 finalis
2850 539 3091 622 dispen-

625 652 908 730 sationis,
942 651 1277 735 postquam
1323 648 1451 712 iam
1496 645 1858 710 Ordinarius
1905 644 2003 709 vel
2052 642 2363 708 confessor
2416 641 2852 725 dispensarunt
2896 642 2960 705 et
3005 641 3090 705 sic

629 755 877 820 omnino
926 751 1195 836 perfecta
1244 749 1307 814 et
1353 749 1786 814 consummata
1818 746 2007 811 estin
2039 765 2104 810 se
2134 744 2532 827 dispensatio,
2573 743 2850 807 nondum
2890 746 3093 806 tamen

560 882 567 891 ·
627 857 854 921 sortita
901 857 996 919 est
1037 873 1222 918 suum
1268 850 1567 930 effectum,
1602 850 1749 932 quia
1802 869 1859 912 v.
1909 869 2002 933 gr.
2038 846 2512 911 matrimonium
2546 864 2670 910 non
2717 848 2813 909 est
2857 846 3094 909 contra-

628 961 836 1024 ctum:
865 958 962 1022 vel
994 957 1054 1019 si
1082 956 1281 1035 eoepit
1308 954 1532 1018 sortiri
1561 950 1863 1031 effectum,
1898 951 1950 1014 is
1982 951 2077 1014 est
2108 949 2426 1013 commode
2458 947 2806 1024 divisibilis,
2855 948 2930 1011 ut
2960 966 3095 1012 con-

628 1063 822 1146 tingit
859 1061 924 1124 in
961 1058 1254 1140 exemplis
1285 1077 1344 1119 n.
1383 1056 1485 1119 11.
1519 1054 1855 1138 propositis
1888 1052 2048 1134 (scil.
2075 1051 2549 1135 dispensationis
2581 1051 2642 1114 in
2676 1070 2785 1115 esu
2817 1051 3095 1114 carnium

629 1164 729 1229 vel
753 1163 1047 1246 ieiuniis),
1083 1160 1519 1243 exstinguatur
1550 1160 1699 1220 tunc
1730 1154 2108 1239 dispensatio
2141 1179 2203 1216 ».

720 1265 984 1330 Pontius
1023 1281 1166 1327 vero
1200 1260 1274 1324 de
1312 1260 1604 1323 Matrim.
1631 1259 1738 1322 lib.
1770 1260 1829 1321 8.
1864 1277 1997 1340 cap.
2032 1259 2138 1321 20.
2172 1278 2230 1321 n.
2265 1258 2325 1319 4.
2360 1256 2797 1322 confutaturus
2829 1255 2903 1319 de
2926 1274 3095 1320 more

629 1387 745 1432 suo
795 1366 1084 1443 Sanchez,
1133 1365 1397 1447 primam
1443 1365 1695 1427 tantum
1740 1362 1984 1445 partem
2032 1360 2292 1442 arripit:
2348 1384 2383 1418 «
2429 1357 2705 1438 Quartus
2751 1359 2957 1423 status
3003 1360 3096 1422 est

629 1471 966 1554 postquam
995 1469 1122 1532 iam
1161 1466 1521 1532 Ordinarius
1561 1463 1960 1548 dispensavit,
1993 1463 2269 1527 nondum
2294 1464 2502 1526 tamen
2527 1461 2905 1545 dispensatio
2929 1480 3098 1525 man-

632 1573 780 1638 data
813 1572 909 1635 est
955 1568 1330 1634 exsecutioni
1368 1591 1430 1631 ».

717 1675 800 1738 Et
830 1676 1040 1738 tamen
1069 1692 1119 1736 S.
1139 1671 1496 1754 Alphonsus
1527 1670 1634 1734 lib.
1676 1671 1731 1734 l.
1760 1692 1819 1735 11.
1844 1671 1991 1735 196.
2017 1690 2159 1735 cum
2191 1667 2401 1752 potius
2425 1667 2852 1750 quaestionem
2873 1668 3098 1731 tractet

628 1778 846 1862 (prout
890 1779 954 1840 et
1000 1775 1237 1839 Auctor
1293 1776 1520 1852 noster,
1563 1773 1876 1859 videlicet)
1923 1773 1996 1837 de
2056 1771 2321 1837 secundo
2369 1790 2537 1847 casu,
2588 1770 2834 1853 quando
2881 1788 3096 1854 nempe

629 1878 1005 1946 exsecutioni
1045 1896 1152 1960 per
1182 1895 1368 1939 usum
1414 1876 1617 1958 coepit
1662 1875 2039 1958 dispensatio
2088 1873 2464 1952 demandari,
2504 1873 2821 1950 Pontium,
2870 1872 2979 1955 qui
3024 1871 3097 1936 de

628 1983 830 2067 primo
879 1999 1026 2045 casu
1060 1979 1213 2063 agit,
1249 1979 1457 2042 tamen
1483 1979 1681 2061 primo
1719 1979 1856 2043 loco
1898 1978 2132 2063 allegat
2161 1995 2272 2060 pro
2305 1976 2612 2041 sententia
2646 1976 2931 2059 opposita
2968 1995 3100 2039 sen-

632 2084 868 2150 tentiae
905 2082 1195 2158 Sanchez,
1237 2080 1472 2144 scilicet
1507 2080 2028 2164 dispensationem
2076 2099 2198 2145 non
2247 2097 2483 2144 cessare
2530 2078 2720 2143 etiam
2767 2077 2973 2160 quoad
3004 2096 3099 2141 se-

631 2185 904 2250 cundum
949 2203 1182 2248 casum.
1224 2181 1359 2263 Qua
1406 2184 1468 2246 in
1500 2203 1565 2247 re
1603 2184 1666 2247 et
1713 2183 1874 2247 alius
1911 2200 2081 2247 error
2136 2181 2435 2264 obrepsit3
2482 2200 2630 2244 nam
2675 2180 2740 2244 in
2785 2179 3099 2244 communi

631 2287 899 2352 editione
944 2307 993 2351 S.
1028 2286 1330 2369 Alphonsi
1362 2304 1471 2369 pro
1509 2284 1702 2348 Pont.
1737 2284 1874 2366 (ubi
1920 2285 2189 2349 habebat
2234 2284 2398 2348 Edit.
2449 2303 2545 2348 an.
2602 2283 2824 2367 1757.)
2854 2301 3101 2348 erronee

628 2391 907 2474 positum
930 2389 1027 2454 est
1049 2388 1223 2467 Pal„
1259 2389 1389 2452 scil.
1429 2388 1660 2453 Palaus
1693 2389 1756 2451 et
1787 2407 1929 2451 cum
1953 2388 2170 2452 citatio
2205 2386 2279 2450 de
2295 2387 2589 2452 Matrini..
2614 2387 2722 2451 lib.
2751 2387 2811 2451 8.
2837 2405 2971 2469 cap.
2992 2387 3097 2449 20.

628 2513 689 2556 n.
711 2494 772 2556 4.
800 2491 1112 2556 evidenter
1144 2509 1264 2555 non
1303 2491 1660 2554 conveniret
1696 2491 1913 2567 Palao,
1940 2489 2047 2572 qui
2074 2490 2197 2553 alia
2220 2490 2462 2555 ratione
2484 2489 2780 2554 materias
2804 2489 3098 2573 partitur,

627 2596 691 2660 in
739 2595 963 2659 ultima
1010 2614 1059 2659 s.
1103 2594 1407 2677 Alphonsi
1455 2593 1742 2670 editione,
1794 2593 2061 2658 editores
2100 2592 2563 2657 substituerunt
2608 2590 2837 2656 Sanch.
2886 2591 3097 2666 Male3

629 2697 776 2780 quia
815 2695 1083 2761 Sanchez
1119 2696 1306 2779 paulo
1341 2697 1484 2759 ante
1523 2697 1782 2778 apparet
1819 2695 2050 2760 citatus
2077 2715 2186 2779 pro
2213 2696 2412 2778 prima
2444 2695 2751 2761 sententia
2775 2695 2906 2759 scil.
2932 2695 3101 2777 quod

627 2799 1003 2882 dispensatio
1045 2799 1277 2863 cessat:
1314 2799 1384 2859 2⁰
1416 2797 1563 2878 quia
1613 2795 1882 2862 Sanchez
1915 2817 2038 2862 non
2080 2798 2269 2862 habet
2299 2798 2604 2863 librorum
2636 2797 2969 2863 divisiones
2992 2816 3101 2881 per

628 2904 855 2982 capita,
889 2903 993 2967 sed
1025 2920 1133 2985 per
1170 2900 1640 2980 disputationes

716 3000 893 3075 455.
929 3003 1166 3068 Auctor
1202 3004 1266 3066 et
1296 3021 1344 3066 s,
1381 3002 1736 3086 Alphonsus
1776 3005 2049 3068 ceterum
2089 3004 2313 3078 innuit,
2348 3004 2658 3087 duplicem
2681 3005 2755 3070 de
2779 3004 3101 3089 proposita

626 3107 987 3190 quaestione
1021 3105 1230 3170 adesse
1278 3104 1648 3170 sententiam
1697 3106 1760 3169 et
1799 3125 1910 3189 pro
1958 3108 2225 3188 utraque
2270 3126 2492 3192 graves
2542 3108 2839 3173 Doctores
2868 3108 2995 3173 imo
3034 3111 3102 3172 et

628 3228 849 3294 graves
899 3209 1168 3273 rationes
1203 3207 1576 3291 allegantur.

720 3310 1073 3375 Difficultas
1108 3311 1315 3374 tamen
1370 3310 1535 3372 haud
1581 3310 1757 3384 leviS‚
1796 3312 2101 3375 utramvis
2137 3311 2355 3396 eligaS,
2391 3314 2453 3377 te
2485 3317 2739 3398 urgent3
2775 3316 2923 3398 quia
2967 3315 3102 3397 qui-

629 3414 772 3477 dam
811 3412 928 3476 tibi
964 3413 1389 3494 proponentur
1421 3431 1619 3489 casim,
1656 3431 1924 3494 quorum
1974 3414 2348 3479 solutionem
2406 3434 2587 3500 aegre
2625 3436 2765 3480 cum
2815 3419 2925 3481 tua
2971 3436 3103 3480 sen·

629 3515 827 3578 tentia
865 3530 1218 3596 componas.

721 3616 845 3678 Fac
892 3615 1102 3679 teneas
1135 3634 1276 3679 cum
1310 3614 1578 3681 Sanchez
1605 3617 1871 3700 primam
1904 3619 2295 3695 sententiam,
2331 3639 2491 3702 quae
2537 3640 2772 3687 cessare
2808 3622 2959 3688 dicit
3005 3621 3104 3686 di-

628 3718 1104 3803 spensationem.
1143 3719 1295 3783 Ecce
1333 3717 1560 3784 Suarez
1587 3719 1660 3782 de
1685 3720 1838 3802 Ley.
1864 3722 1972 3785 lib.
2016 3722 2077 3785 6.
2103 3743 2234 3806 cap.
2270 3726 2374 3787 20.
2416 3743 2475 3788 n.
2515 3726 2617 3789 15.
2646 3728 2947 3810 proponet
2980 3726 3103 3792 tibi

630 3820 944 3886 hominem
990 3820 1414 3904 dispensatum
1464 3822 1540 3886 ab
1587 3823 2052 3906 irregularitate
2094 3825 2175 3889 'ad
2214 3825 2472 3891 Ordines
2518 3828 2918 3911 suscipiendis
2963 3848 3104 3913 pro-

629 3927 765 4007 pter
811 3925 1245 4006 paupertatem
1296 3924 1610 4006 propriam
1641 3925 1738 3988 vel
1776 3928 2108 4008 parentum
2138 3928 2235 3991 vel
2268 3931 2521 4013 propter
2550 3929 2956 4016 indigentiam
2986 3931 3104 3997 mi-

627 4026 966 4091 nistrorum
1015 4026 1342 4090 Ecclesiae.
1393 4025 1586 4090 Porro
1635 4027 1688 4090 si
1744 4046 1933 4092 causa
1979 4031 2174 4093 cesset
2235 4032 2378 4094 ante
2441 4034 2758 4116 susceptos
2819 4032 3100 4109 OrdineS,

609 4128 931 4210 numquid
978 4126 1198 4191 illicite
1233 4126 1639 4206 ordinabitur,
1676 4131 1789 4193 aut
1820 4129 2249 4212 irregularitas
2274 4133 2384 4197 illa
2417 4151 2541 4199 non
2578 4136 2927 4200 censebitur
2957 4138 3105 4201 sim·

629 4230 872 4313 pliciter
908 4232 971 4294 et
1006 4230 1288 4295 absolute
1337 4229 1632 4295 sublata?
1669 4229 1827 4296 Sane
1860 4233 2025 4314 quod
2055 4232 2251 4298 redire
2284 4235 2711 4319 irregularitas
2748 4237 2858 4302 illa
2892 4239 3105 4304 valeat

631 4335 884 4416 propter
921 4350 1143 4395 causae
1193 4332 1620 4408 cessationem,
1662 4332 1724 4397 id
1772 4354 1881 4398 nec
1929 4335 2137 4417 aliqua
2185 4337 2320 4421 lege
2367 4338 2673 4403 statuitur
2707 4359 2817 4405 nec
2863 4345 2957 4406 est
3004 4361 3108 4407 ve-

631 4433 911 4509 risimile,
955 4434 1158 4496 solum
1192 4433 1382 4496 fuisse
1417 4433 1729 4499 sublatam
1770 4437 1949 4518 quasi
1987 4437 2102 4500 sub
2140 4437 2508 4518 conditione,
2549 4441 2599 4504 si
2633 4460 2821 4507 causa
2852 4442 2962 4507 illa
2994 4445 3109 4509 du-

627 4536 798 4597 raret
847 4552 1040 4614 usque
1087 4534 1162 4597 ad
1212 4533 1511 4600 ordinum
1561 4539 2034 4620 susceptionem.
2071 4539 2388 4618 Similiter,
2438 4543 2642 4625 inquit
2689 4545 2834 4609 ibid.
2876 4567 2936 4610 n.
2976 4550 3107 4628 16„
