3529 5158
387 329 532 405 [127]
596 343 865 384 nmmo
907 342 1157 384 ormam
1195 343 1259 383 m
1295 343 1488 384 naum.
1526 342 1677 389 Qum
1716 342 1812 383 srr
1847 342 2192 382 mammam
2229 341 2536 382 orimum
2572 342 2700 383 mc.
2748 329 2853 384 119

387 441 622 505 caritas
669 438 910 523 perficit
954 439 1027 504 ed
1074 438 1211 504 ideo
1251 439 1477 503 caritas
1515 439 1612 501 est
1657 438 1855 503 forma
1891 438 2197 502 virtutum
2246 439 2512 503 aliarum
2560 440 2858 515 omnium,

394 542 558 607 sicut
585 541 916 625 prudentia
962 541 1295 606 moralium
1332 566 1394 604 ».

478 644 651 707 Haec
682 661 826 707 vero
865 642 1092 706 clarius
1125 642 1273 706 alibi
1299 643 1386 705 sic
1418 662 1465 706 s.
1502 642 1773 707 Thomas
1807 642 2002 706 tradit
2037 643 2101 706 in
2137 645 2195 705 2.
2231 642 2373 707 dist.
2402 645 2508 707 38.
2537 664 2594 724 q.
2628 645 2683 707 1.
2714 664 2749 708 a
2779 645 2858 719 1.,

391 746 498 810 ubi
535 745 677 808 vult
713 745 972 827 probare
1011 745 1075 808 et
1105 745 1307 808 Deum
1344 747 1408 809 et
1444 745 1632 809 simul
1663 745 1992 809 caritatem
2038 764 2169 810 esse
2207 745 2392 809 finem
2432 746 2710 809 omnium
2761 764 2862 808 vo-

386 849 708 912 luntatum
754 866 864 911 seu
911 847 1240 912 virtutum.
1279 871 1317 903 «
1350 845 1525 911 Sicut
1552 867 1759 912 rerum
1803 848 2079 913 omnium
2128 847 2269 912 finis
2301 867 2464 912 unus
2502 850 2597 912 est
2629 848 2864 912 scilicet

384 951 570 1028 Deus„
610 949 704 1014 ita
737 950 800 1012 et
845 948 1248 1014 voluntatum
1281 950 1558 1014 omnium
1596 952 1693 1015 est
1722 971 1883 1015 unus
1920 951 2186 1014 ultimus
2219 950 2358 1014 finis
2391 950 2627 1014 scilicet
2657 951 2854 1014 Deus:

383 1051 788 1116 nihilominus
822 1052 1030 1116 tamen
1076 1054 1224 1116 sunt
1270 1052 1378 1115 alii
1423 1052 1574 1116 fines
1611 1054 1872 1134 proximi
1921 1055 1984 1118 et
2029 1054 2081 1117 si
2129 1053 2467 1118 secundum
2514 1052 2660 1116 illos
2705 1053 2856 1117 fines

383 1156 668 1218 servatur
715 1152 923 1217 debita
969 1153 1190 1217 relatio
1244 1153 1590 1217 voluntatis
1636 1154 1699 1217 in
1748 1154 1933 1218 finem
1980 1156 2297 1231 ultimum,
2349 1155 2468 1219 erit
2520 1156 2688 1219 recta
2745 1174 2855 1219 vo-

381 1262 658 1326 luntas...
710 1260 936 1324 Debita
983 1261 1193 1324 autem
1237 1259 1459 1324 relatio
1507 1259 1856 1323 voluntatis
1891 1261 1965 1323 ad
2003 1262 2189 1325 finem
2236 1262 2535 1325 ultimum
2569 1261 2855 1325 salvatur

382 1363 719 1429 secundum
762 1363 946 1427 illum
992 1362 1195 1438 finem,
1236 1381 1358 1444 quo
1406 1362 1699 1426 voluntas
1746 1364 1897 1425 nata
1944 1364 2040 1426 est
2086 1364 2382 1428 ultimum
2429 1364 2615 1428 finem
2664 1363 2853 1447 parti·

383 1467 648 1548 cipare...
700 1467 763 1529 et
800 1465 901 1529 hic
931 1466 1026 1530 est
1056 1464 1346 1528 caritas...
1388 1465 1451 1527 et
1486 1464 1622 1528 ideo
1663 1483 1784 1529 non
1826 1465 2030 1529 solum
2064 1467 2229 1530 Deus
2263 1466 2368 1531 sed
2401 1467 2591 1530 etiam
2622 1467 2853 1531 caritas

386 1569 521 1632 finis
561 1570 658 1632 est
689 1568 968 1633 omnium
996 1569 1308 1631 rectarum
1338 1566 1740 1631 voluntatum
1780 1592 1841 1630 ».

470 1670 553 1734 Et
598 1669 1001 1733 nihilominus
1054 1668 1269 1733 deinde
1321 1670 1606 1752 explicat,
1660 1669 1972 1751 quomodo
2028 1670 2183 1734 nihil
2228 1671 2514 1755 exigatur
2567 1670 2852 1747 ulteriuS,

382 1792 573 1853 quam
603 1771 770 1853 quod
802 1770 1084 1853 superius
1113 1771 1451 1835 innuimus,
1486 1770 1652 1835 Nam
1685 1772 1836 1836 ibid.
1873 1772 1950 1836 ad
1982 1774 2043 1834 4.
2080 1773 2203 1836 ait:
2237 1796 2272 1830 «
2298 1773 2660 1847 Dicendum,
2689 1771 2854 1853 quod

380 1874 459 1937 ad
491 1875 626 1949 hoc,
663 1872 829 1955 quod
877 1872 1063 1936 alicui
1096 1873 1168 1936 ut
1201 1873 1462 1936 actionis
1508 1873 1648 1938 finis
1688 1875 1773 1937 sit
1803 1875 1972 1938 Deus
2011 1874 2110 1937 vel
2147 1874 2395 1950 caritas,
2429 1893 2553 1937 non
2586 1873 2852 1956 oportet,

377 1976 545 2057 quod
585 1974 823 2060 agendo
869 1975 1047 2038 illam
1094 1975 1402 2038 actionem
1450 1975 1677 2055 aliquis
1725 1975 1798 2040 de
1847 1977 1975 2040 Deo
2025 1976 2123 2040 vel
2169 1976 2431 2040 caritate
2470 1975 2705 2060 cogitet
2744 1993 2854 2038 nec

378 2079 613 2142 iterum
660 2078 911 2155 sufficit,
953 2076 1118 2158 quod
1151 2077 1377 2158 aliquis
1408 2077 1473 2140 in
1509 2078 1732 2141 habitu
1771 2079 2021 2142 tantum
2053 2080 2256 2142 Deum
2290 2080 2353 2142 et
2383 2078 2711 2142 caritatem
2748 2077 2854 2140 ha-

376 2180 558 2256 beat3
593 2179 741 2260 quia
772 2179 860 2242 sic
898 2179 1088 2242 etiam
1120 2180 1332 2242 actum
1371 2180 1605 2261 peccati
1635 2180 1897 2244 venialis
1931 2181 2155 2263 aliquis
2188 2181 2250 2244 in
2285 2181 2485 2245 Deum
2517 2180 2849 2255 ordinaret,

376 2281 545 2364 quod
577 2281 807 2345 falsum
844 2281 956 2345 est.
1000 2279 1119 2344 Sed
1168 2282 1416 2363 oportet
1454 2282 1619 2364 quod
1650 2283 1823 2365 prius
1869 2284 2059 2348 fuerit
2104 2283 2405 2366 cogitatio
2453 2282 2526 2346 de
2564 2283 2701 2356 fine,
2723 2282 2852 2362 ..qui

376 2386 473 2448 est
521 2382 750 2447 caritas
797 2381 897 2446 vel
945 2383 1112 2447 Deus
1160 2384 1225 2445 et
1271 2383 1437 2464 quod
1484 2384 1645 2447 ratio
1695 2385 1967 2449 actiones
2015 2386 2337 2467 sequentes
2368 2385 2432 2448 in
2465 2386 2627 2448 hunc
2667 2384 2851 2447 finem

378 2485 780 2561 ordinaverit,
819 2485 915 2548 ita
953 2485 1119 2566 quod
1151 2484 1459 2549 rectitudo
1484 2486 1657 2549 illius
1682 2487 2090 2552 ordinationis
2126 2488 2190 2551 in
2225 2488 2573 2552 actionibus
2605 2506 2853 2568 sequen-

378 2590 548 2653 tibus
598 2588 878 2652 salvetur
909 2613 970 2651 ».

463 2687 627 2761 127.
663 2689 1107 2770 Quadantenus
1141 2709 1287 2754 vero
1327 2690 1472 2753 huic
1508 2690 1823 2755 doctrinae
1861 2692 2282 2774 adstipulatur
2314 2712 2362 2756 s.
2389 2693 2849 2771 Bonaventura,

374 2794 521 2857 licet
554 2812 628 2856 ex
668 2793 844 2875 parte
882 2792 1229 2857 dissentiat.
1265 2791 1425 2856 Sane
1461 2792 1553 2855 ita
1590 2793 1720 2875 ipse
1754 2793 1820 2857 in
1856 2795 1914 2856 2.
1951 2794 2094 2858 dist.
2130 2795 2235 2858 41.
2271 2813 2325 2858 a.
2360 2797 2415 2858 1.
2451 2815 2508 2876 q.
2545 2797 2607 2859 3.
2642 2795 2718 2858 ad
2752 2795 2848 2859 6.:

380 2922 413 2953 «
444 2895 818 2960 Notandum
849 2897 945 2960 est
976 2898 1186 2959 tamen
1217 2894 1384 2977 quod
1433 2894 1510 2958 ad
1558 2895 1692 2970 hoc,
1728 2896 1895 2977 quod
1936 2896 2145 2978 aliqua
2194 2898 2357 2961 actio
2397 2898 2482 2961 sit
2509 2897 2850 2972 meritoria,

371 3018 491 3064 non
519 3001 775 3082 oportet
806 3000 883 3063 ut
907 2998 1046 3081 quis
1079 3016 1217 3061 eam
1248 2996 1477 3061 referat
1511 2998 1844 3061 actualiter
1873 2997 1938 3061 in
1970 2998 2191 3074 Deum,
2233 2998 2338 3061 sed
2370 2998 2604 3061 sufficit
2631 2996 2851 3060 relatio

371 3101 742 3166 habitualis.
778 3099 1182 3164 Habitualcm
1216 3101 1428 3163 autem
1476 3100 1844 3164 relationem
1891 3117 2063 3172 voce,
2099 3118 2222 3162 non
2261 3099 2408 3178 quia
2447 3099 2674 3161 habeat
2704 3099 2854 3160 cari-

371 3206 596 3278 tatem,
632 3222 741 3285 per
777 3221 967 3284 quam
1000 3203 1075 3265 fit
1109 3202 1338 3266 habilis
1378 3201 1455 3265 ad
1488 3199 1894 3271 referendum,
1935 3198 2040 3260 sed
2073 3199 2221 3278 quia
2251 3198 2315 3260 in
2349 3197 2682 3278 primordio
2718 3216 2853 3278 ope·

369 3304 641 3369 rationis
666 3304 838 3367 illius
860 3303 960 3367 vel
984 3303 1261 3378 alterius,
1297 3303 1375 3366 ad
1408 3321 1599 3383 quam
1634 3301 2080 3380 consequenter
2112 3317 2175 3362 se
2206 3299 2411 3374 habet,
2446 3298 2852 3363 intentionem

372 3407 560 3470 habet
604 3405 688 3469 ad
734 3406 935 3469 Deum
984 3404 1345 3468 directam...
1396 3402 1460 3467 Si
1510 3405 1719 3466 autem
1754 3421 1912 3484 opus
1959 3401 2217 3464 alterius
2248 3400 2492 3484 generis
2537 3400 2851 3483 inciperet,

372 3509 697 3591 oporteret
726 3506 892 3589 quod
923 3507 1184 3570 intentio
1209 3507 1614 3570 renovaretur
1639 3504 1716 3567 ad
1740 3505 1876 3579 hoc,
1913 3504 1987 3566 ut
2011 3521 2164 3586 opus
2190 3502 2351 3568 esset
2381 3504 2769 3568 meritorium
2789 3529 2849 3567 ›>.

454 3610 599 3675 Hac
650 3610 717 3672 in
764 3609 940 3691 parte
985 3607 1181 3673 distat
1217 3608 1490 3691 profecto
1526 3625 1562 3670 a
1595 3626 1642 3669 s.
1679 3605 1954 3670 Thoma:
1990 3625 2212 3669 verum
2243 3606 2655 3689 perpendatur
2687 3606 2852 3688 quod

371 3713 684 3796 sequitur.
732 3736 768 3768 ⁴<
798 3712 918 3775 Per
963 3712 1125 3776 hunc
1171 3712 1362 3776 etiam
1394 3709 1649 3776 modum
1695 3711 2074 3795 intelligitur
2107 3731 2236 3776 esse
2269 3712 2332 3774 in
2365 3712 2514 3775 viris
2545 3712 2853 3795 religiosis

369 3814 752 3896 (habitualis
805 3813 1078 3896 relatio),
1129 3815 1238 3895 qui
1283 3814 1346 3876 in
1394 3814 1694 3896 principio
1743 3834 1815 3878 ex
1862 3814 2124 3877 caritate
2178 3813 2561 3878 devoverunt
2607 3816 2855 3895 portare

368 3917 699 4003 religionis
726 3916 993 4003 pondus;
1030 3915 1333 3998 quidquid
1358 3917 1521 3980 enim
1558 3916 1815 3992 faciunt,
1837 3917 2003 3997 quod
2029 3915 2106 3978 ad
2133 3935 2278 3978 suae
2304 3915 2623 3997 religionis
2658 3917 2858 3978 obser-

369 4020 659 4084 vantiam
706 4019 967 4101 spectat,
1007 4038 1080 4083 ex
1111 4018 1313 4101 prima
1347 4018 1691 4083 intentione
1729 4020 1825 4083 est
1862 4018 1949 4082 eis
1997 4017 2387 4080 meritorium
2441 4016 2519 4079 ad
2566 4016 2854 4093 salutem,

368 4127 488 4190 nisi
536 4126 707 4190 forte
755 4124 951 4206 (quod
999 4124 1191 4207 absit)
1223 4124 1536 4188 contraria
1573 4124 1837 4188 intentio
1873 4122 2286 4205 superveniat.
2323 4121 2395 4183 In
2443 4119 2584 4183 aliis
2624 4121 2855 4195 autem,

367 4246 528 4308 quae
577 4226 664 4291 ad
712 4226 1077 4309 religionem
1110 4244 1231 4291 non
1265 4228 1564 4309 spectant,
1601 4245 1774 4290 secus
1814 4227 1941 4298 est;
1982 4224 2130 4306 quia
2175 4224 2287 4287 illa
2316 4222 2580 4288 intentio
2621 4240 2744 4286 non
2793 4241 2856 4285 se

369 4328 657 4394 extendit
705 4327 783 4390 ad
832 4328 955 4391 alia
1001 4327 1407 4392 habitualiter
1439 4331 1503 4392 et
1532 4328 1668 4392 ideo
1700 4346 1823 4391 non
1860 4329 1954 4391 est
1986 4345 2213 4409 parvae
2260 4324 2613 4389 securitatis
2644 4325 2708 4387 et
2740 4324 2858 4386 uti-

366 4430 574 4495 litatis
625 4428 997 4512 religionem
1028 4429 1261 4493 intrare
1296 4454 1355 4493 ».
1392 4430 1482 4493 Ex
1512 4430 1738 4511 quibus
1786 4448 2047 4512 pronum
2081 4430 2177 4492 est
2214 4427 2416 4491 valide
2453 4446 2714 4510 arguere
2745 4443 2856 4507 pro

369 4532 691 4597 sententia
740 4549 789 4594 s.
826 4529 1133 4606 Thomae3
1170 4531 1447 4613 nunquid
1480 4532 1642 4595 enim
1672 4531 1879 4594 minus
1926 4530 2261 4614 colligatur
2293 4549 2435 4593 cum
2469 4529 2858 4594 ordinatione
