3529 5158
344 381 487 457 [155]
1007 401 1414 446 conon-muns
1449 406 1529 448 υτ
1563 406 1757 448 Acrus
1793 407 2148 449 mpura-‘run
2707 398 2812 454 147

434 489 596 564 155.
631 493 817 559 Nunc
849 496 926 560 ad
974 497 1164 563 aliam
1196 500 1609 587 hypothesim,
1651 503 1898 584 quando
1931 503 2165 569 scilicet
2195 505 2566 572 conscientia
2596 507 2688 571 ita
2720 511 2815 573 est

355 614 631 669 erronea,
665 599 740 660 ut
772 597 920 663 dum
951 601 1206 665 acturus
1247 603 1558 686 quispiam
1588 608 1704 678 est,
1738 606 1949 687 aliquo
1981 610 2162 688 pacto
2195 627 2461 672 errorem
2509 610 2811 688 advertat,

356 716 477 763 non
526 699 708 779 quasi
754 700 855 766 hic
884 701 1114 777 videat,
1148 723 1211 768 se
1242 724 1489 771 erronee
1534 707 1835 785 iudicare3
1869 728 2015 773 nam
2046 710 2153 791 qui
2177 729 2446 775 errorem
2475 713 2812 795 cognoscit,

356 818 478 865 non
511 801 761 866 laborat
791 804 1167 888 ignorantia,
1201 807 1306 872 sed
1338 808 1440 872 cui
1468 808 1727 873 dubium
1760 814 1873 874 aut
1905 811 2172 894 suspicio
2210 813 2431 877 subeat
2461 812 2533 878 de
2563 815 2814 880 rectitu-

348 901 489 966 dine
520 903 877 971 dictaminis
910 910 1021 971 aut
1052 909 1456 975 erroneitate:
1505 912 1670 993 quod
1702 913 1952 993 quidem
1982 915 2336 999 contingere
2368 917 2574 998 potest
2619 918 2808 982 etiam

346 1006 502 1070 citra
535 1008 788 1091 culpam
820 1010 1297 1077 antecedentem.

433 1112 517 1175 Et
548 1110 649 1174 hic
682 1111 931 1192 quidem
961 1112 1207 1178 videtur
1252 1133 1383 1179 esse
1429 1134 1627 1194 casuS,
1661 1117 1734 1181 de
1764 1136 1888 1199 quo
1930 1120 1992 1182 et
2021 1120 2259 1184 Auctor
2289 1123 2352 1184 et
2383 1121 2682 1186 Doctores
2729 1123 2807 1186 ab

351 1213 484 1296 ipso
512 1213 775 1299 allegati
798 1214 1140 1298 disputant.
1166 1216 1343 1296 Quod
1366 1218 1617 1299 quidem
1637 1220 2005 1286 recentiores
2029 1239 2151 1285 non
2174 1223 2329 1286 satis
2360 1223 2648 1288 videntur
2670 1243 2808 1289 con-

349 1314 648 1380 siderasse
680 1319 743 1380 et
774 1317 910 1383 ideo
944 1318 1369 1400 quaestionem
1400 1339 1521 1385 non
1567 1322 1918 1404 exprimunt
1950 1322 2025 1387 iis
2058 1323 2279 1398 verbiS,
2313 1344 2471 1406 quae
2515 1324 2805 1400 indicent,

354 1436 698 1482 sermonem
745 1438 874 1484 esse
921 1419 995 1486 de
1040 1440 1131 1499 eo,
1180 1422 1288 1503 qui
1318 1423 1454 1487 heic
1483 1425 1545 1487 et
1578 1443 1739 1489 nunc
1770 1423 2041 1489 advertit
2086 1424 2513 1490 necessitatem
2559 1446 2809 1509 perpen-

350 1519 561 1584 dendi:
590 1520 697 1585 sed
719 1523 1064 1607 generatim
1081 1525 1507 1605 quaestionem
1529 1525 1767 1591 faciunt
1799 1526 1872 1590 de
1904 1546 2105 1591 errore
2137 1528 2453 1611 culpabili,
2486 1549 2644 1610 quae
2677 1550 2809 1594 am-

356 1622 651 1705 plectitur
687 1624 878 1689 etiam
908 1625 1175 1708 primam
1204 1626 1619 1710 hypothesim.

437 1725 598 1790 Sane
630 1726 972 1810 Laymann,
1008 1747 1192 1809 quem
1222 1730 1298 1792 A.
1341 1730 1575 1814 allegat
1605 1731 1668 1794 in
1700 1731 1881 1794 resol.
1915 1732 2133 1813 prima,
2168 1732 2259 1795 ait
2289 1733 2396 1796 lib.
2435 1735 2491 1796 1.
2527 1736 2605 1798 tr.
2645 1736 2703 1797 1.
2736 1734 2811 1798 dc

366 1826 582 1892 Conse.
616 1847 749 1911 cap.
786 1829 845 1891 4.
880 1849 941 1893 n.
968 1830 1062 1894 4.:
1096 1855 1132 1888 «
1155 1829 1325 1895 Nota
1349 1834 1581 1906 autem,
1616 1836 1764 1898 tunc
1795 1852 2063 1897 errorem
2097 1833 2445 1899 vincibilem
2477 1836 2575 1900 vel
2604 1837 2812 1920 culpa-

354 1933 541 1997 bilem
564 1951 715 2008 esse,
742 1951 885 1996 cum
907 1932 1261 1997 intellectus
1284 1934 1521 2016 aliquid
1546 1935 1852 2020 agendum
1871 1936 1968 2000 vel
1987 1936 2398 2002 omittendum
2422 1957 2551 2003 esse
2574 1938 2810 2004 iudicat

354 2055 473 2101 non
500 2036 632 2099 sine
656 2033 844 2099 dubio
870 2037 932 2099 et
955 2034 1279 2101 formidine
1314 2038 1600 2121 oppositi,
1627 2057 1903 2121 expresse
1936 2040 2032 2103 vel
2064 2040 2363 2122 implicite
2393 2039 2652 2117 dictanS,
2679 2062 2808 2107 rem

352 2138 557 2222 magis
588 2136 1096 2202 considerandam
1132 2139 1229 2202 vel
1276 2140 1711 2222 explorandam
1743 2160 1892 2206 esse.
1926 2141 2253 2206 Enimvero
2285 2142 2350 2206 in
2382 2143 2497 2207 hoc
2526 2163 2676 2208 casu
2707 2164 2810 2210 vo-

353 2241 568 2306 luntas
599 2259 710 2304 nec
739 2240 898 2304 velle
928 2239 1126 2317 debet,
1162 2242 1327 2322 quod
1356 2243 1709 2308 intellectus
1747 2245 2038 2327 proponit
2069 2264 2179 2309 nec
2214 2246 2409 2323 nolle;
2444 2246 2592 2328 quia
2623 2246 2809 2312 datur

350 2342 628 2407 medium
659 2342 823 2406 inter
853 2342 1023 2415 haec,
1064 2343 1348 2409 videlicet
1378 2345 1685 2428 applicare
1731 2346 2118 2411 intellectum
2165 2347 2241 2411 ad
2287 2367 2418 2412 rem
2462 2349 2690 2414 certius
2720 2351 2810 2414 in-

348 2444 756 2529 telligendam
782 2469 841 2507 ».
878 2444 958 2508 Et
989 2445 1076 2508 sic
1108 2464 1173 2509 re
1187 2447 1503 2512 intellecta
1535 2468 1606 2512 ac
1638 2449 1956 2532 proposita
1988 2451 2367 2531 quaestione,
2394 2450 2612 2532 utique
2643 2453 2808 2516 stare

347 2549 559 2633 potest
590 2547 757 2630 quod
780 2546 920 2612 dein
944 2546 1105 2613 idem
1137 2548 1459 2634 Laymann
1481 2550 1724 2616 subdit:
1754 2577 1788 2610 ›>
1827 2551 2042 2617 Potest
2069 2550 2250 2627 enim,
2285 2554 2359 2615 ut
2383 2552 2806 2633 supponimus,

346 2672 419 2717 ac
457 2652 643 2716 debet
678 2649 978 2733 deponere
1008 2671 1277 2717 errorem
1300 2677 1361 2715 ».

432 2755 606 2819 Hinc
629 2754 950 2818 Bonacina
973 2754 1051 2818 ab
1067 2756 1142 2818 A.
1170 2755 1499 2840 allegatuS,
1527 2758 1679 2821 tom.
1709 2758 1769 2820 2.
1797 2756 1952 2839 disp.
1975 2759 2034 2820 2.
2054 2777 2112 2839 q.
2132 2759 2194 2820 4.
2215 2778 2272 2840 p.
2302 2757 2361 2820 6.
2390 2778 2448 2820 n.
2480 2758 2582 2821 10.
2609 2758 2811 2823 utitur

346 2859 630 2942 exemplo
655 2858 925 2924 hominis
948 2858 1294 2924 dubitantis
1317 2860 1391 2924 de
1414 2859 1708 2943 quapiam
1731 2860 1867 2944 lege
1898 2860 1996 2924 vel
2028 2859 2678 2938 excommunicatione,
2703 2860 2811 2942 qui

350 2963 571 3028 deinde
586 2963 788 3046 possit
810 2962 1194 3046 interrogare
1209 2965 1273 3026 et
1286 2962 1628 3047 interroget
1652 2963 1750 3027 vel
1767 2963 2037 3046 peritum
2052 2964 2151 3027 vel
2167 2964 2408 3028 notorie
2431 2963 2808 3045 imperitum.

427 3063 597 3130 Cum
631 3083 815 3147 porro
862 3064 961 3129 hic
1008 3065 1092 3130 sit
1138 3084 1316 3129 casus
1348 3065 1754 3130 conscientiae
1787 3064 2029 3139 dubiae,
2070 3066 2282 3146 paucis
2313 3083 2410 3128 res
2443 3065 2806 3129 absolvitur.

343 3169 507 3234 Nam
550 3170 616 3232 1o
651 3167 962 3232 exoriente
991 3167 1198 3245 dubi0‚
1234 3168 1362 3232 sive
1401 3168 1534 3233 leve
1580 3167 1737 3231 illud
1784 3168 1867 3230 sit
1915 3168 2043 3230 sive
2088 3186 2298 3250 grave,
2347 3167 2532 3229 homo
2563 3168 2810 3229 tenetur

342 3273 497 3337 illud
534 3291 658 3336 non
691 3273 1098 3347 contemnere,
1135 3270 1189 3333 si
1219 3270 1485 3352 prudens
1518 3271 1833 3352 appareat,
1869 3267 1972 3332 sed
2004 3267 2183 3331 debet
2229 3268 2458 3330 sincere
2503 3266 2810 3349 inquirere

341 3375 413 3441 de
441 3376 737 3441 veritate.
770 3372 907 3452 Qua
936 3374 1001 3437 in
1038 3392 1101 3437 re
1132 3373 1345 3437 eadem
1391 3373 1487 3436 est
1516 3371 1787 3437 conditio
1821 3370 2109 3442 hominis,
2142 3370 2269 3435 sive
2301 3369 2654 3455 ignorantia
2686 3369 2811 3433 cul-

344 3480 571 3563 pabih’s
604 3479 711 3555 sit,
745 3477 874 3542 sive
908 3476 1320 3560 inculpabilis.

431 3582 582 3648 Dixi
612 3583 896 3658 πηοεν-6,·
943 3599 1125 3664 agere
1171 3578 1335 3643 enim
1381 3577 1612 3642 sincere
1659 3575 1857 3651 debet,
1907 3577 2013 3659 qui
2045 3577 2308 3641 iudicem
2355 3576 2542 3641 habet
2589 3577 2809 3655 Deum,

340 3685 629 3751 cordium
653 3685 1082 3766 inspectorem.
1116 3679 1258 3745 Non
1281 3698 1428 3764 ergo
1454 3680 1857 3762 quaerenduS,
1892 3680 2000 3762 qui
2021 3679 2397 3757 blandiatur,
2424 3679 2812 3744 consiliarius

343 3809 451 3854 nec
482 3787 852 3871 sophisticis
881 3785 1228 3850 rationibus
1252 3783 1637 3849 illudendum
1668 3783 1788 3848 sibi
1818 3787 2045 3848 estnec
2075 3782 2608 3858 contemnendum,
2636 3781 2816 3863 quasi

343 3891 546 3956 inanis
582 3889 938 3973 scrupuluS,
980 3888 1259 3964 dubium,
1299 3886 1464 3968 quod
1499 3886 1763 3969 prudens
1797 3886 1991 3950 videri
2037 3887 2244 3968 queat.
2281 3885 2452 3948 Haec
2483 3885 2692 3947 autem
2729 3882 2818 3946 in-

344 3992 714 4076 quisitionis
746 3990 1069 4056 sinceritas
1100 4009 1172 4054 ac
1204 3989 1502 4053 sedulitas
1534 3989 1910 4072 praecipitur
1943 4008 2012 4051 ea
2043 3988 2200 4072 lege,
2235 4004 2356 4067 qua
2389 3987 2671 4049 tenemur
2701 3985 2818 4048 Dei

347 4097 516 4183 leges
544 4096 828 4179 implere.
855 4093 1149 4176 Quisquis
1173 4093 1339 4157 enim
1362 4092 1539 4156 debet
1565 4094 1741 4156 actus
1767 4110 1912 4155 suos
1938 4089 2015 4154 ad
2038 4090 2193 4175 legis
2218 4107 2502 4154 normam
2533 4087 2814 4173 dirigere,

346 4203 603 4266 tenetur
628 4199 824 4265 etiam
856 4196 930 4261 de
960 4197 1097 4280 lege
1127 4195 1453 4278 inquirere.

524 4308 600 4370 2⁰
633 4301 701 4368 Si
742 4320 866 4367 non
898 4300 1194 4382 inquirat,
1228 4318 1371 4363 cum
1402 4296 1617 4381 possit,
1653 4317 1723 4361 ex
1754 4298 1870 4362 hac
1907 4298 2039 4380 ipsa
2072 4296 2450 4382 negligentia
2496 4298 2709 4380 peccat
2755 4297 2816 4359 et

342 4407 458 4471 hoc
482 4407 820 4490 peccatum
841 4404 1023 4487 plane
1047 4399 1555 4486 distinguendum
1578 4401 1730 4464 esta
1756 4403 2027 4483 peccato,
2053 4399 2220 4481 quod
2249 4398 2408 4463 forte
2431 4398 2817 4482 praecedenti

343 4508 737 4593 negligentia
771 4505 1083 4570 commisit
1114 4507 1177 4569 et
1222 4503 1345 4568 fuit
1375 4522 1563 4568 causa
1595 4502 1934 4585 praesentis
1982 4503 2186 4566 status
2226 4500 2632 4565 conscientiae
2656 4519 2817 4565 erro-

342 4631 515 4679 neae.
544 4611 814 4694 Insuper
844 4608 898 4673 si
920 4608 1039 4673 iste
1063 4609 1215 4693 agat
1230 4608 1445 4673 contra
1479 4606 1935 4680 conscientiam,
1963 4624 2153 4687 quam
2176 4607 2325 4668 tunc
2346 4604 2552 4681 habet,
2581 4604 2811 4686 peccat,
