3529 5158
707 352 812 406 112
1218 362 1430 403 maor.
1468 362 1507 401 1.
1545 360 1632 408 nn
1667 359 1924 400 lac-rums
1961 358 2257 400 1101101110.
2296 356 2495 399 CAPUT
2531 355 2660 397 vm.
3027 343 3170 417 [119]

704 460 898 537 navit,
932 461 1085 524 haec
1131 458 1437 524 ordinatio
1485 459 1550 521 in
1600 457 1886 521 omnibus
1934 456 2281 519 actionibus
2321 455 2398 519 ad
2433 455 2616 518 illum
2661 453 2846 518 finem
2891 456 3174 520 subordi-

705 563 871 626 natis
920 581 990 625 ac
1036 581 1143 643 per
1190 579 1252 624 se
1302 558 1694 623 tendentibus
1741 560 2110 640 perseverat,
2153 575 2476 638 quousque
2522 556 2670 620 talis
2709 555 3017 621 ordinatio
3065 577 3175 641 per

707 665 917 727 actum
963 662 1346 727 contrarium
1392 661 1762 724 retractetur
1807 660 1937 723 sive
1976 658 2356 735 excludatur,
2405 657 2570 738 quod
2605 657 2683 720 fit
2711 677 2818 740 per
2848 659 3172 741 peccatum

708 765 990 830 mortale.

796 868 877 931 Et
906 867 1049 931 hinc
1078 866 1350 930 formula
1390 864 1703 928 doctrinae
1734 863 2036 948 Angelici‚
2073 863 2146 927 ad
2188 863 2553 927 relationem
2586 881 2842 945 operum
2872 864 2936 928 in
2970 865 3174 928 Deum

708 969 1069 1050 (virtualem
1092 968 1401 1051 intellige)
1434 967 1587 1031 satis
1612 985 1761 1042 esse,
1790 965 1955 1047 quod
1981 965 2120 1046 quis
2145 966 2230 1029 sit
2250 966 2314 1029 in
2339 967 2513 1029 statu
2537 965 2779 1048 gratiae
2810 984 2918 1030 seu
2951 967 3172 1030 habitu

708 1071 989 1135 caritatis
1021 1090 1142 1136 non
1175 1070 1574 1134 destituatur.

796 1172 880 1235 Et
925 1172 1129 1257 posita
1174 1172 1291 1234 hac
1338 1169 1743 1253 explicatione
1806 1168 1985 1233 facile
2039 1169 2232 1251 patet,
2281 1187 2391 1231 cur
2444 1187 2493 1232 0.
2544 1168 2816 1233 Thomas
2864 1169 3175 1234 affirmare

708 1274 1016 1356 potuerit:
1057 1298 1092 1331 «
1126 1272 1291 1355 quod
1340 1272 1547 1336 omnia
1594 1271 1829 1335 virtute
1876 1269 2221 1335 referantur
2265 1270 2331 1333 in
2377 1270 2599 1345 Deum,
2641 1270 2758 1334 hoc
2795 1271 3064 1352 pertinet
3096 1272 3174 1334 ad

706 1375 1141 1459 perfectionem
1164 1375 1463 1450 caritatis,
1496 1373 1569 1436 ad
1588 1391 1777 1454 quam
1806 1391 2016 1436 omnes
2053 1374 2341 1437 tenentur
2364 1397 2399 1429 »
2430 1389 2539 1435 nec
2570 1372 2777 1434 tamen
2801 1391 2990 1455 grave
3015 1391 3174 1437 onus

708 1478 1023 1559 imponat3
1073 1495 1215 1540 cum
1253 1476 1454 1558 reipsa
1492 1474 1731 1538 nullam
1766 1474 1955 1537 aliam
1994 1474 2239 1537 statuat
2276 1473 2744 1557 obligationem,
2786 1490 2974 1554 quam
3012 1494 3173 1555 quae

709 1599 782 1644 ex
826 1580 1141 1644 communi
1193 1579 1443 1643 notione
1506 1577 1859 1641 continetur
1903 1577 1966 1640 in
2015 1577 2338 1658 praecepto
2402 1576 2715 1650 caritatis;
2768 1576 2944 1639 actus
3007 1579 3172 1641 0111111

710 1682 960 1746 caritati
1004 1683 1163 1745 hanc
1209 1681 1573 1745 relationem
1620 1698 1726 1761 per
1775 1697 1838 1742 se
1883 1678 2165 1742 includit.

796 1784 848 1847 E
893 1783 1203 1848 contrario
1250 1782 1502 1867 gravior
1547 1780 1835 1844 evaderet
1878 1780 2154 1845 doctrina
2205 1798 2252 1842 0.
2287 1779 2780 1857 Bonaventurae,
2815 1780 3065 1863 exigens
3099 1783 3175 1845 ut

711 1886 994 1970 singulae
1042 1885 1313 1948 actiones
1362 1885 1474 1947 aut
1520 1883 1802 1967 singulae
1851 1883 2166 1946 actionum
2214 1881 2399 1945 series
2445 1882 2508 1946 in
2556 1885 2757 1948 Deum
2802 1884 3170 1948 referantur.

711 1986 827 2051 Sed
873 1986 1098 2050 idcirco
1146 1984 1513 2068 Seraphicus
1560 1985 1795 2048 Doctor
1840 1984 2093 2067 negavit
2140 1984 2256 2047 hoc
2302 2002 2432 2048 esse
2479 1988 2873 2069 praeceptum
2907 1989 2972 2050 et
3015 1987 3176 2050 dixit

711 2107 842 2153 esse
888 2088 1235 2162 consilium,
1277 2085 1800 2168 quemadmodum
1846 2105 1894 2149 s.
1930 2086 2200 2150 Thomas
2246 2085 2404 2149 dixit
2433 2104 2570 2151 esse
2607 2088 2956 2165 consilium,
3006 2088 3170 2170 quod

712 2190 994 2273 singulae
1042 2190 1314 2252 actiones
1362 2188 1439 2251 ad
1486 2188 1600 2251 Dei
1646 2187 1916 2271 gloriam
1965 2189 2110 2250 actu
2157 2186 2523 2252 referantur.

802 2287 934 2361 119.
983 2290 1217 2354 Verum
1265 2288 1630 2353 recentiores
1678 2288 2027 2352 doctrinam
2074 2306 2300 2352 novam
2347 2290 2831 2369 subintulerunt,
2872 2311 3030 2374 quae
3065 2312 3174 2357 nec

712 2414 760 2457 s.
794 2392 1269 2457 Bonaventurae
1307 2392 1402 2455 est
1431 2409 1541 2455 nec
1572 2410 1620 2454 0.
1655 2390 1930 2455 Thomae
1961 2390 2024 2453 et
2056 2389 2134 2453 ad
2165 2393 2560 2473 praeceptum
2591 2394 3049 2459 transtulerunt
3077 2414 3172 2471 ea,

710 2514 867 2577 quae
913 2495 1010 2559 illi
1070 2495 1350 2558 doctores
1400 2493 1477 2556 ad
1531 2492 1861 2556 consilium
1922 2493 2224 2576 pertinere
2271 2493 2614 2559 docuerunt
2659 2497 2723 2560 et
2767 2496 3174 2562 nihilominus

712 2598 1175 2662 adinventiones
1222 2615 1367 2660 suas
1403 2595 1651 2659 nomine
1681 2595 1908 2659 horum
1936 2595 2262 2659 doctorum
2293 2596 2711 2662 venditarunt.

801 2697 958 2764 Sane
1004 2698 1388 2781 perversione
1432 2696 1576 2759 ista.

894 2800 959 2861 10
998 2799 1350 2862 Habuimus
1384 2796 1830 2880 obligationem
1868 2797 2235 2880 principales
2270 2800 2542 2865 actiones
2580 2801 2870 2866 offerendi
2905 2803 3059 2867 Deo.

890 2903 959 2964 20
990 2900 1138 2966 111ᾶο
1179 2901 1315 2964 orta
1364 2898 1664 2982 obligatio
1703 2899 2039 2962 renovandi
2071 2899 2229 2963 hanc
2261 2900 2668 2967 intentionem
2706 2903 2937 2985 pluries
2973 2904 3036 2970 in
3078 2905 3176 2969 die

714 3004 827 3067 aut
872 3003 1095 3066 saltem
1141 3020 1341 3065 mane.

892 3105 960 3168 3⁰
992 3103 1141 3168 Inde
1166 3104 1229 3167 et
1261 3101 1582 3187 obligatio,
1611 3119 1799 3183 quam
1825 3098 2027 3166 Collet
2057 3102 2098 3166 l.
2127 3122 2177 3167 c.
2197 3122 2338 3188 pag.
2368 3104 2471 3169 88.
2501 3104 2690 3182 addit,
2718 3105 2790 3170 de
2823 3108 3178 3173 renovanda

710 3207 1086 3280 intentione3
1137 3205 1304 3286 quia,
1355 3204 1578 3285 inquit,
1629 3203 1707 3267 ob
1753 3203 2008 3287 longam
2045 3223 2284 3268 moram
2331 3206 2805 3290 interrumpitur
2836 3211 3178 3291 praemissa

711 3309 953 3374 relati0.

891 3411 960 3472 4⁰
1008 3409 1156 3473 Inde
1202 3411 1267 3472 et
1313 3408 1615 3492 obligatio
1665 3407 1887 3493 agendi
1933 3427 2004 3472 ex
2050 3410 2287 3473 motivo
2326 3412 2782 3493 supernaturali
2813 3413 2878 3477 in
2909 3414 3177 3499 singulis

714 3511 1019 3594 operibus,

890 3615 959 3676 5⁰
1008 3613 1154 3675 Inde
1203 3611 1505 3696 obligatio
1550 3612 1842 3695 operandi
1891 3631 2128 3695 semper
2161 3615 2273 3675 aut
2302 3632 2374 3676 ex
2405 3615 2672 3696 perfecta
2705 3617 2818 3678 aut
2848 3617 3073 3681 saltem
3106 3637 3175 3682 ex

710 3715 941 3780 initiali
988 3716 1270 3780 caritate.

800 3815 866 3881 Si
910 3818 1061 3882 haec
1109 3816 1315 3881 omnia
1365 3816 1855 3898 proponerentur
1885 3835 1992 3900 per
2038 3816 2292 3881 modum
2339 3818 2579 3882 consilii
2619 3819 2694 3882 ad
2725 3820 3028 3885 maiorem
3063 3823 3176 3886 Dei

710 3921 978 4007 gloriam
1026 3922 1214 4002 atque
1262 3919 1334 3984 ad
1386 3919 1687 3986 maiorem
1735 3918 2050 3984 actionum
2098 3922 2456 3987 nostrarum
2501 3921 2938 4004 perfectionem
2998 3926 3177 3990 meri-

712 4024 882 4108 tique
930 4023 1278 4088 uberiorem
1325 4022 1568 4105 copiam
1614 4020 2078 4104 assequendam,
2116 4023 2346 4106 optime
2394 4024 2640 4106 quidem
2688 4031 3179 4110 proponerentur

711 4127 774 4190 et
820 4126 1295 4189 inculcarentur.
1333 4125 1421 4187 At
1468 4123 1631 4204 quod
1669 4127 2093 4207 proponantur
2140 4144 2250 4190 ceu
2300 4125 2711 4211 obligationes
2746 4147 2819 4193 ex
2850 4133 3177 4213 praecepto

711 4232 824 4296 aut
870 4232 1151 4295 caritatis
1201 4233 1313 4295 aut
1345 4231 1601 4295 alterius
1633 4231 1909 4308 virtutis,
1942 4231 2005 4294 id
2039 4232 2440 4297 arbitrarium
2479 4235 2590 4311 est,
2631 4253 2882 4314 vanum,
2924 4236 3174 4314 falsum,

712 4332 790 4396 ad
820 4351 1055 4397 errores
1088 4333 1424 4415 perducens
1455 4351 1565 4396 nec
1596 4332 1844 4397 aliunde
1876 4333 2131 4415 profluit
2168 4335 2288 4398 nisi
2319 4354 2389 4399 ex
2422 4355 2545 4400 non
2576 4337 2908 4402 intellectis
2935 4357 3021 4404 00.
3057 4341 3180 4404 Do-

710 4435 954 4499 ctorum
1001 4433 1405 4499 documentis.
1448 4434 1655 4515 Atque
1687 4433 1932 4498 utinam
1981 4436 2200 4500 saltem
2235 4456 2376 4502 cum
2408 4457 2456 4502 s.
2491 4437 2932 4506 Bonaventura
2971 4441 3047 4506 ad
3087 4443 3178 4508 in-

709 4536 1054 4603 differentes
1103 4539 1279 4601 actus
1326 4538 1717 4604 revocassent
1749 4536 2050 4619 quidquid
2083 4539 2158 4602 ad
2192 4540 2305 4604 Dei
2344 4541 2612 4625 gloriam
2659 4542 2886 4624 aliquis
2918 4562 3045 4609 non
3083 4547 3177 4609 ita
