3529 5158
343 397 483 472 [196]
841 411 1223 453 anensium».
1261 411 1307 452 s.
1347 410 1650 451 Anrnousi
1689 409 1808 451 pao
1845 410 2294 453 PROBABILISMO
2693 402 2800 456 205

348 533 381 566 ‹
413 513 635 571 rentur
681 511 848 573 enim
892 508 1170 571 hostanes
1198 528 1276 570 ex
1307 506 1416 570 hoe
1447 509 1515 570 in
1559 511 1821 580 tantum,
1856 511 1927 570 ut
1954 507 2220 571 salutem
2250 510 2611 592 neyliyant:
2645 536 2801 594 qua-

348 615 663 690 «propter
698 609 1052 674 relaoeanda
1089 613 1183 674 est
1208 614 1512 690 quantum
1542 609 1688 689 fieri
1703 614 1917 689 potest
1943 609 2243 691 riqv'ditas·
2275 636 2333 675 ».

436 739 470 771 «
501 714 666 778 Hine
710 713 958 796 quando
994 712 1209 777 dicunt
1245 712 1599 788 adversarii,
1632 730 1754 776 non
1789 731 1920 776 esse
1949 712 2192 776 licitum
2230 715 2401 795 sequi
2452 717 2799 800 opinionem

349 841 383 875 ‹
412 817 724 881 faventem
768 814 1047 880 libertati
1079 814 1372 878 adversus
1402 814 1622 899 legem,
1658 816 1941 897 patenter
1971 816 2181 878 errant
2215 816 2278 879 in
2312 819 2625 895 terminis·,
2652 840 2798 884 nam

346 943 382 977 ‹
411 919 922 1000 quotiescumque
954 916 1129 981 adest
1149 917 1246 981 161
1285 916 1519 998 aliquid
1550 917 1787 991 vetans,
1824 916 2071 982 omnino
2102 917 2430 983 reiicienda
2462 923 2557 984 est
2590 922 2798 1004 opinio

347 1045 379 1077 ‹
410 1020 688 1085 libertati
704 1022 945 1085 favens:
966 1019 1070 1084 sed
1102 1019 1273 1102 prius
1297 1019 1446 1081 tunc
1469 1017 1786 1101 probanda
1809 1022 1905 1083 est
1926 1019 2283 1085 exsistentia
2306 1021 2483 1105 legis.
2504 1022 2798 1107 Exemplo

345 1146 378 1179 ‹
409 1142 506 1187 res
537 1123 764 1188 clarior
793 1122 920 1187 fiet.
946 1122 1069 1185 Lex
1116 1122 1229 1197 est,
1263 1120 1428 1202 quod
1476 1122 1540 1184 in
1586 1120 1801 1186 diebus
1832 1122 2005 1185 festis
2039 1140 2221 1204 opera
2268 1123 2517 1188 servilia
2566 1126 2692 1190 sint
2728 1127 2799 1190 il·

343 1250 378 1283 «
405 1225 612 1302 licita3
652 1224 761 1307 qui
809 1225 1020 1289 autem
1064 1226 1337 1289 censeret
1381 1223 1445 1286 in
1493 1222 1589 1287 die
1635 1223 1795 1287 festo
1840 1223 2084 1288 licitum
2121 1242 2250 1288 esse
2283 1225 2628 1311 depingere,
2678 1229 2798 1293 for-

344 1350 377 1383 «
409 1329 547 1392 tene
593 1328 868 1392 censeret
901 1326 1146 1390 licitum
1177 1344 1307 1390 esse
1337 1325 1588 1409 pingere
1624 1328 1839 1389 contra
1869 1327 2119 1411 legem?
2156 1324 2335 1392 Certe
2373 1348 2793 1412 nequaquam;

343 1453 376 1487 ‹
406 1448 618 1494 revera
665 1429 831 1493 enim
875 1429 1148 1493 censeret
1192 1427 1340 1509 ipse,
1375 1427 1539 1509 quod
1573 1428 1825 1512 pingere
1855 1446 1976 1492 non
2017 1430 2100 1493 sit
2132 1449 2287 1512 opus
2321 1432 2574 1499 servile:
2603 1454 2795 1515 quare

343 1555 376 1589 «
407 1531 513 1614 qui
558 1531 943 1596 contrarium
989 1531 1241 1606 teneret,
1282 1529 1518 1594 scilicet
1561 1530 1727 1613 quod
1758 1531 2007 1614 pingere
2056 1551 2209 1614 opus
2243 1535 2462 1597 servile
2495 1536 2597 1607 sit,
2632 1537 2794 1600 male

342 1659 375 1692 «
407 1634 715 1718 argueret,
751 1633 805 1697 si
841 1632 1089 1711 diceret,
1123 1650 1244 1696 non
1292 1650 1424 1697 esse
1469 1618 1728 1696 licitum'
1751 1634 2022 1717 pingere,
2058 1636 2203 1715 quia
2251 1638 2413 1700 esset
2451 1640 2665 1701 contra
2714 1638 2795 1702 le·

340 1761 373 1795 ‹
404 1756 576 1820 gem:
597 1736 714 1799 hoc
729 1734 895 1799 enim
927 1752 1194 1799 asserere
1210 1753 1334 1798 non
1351 1736 1578 1816 posset,
1598 1753 1740 1797 cum
1757 1732 2101 1811 dubitatur,
2130 1756 2207 1799 an
2227 1736 2390 1801 adsit
2420 1738 2516 1801 lex
2543 1740 2793 1824 pingere

340 1863 376 1897 «
406 1840 622 1903 vetans
649 1838 748 1901 vel
770 1855 913 1903 non.
934 1836 1153 1901 Potius
1178 1836 1376 1900 dicere
1412 1836 1677 1911 deberet,
1705 1837 2058 1918 opinionem
2081 1839 2460 1903 contrariam
2497 1841 2788 1918 militare,

338 1966 376 2001 α
405 1960 528 2006 666
551 1942 769 2005 666116
790 1940 1013 2024 legem,
1039 1938 1144 2003 sed
1168 1940 1383 2002 contra
1400 1938 1773 2003 sententiam
1797 1956 2009 2003 eorum
2026 1940 2134 2021 qui
2159 1940 2510 2019 adstruunt,
2539 1943 2703 2024 quod
2727 1945 2792 2008 in

337 2068 374 2103 <
411 2062 483 2108 eo
514 2062 664 2107 casu
691 2041 856 2107 adsit
882 2042 981 2106 161
1010 2042 1260 2125 pingere
1292 2043 1527 2105 vetans.
1548 2039 1629 2104 Et
1647 2042 1798 2104 tunc
1820 2059 2078 2122 sequens
2103 2043 2453 2124 opinionem
2478 2065 2588 2128 pro
2614 2046 2794 2110 liber-

337 2170 374 2205 «
404 2146 557 2221 tate,
592 2145 712 2210 etsi
756 2144 963 2208 minus
1009 2143 1409 2226 probabilem,
1460 2146 1691 2226 ageret,
1730 2162 1853 2207 non
1900 2146 2115 2207 contra
2152 2144 2374 2229 legem,
2424 2147 2527 2210 sed
2575 2152 2789 2213 6611116

335 2275 372 2308 «
403 2249 778 2315 sententiam
802 2248 1197 2320 asserentem,
1222 2246 1433 2310 adesse
1455 2246 1674 2329 legem.
1704 2246 1982 2328 Denique
2005 2248 2234 2311 vellent
2256 2248 2532 2313 fautores
2556 2251 2792 2334 rigidae

335 2377 370 2411 ι
403 2353 748 2418 6661661166
776 2350 1081 2415 mundum
1107 2348 1487 2432 obstringere
1512 2348 1591 2411 ad
1615 2348 2029 2412 observandas
2062 2352 2363 2431 tanquam
2384 2352 2553 2435 leges
2580 2372 2790 2418 omnes

336 2480 372 2514 «
403 2456 547 2521 11166
584 2452 1063 2520 166616616111166
1110 2451 1445 2535 opiniones,
1480 2470 1636 2532 quas
1665 2450 2109 2533 probabiliores
2156 2452 2273 2534 ipsi
2311 2472 2443 2517 esse
2490 2455 2792 2520 arbitran-

335 2583 373 2618 ‹
405 2561 527 2624 tur.
553 2557 860 2623 Fautores
884 2555 1095 2619 autem
1118 2553 1418 2638 benignae
1442 2553 1782 2618 sententiae
1806 2554 2028 2619 volunt
2048 2554 2215 2639 leges
2239 2556 2471 2621 servari
2504 2558 2576 2621 ut
2600 2557 2785 2642 leges,

334 2688 370 2721 ‹
404 2662 722 2745 opiniones
759 2661 970 2724 autem
1017 2659 1092 2723 ut
1129 2657 1464 2741 opiniones,
1502 2676 1662 2739 quae
1691 2677 2011 2739 nunquam
2046 2659 2173 2722 vim
2206 2659 2362 2744 legis
2393 2661 2616 2726 habere
2656 2681 2792 2745 pos-

334 2788 372 2823 «
403 2765 568 2828 sunt.
617 2762 879 2828 Utinam
924 2760 1249 2825 christiani
1292 2759 1459 2844 leges
1504 2761 1705 2824 certas
1761 2761 2097 2834 servarent,
2146 2761 2294 2843 quin
2320 2747 2431 2827 ⁸eis
2479 2763 2789 2830 addantur

334 2892 372 2924 ι
401 2867 709 2930 incertae!
749 2863 925 2929 Sicut
967 2862 1130 2927 enim
1178 2864 1345 2927 Deus
1391 2862 1701 2945 praecepit
1745 2862 1903 2927 nihil
1949 2883 1987 2927 a
2039 2863 2176 2948 lege
2225 2864 2646 2934 auferendum.
2694 2869 2785 2932 ita

333 2992 368 3026 ι
401 2967 556 3032 nihil
596 2965 962 3042 addendum,
996 2967 1071 3029 ut
1093 2965 1279 3029 Deut.
1306 2964 1414 3028 IV.
1444 2966 1503 3028 2.
1536 2963 1690 3028 Non
1717 2963 1964 3029 addetis
1985 2964 2074 3028 ad
2096 2965 2345 3030 verbum
2376 2968 2544 3048 qaod
2570 2968 2789 3050 loquo-r

332 3096 367 3130 ι
397 3070 594 3144 vobis,
632 3090 744 3134 nee
779 3068 1080 3148 auferetis
1108 3067 1189 3131 ab
1223 3087 1293 3131 eo
1327 3093 1389 3131 ».

420 3198 456 3232 «
494 3173 732 3239 Deinde
775 3172 876 3236 hic
921 3170 1362 3252 consequenter
1398 3173 1542 3252 peto
1566 3171 1644 3233 ab
1682 3169 2070 3244 adversariis,
2110 3172 2186 3233 ut
2214 3169 2487 3234 iudicent
2533 3171 2617 3252 (si
2654 3192 2790 3254 pos-

332 3302 366 3334 «
406 3279 583 3358 sunt)
629 3276 884 3340 ubinam
929 3275 1130 3358 legem
1175 3274 1333 3337 hanc
1379 3291 1509 3336 esse
1547 3271 1842 3353 scriptam
1873 3272 2237 3344 invenerint,
2272 3273 2438 3353 quod
2464 3275 2790 3337 teneamur

330 3403 366 3437 «
396 3380 561 3443 inter
599 3376 914 3462 opiniones
944 3374 1291 3458 probabiles
1317 3371 1759 3456 probabiliores
1784 3373 2004 3453 sequi?
2026 3373 2287 3438 11666161
2304 3373 2573 3456 quidem,
2602 3380 2790 3458 prout

333 3507 369 3539 «
399 3479 790 3556 universalis,
840 3477 1087 3543 deberet
1130 3476 1417 3542 omnibus
1463 3493 1592 3539 esse
1629 3476 1779 3539 6616
1825 3476 1890 3538 61
1936 3477 2135 3549 66116ς
2187 3478 2256 3539 61
2300 3477 2616 3558 quomodo
2664 3479 2789 3544 ista

327 3610 364 3644 «
395 3583 683 3648 16166116
705 3580 826 3645 dici
848 3580 1074 3663 potest,
1092 3597 1236 3643 cum
1259 3577 1603 3642 communis
1635 3577 1939 3642 sententia
1971 3577 2093 3653 dd„
2120 3578 2340 3643 saltem
2373 3580 2558 3666 longe
2589 3583 2791 3647 maior

327 3711 362 3744 «
397 3685 653 3749 illorum
689 3701 834 3766 pars
872 3682 1016 3765 post
1043 3681 1293 3745 tantum
1340 3678 1664 3744 discrimen
1707 3679 1989 3744 absolute
2036 3684 2333 3754 asserant,
2384 3682 2541 3746 hanc
2587 3685 2787 3768 legem

329 3815 364 3847 «ι
397 3807 523 3853 666
555 3783 1175 3866 adessePusquedum
1190 3782 1388 3866 igitur
1418 3780 1492 3845 de
1528 3781 1642 3845 tali
1674 3781 1809 3864 lege
1834 3781 2179 3860 dubitatur,
2200 3784 2406 3866 opinio
2432 3785 2598 3867 quod
2624 3787 2790 3851 adsit

329 3917 364 3949 ‹
398 3891 551 3954 haee
587 3889 686 3953 lex
723 3886 1015 3969 sequendi
1051 3885 1487 3970 probabiliora,
1527 3886 1814 3967 quamvis
1846 3886 2031 3950 alicui
2066 3887 2350 3950 videatur
2387 3888 2786 3969 probabilior,

328 4019 363 4050 ‹
396 4010 720 4076 nunquam
766 3993 973 4054 tamen
1019 3990 1117 4054 161
1160 3988 1282 4052 dici
1327 3987 1575 4071 poterit,
1610 3987 1713 4052 sed
1761 3989 2128 4071 appellanda
2175 3989 2293 4053 erit
2338 4009 2506 4053 mera
2557 3990 2785 4073 opinio,

328 4125 366 4158 ‹
396 4099 621 4181 utpote
667 4115 739 4161 61
785 4093 1031 4159 fallibili
1077 4093 1314 4158 motivo
1351 4092 1635 4166 deducta,
1684 4111 1844 4174 quae
1880 4094 2008 4156 vim
2054 4111 2449 4174 nequaquam
2486 4094 2676 4157 habet
2711 4097 2788 4159 ut

332 4226 366 4258 ‹
398 4201 498 4265 lex
537 4197 859 4283 obligandi
892 4223 952 4260 ».

423 4329 460 4361 ‹
491 4303 685 4384 quue
716 4301 879 4365 clare
900 4298 1269 4365 confirmant
1289 4297 1348 4361 d.
1375 4298 1648 4364 Thomas
1670 4301 1735 4363 et
1756 4298 1815 4361 d.
1850 4298 2231 4363 Antoninus:
2258 4317 2403 4363 nam
2427 4299 2486 4363 d.
2513 4300 2788 4366 Thomas

328 4432 366 4467 α
395 4408 462 4471 in
500 4402 846 4487 Quodlibet.
875 4404 937 4467 9.
964 4403 1081 4467 art.
1111 4403 1214 4466 15.
1246 4402 1335 4466 sic
1366 4402 1489 4466 ait:
1531 4399 1918 4482 Respondeo,
1966 4400 2315 4476 dicendum,
2367 4402 2538 4483 quod
2583 4406 2786 4470 manis

327 4535 364 4567 «ι
395 4508 677 4589 quaestio
721 4507 795 4569 in
838 4525 965 4586 qua
1008 4503 1081 4568 de
1100 4509 1353 4584 peceato
1389 4504 1642 4568 mortali
1677 4505 2024 4585 quaeritur,
2066 4504 2198 4568 nisi
2232 4525 2518 4586 expresse
2551 4509 2784 4570 veritas

332 4636 368 4670 «
399 4613 607 4692 (nota)
637 4608 963 4681 habeatur,
989 4606 1334 4687 periculose
1380 4606 1835 4671 determinatur
1854 4628 1875 4683 ,·
1922 4607 2073 4688 quia
2118 4627 2299 4671 error
2343 4628 2463 4688 quo
2496 4629 2619 4671 non
2659 4631 2784 4670 ere·
