3529 5158
760 417 869 471 244
1232 429 1444 469 τΒΑοτ.
1485 430 1550 470 11.
1590 430 1674 470 mn
1711 428 2128 470 consumans.
2164 426 2363 469 caru‘r
2401 425 2465 466 11.
2504 425 2647 466 mm.
2684 424 2774 466 111.
3085 408 3231 485 [214]

759 527 949 591 habet
991 526 1054 589 in
1099 526 1252 590 iure.
1286 525 1450 589 Nam
1475 526 1868 606 principium
1904 523 2322 604 possessionis
2366 521 2631 586 habetur
2661 520 2727 584 in
2767 521 2875 585 65.
2908 540 3038 605 reg.
3072 521 3228 585 iuris

757 629 822 693 in
861 630 930 691 6ο
960 627 1085 703 ita3
1127 653 1161 685 «
1193 628 1277 691 In
1311 629 1469 707 pari
1512 627 1732 692 delicto
1771 631 1832 691 et
1874 646 2065 691 causa
2080 625 2296 706 potior
2326 628 2420 688 est
2446 622 2717 687 caudino
2737 622 3131 702 possidentis
3163 650 3223 687 ».

757 731 1004 795 Dicitur
1033 730 1270 809 inpari
1299 730 1538 807 delicto,
1579 730 1826 813 quando
1874 731 2134 810 uterque
2162 747 2306 793 reus
2339 728 2435 792 est
2471 725 2745 790 eiusdem
2778 725 3013 802 delicti,
3041 746 3100 789 v.
3129 747 3224 811 gr.

758 834 810 897 si
848 833 987 915 quis
1032 832 1354 916 pecuniam
1384 833 1490 897 det
1525 833 1733 907 iudici,
1776 834 1851 896 ut
1895 832 2055 896 ferat
2098 831 2381 912 iniquam
2428 828 2825 894 sententiam.
2866 828 3116 892 Dicitur
3161 828 3227 892 in

749 935 907 1014 pari
929 955 1137 1011 ccl-usa,
1171 934 1416 1017 quando
1455 936 1727 1000 rationes
1764 954 1873 999 seu
1910 935 2048 998 iura
2080 952 2272 1015 aeque
2302 932 2553 1014 utrique
2585 931 2752 1014 parti
2783 930 2990 995 favere
3023 930 3231 995 viden-

766 1039 889 1113 tur,
925 1057 984 1100 ν.
1018 1057 1112 1121 gr.
1150 1036 1215 1099 in
1246 1056 1413 1113 casu,
1448 1056 1633 1118 quem
1668 1036 1968 1100 habemus
1997 1035 2061 1098 in
2099 1054 2231 1117 eap.
2266 1032 2341 1098 Si·
2373 1054 2417 1097 a
2441 1031 2616 1107 Sede,
2642 1031 2716 1096 de
2740 1030 3141 1096 Praebendi-s
3170 1034 3234 1095 et

769 1138 1186 1219 diynitatibus
1213 1138 1279 1201 in
1312 1138 1415 1202 60:
1456 1165 1490 1196 «
1529 1137 1593 1203 Si
1628 1158 1663 1202 a
1696 1137 1847 1202 Sede
1885 1137 2246 1220 Apostoliea
2276 1136 2375 1200 vel
2406 1135 2643 1220 Legato
2667 1134 2865 1217 ipsius
2902 1134 3019 1197 emi
3048 1135 3113 1198 et
3150 1133 3229 1196 ab

768 1239 1092 1303 Ordinatio
1139 1238 1330 1302 alteri
1359 1239 1571 1304 eodem
1602 1240 1700 1304 die
1730 1239 1893 1304 idem
1925 1238 2288 1303 beneficium
2333 1237 2705 1313 conferatur,
2753 1255 2864 1301 nee
2909 1238 3227 1319 appareat,

768 1360 926 1422 quae
981 1341 1232 1405 collatio
1279 1342 1470 1406 fuerit
1515 1342 1714 1424 primo
1761 1341 1948 1417 faeta,
2007 1341 2126 1405 erit
2171 1339 2378 1423 potior
2423 1337 2693 1403 conditio
2752 1337 3123 1420 possidentis
3164 1362 3225 1401 ».

769 1443 940 1507 Idem
977 1444 1186 1521 dicito,
1222 1444 1275 1507 si
1303 1444 1369 1508 in
1400 1443 1627 1509 iudicio
1659 1444 1984 1525 utriusque
2015 1443 2211 1526 partis
2243 1444 2432 1506 testes
2468 1440 2701 1505 fuerint
2732 1458 2926 1522 aeque
2955 1440 3180 1505 idonei.

856 1546 1050 1611 Porro
1084 1546 1243 1612 ratio
1276 1547 1463 1610 huius
1493 1547 1745 1631 regulae
1771 1546 1858 1610 sic
1888 1546 2252 1629 exprimitur
2279 1544 2343 1608 in
2360 1544 2403 1609 1.
2432 1542 2590 1608 Cum
2616 1564 2744 1623 par
2773 1542 3067 1606 delictum
3096 1542 3223 1624 diy.

765 1647 866 1711 De
897 1648 1019 1710 div.
1052 1648 1212 1730 Rey.
1239 1648 1414 1712 Iun:
1454 1674 1488 1706 «
1520 1646 1679 1712 Cum
1716 1667 1829 1731 par
1859 1647 2154 1711 delictum
2200 1648 2294 1711 est
2332 1645 2619 1723 duorum,
2652 1664 2892 1724 sempe-r
2927 1648 3228 1708 oneratur

749 1751 987 1829 petitor
1011 1752 1074 1814 et
1093 1751 1313 1815 melior
1335 1750 1601 1815 habetur
1623 1749 1994 1833 possessoris
2017 1767 2205 1813 causa
2237 1774 2300 1812 ».
2325 1748 2409 1811 Et
2436 1765 2652 1812 rursus
2679 1746 2715 1830 ξ
2741 1745 3138 1810 Retinendae
3160 1748 3222 1810 4.

763 1854 968 1917 instit.
1003 1852 1104 1917 De
1136 1854 1542 1917 Inter-dictis:
1583 1877 1618 1911 ‹<
1649 1850 2059 1917 Commodum
2086 1852 2296 1915 autem
2321 1850 2688 1934 possidentis
2718 1849 2780 1914 in
2815 1869 2888 1915 eo
2920 1850 3033 1927 est,
3060 1849 3228 1931 quod

764 1956 1009 2020 etiamsi
1055 1957 1184 2021 eius
1232 1976 1329 2020 res
1375 1974 1497 2020 non
1544 1956 1646 2031 sit,
1710 1956 1821 2037 qui
1866 1953 2157 2037 possidet,
2215 1954 2269 2017 si
2314 1952 2497 2018 modo
2551 1956 2727 2015 actor
2772 1971 2894 2018 non
2950 1952 3229 2034 potuerit

764 2075 943 2121 suam
975 2075 1105 2120 esse
1135 2058 1414 2139 probare,
1447 2058 1726 2121 remanet
1758 2057 1822 2120 in
1856 2074 1968 2121 suo
1999 2055 2135 2120 loeo
2172 2056 2513 2139 possessio:
2552 2056 2804 2138 propter
2849 2073 3038 2136 quam
3087 2073 3231 2117 eau-

766 2177 900 2222 sam
930 2179 1068 2221 eum
1098 2158 1358 2223 obseura
1388 2163 1540 2224 sunt
1569 2160 1893 2239 utriusque
1940 2159 2103 2234 iura,
2142 2161 2361 2221 eonem
2376 2158 2710 2236 petitorem
2747 2156 3021 2219 iudicari
3051 2155 3225 2220 solet.

853 2260 912 2324 N
918 2263 1142 2337 otetur,
1169 2262 1333 2343 quod
1358 2262 1586 2327 dieitur
1616 2287 1650 2319 «
1674 2280 1915 2344 semper
1940 2261 2230 2325 oneratur
2253 2259 2482 2342 petitor
2498 2284 2574 2334 »;
2618 2260 2755 2323 tum
2788 2258 2988 2323 aliud:
3030 2282 3068 2317 «
3084 2278 3226 2322 eum

766 2364 1025 2428 obseura
1079 2366 1225 2428 sunt
1276 2365 1604 2446 utriusque
1657 2364 1816 2439 iura,
1867 2364 2084 2428 eontra
2137 2361 2468 2445 petitorem
2512 2360 2826 2425 iudicatur
2866 2385 2926 2424 ».
2984 2360 3229 2426 Petitor

765 2485 980 2549 nempe
1025 2465 1272 2548 perinde
1318 2469 1413 2531 est
1459 2485 1531 2530 ae
1576 2464 1796 2541 Actor,
1831 2465 1939 2546 qui
1971 2463 2101 2528 soil.
2152 2464 2421 2527 alterum
2468 2462 2545 2527 ad
2590 2461 2890 2528 iudicium
2927 2464 3231 2546 provocat

764 2570 829 2634 et
857 2589 986 2632 rem
1018 2569 1296 2651 aliquam
1337 2569 1415 2633 ab
1453 2587 1522 2633 eo
1562 2566 2000 2652 praestandam
2044 2565 2220 2649 petit,
2254 2565 2362 2648 qui
2408 2566 2734 2649 propterea
2781 2566 2833 2629 Ι.
2866 2562 2954 2629 In
3001 2565 3225 2644 tribus,

763 2671 906 2754 Dig.
942 2670 1015 2734 de
1063 2670 1330 2735 Iudiciis
1367 2673 1431 2736 et
1461 2690 1511 2734 e.
1560 2667 1744 2734 Inter
1776 2668 2049 2742 dilectos,
2096 2667 2170 2732 de
2207 2667 2331 2748 fide
2378 2667 2685 2733 Instrum.
2736 2668 2925 2733 etiam
2971 2667 3228 2733 Patitor

763 2773 1139 2837 nominatur.
1179 2773 1356 2837 Alter
1393 2791 1556 2850 vero,
1591 2791 1775 2854 quem
1807 2772 2065 2852 quisque
2100 2771 2294 2853 petat,
2329 2770 2556 2835 dicitur
2586 2769 2797 2847 Reus,·
2821 2789 3091 2852 namque
3127 2791 3229 2856 ge-

764 2874 1028 2938 neratim
1071 2874 1375 2957 loquendo
1408 2873 1583 2938 Reus
1613 2892 1734 2937 non
1768 2873 2040 2963 sumitur
2072 2891 2181 2955 pro
2214 2872 2543 2937 criminoso
2576 2873 2641 2938 et
2670 2872 3084 2954 delinquente,
3120 2874 3224 2939 sed

761 2976 849 3039 sic
872 2977 1230 3041 nominatur
1261 2995 1297 3041 a
1320 2976 1439 3048 Re,
1465 2994 1623 3058 quae
1655 2975 1732 3038 ab
1757 2994 1829 3039 eo
1855 2975 2107 3058 petitur.
2134 2974 2342 3056 Atque
2366 2974 2507 3038 hino
2530 2976 2644 3052 est,
2678 2974 2845 3056 quod
2873 2975 2938 3039 in
2956 2994 3086 3060 reg.
3118 2978 3223 3040 11.

762 3078 887 3141 Iur.
921 3078 982 3142 in
1020 3079 1120 3154 6⁰3
1165 3077 1322 3143 Cum
1351 3081 1501 3142 sunt
1520 3078 1812 3157 partium
1856 3078 2005 3139 iura
2035 3076 2314 3154 obse-ura,
2355 3097 2458 3140 reo
2494 3076 2829 3155 favendum
2872 3081 2970 3141 est
2982 3079 3225 3157 potitae,

761 3202 949 3261 quam
982 3183 1228 3258 emtori,-
1275 3200 1416 3245 reus
1461 3180 1688 3244 dieitur
1733 3179 1859 3256 ille,
1895 3199 1930 3242 a
1978 3197 2101 3261 quo
2149 3178 2383 3260 aliquid
2415 3179 2493 3243 ab
2525 3181 2732 3244 actore
2777 3178 2969 3243 etiam
3012 3180 3228 3262 inique

763 3284 1014 3365 petitur.
1049 3285 1148 3348 lta
1180 3284 1344 3348 enim
1382 3283 1535 3346 etin
1570 3302 1622 3345 e.
1660 3280 1877 3345 Foras
1910 3282 1968 3344 6.
2010 3281 2082 3344 de
2138 3280 2317 3345 Verb.
2366 3281 2683 3362 similia:
2729 3306 2763 3340 «
2810 3282 2978 3347 Reus
3027 3301 3063 3346 a
3112 3282 3227 3358 Re,

762 3403 921 3465 quae
945 3386 1197 3467 petitur,
1231 3386 1656 3468 nuncupatur:
1692 3384 1839 3466 quia
1878 3383 2164 3465 quamvis
2194 3383 2476 3448 conscius
2515 3383 2759 3449 sceleris
2792 3402 2917 3449 non
2950 3384 3053 3462 sit,
3078 3405 3229 3448 reus

766 3488 974 3550 tamen
1005 3487 1250 3565 dieitur,
1288 3486 1563 3569 quandiu
1611 3485 1674 3550 in
1723 3485 2025 3550 iudicium
2064 3504 2172 3569 pro
2209 3504 2275 3549 re
2314 3486 2525 3567 aliqua
2560 3485 2796 3568 petitur
2828 3511 2889 3550 ».

855 3590 1179 3654 Possessor
1202 3608 1346 3673 ergo
1366 3589 1571 3671 partes
1600 3588 1699 3650 rei
1733 3588 1922 3651 habet
1951 3589 2015 3652 et
2043 3587 2106 3651 in
2131 3607 2280 3651 casu
2310 3589 2524 3653 nostro
2555 3590 2652 3652 rei
2674 3590 2881 3671 partes
2908 3589 3045 3674 agit
3060 3591 3231 3672 quis-

762 3692 901 3774 quis
939 3693 1191 3775 petitur‚
1227 3693 1300 3754 ut
1329 3691 1648 3773 quidpiam
1678 3691 1968 3773 praestet.
2003 3690 2525 3772 Quotiescumque
2540 3690 2729 3755 dubia
2754 3691 2883 3755 sint
2913 3692 3065 3755 iura
3096 3694 3231 3756 eati—

759 3796 964 3878 yemis
1000 3795 1275 3878 (exigens
1322 3795 1532 3856 autem
1563 3812 1674 3857 seu
1704 3794 1943 3872 petitor
1977 3793 2042 3857 in
2087 3811 2235 3857 casu
2283 3793 2377 3856 est
2423 3791 2572 3876 lex),
2621 3792 2916 3858 standum
2963 3796 3060 3858 est
3110 3814 3225 3877 pro

759 3920 882 3976 reo,
918 3919 1026 3962 seu
1057 3915 1168 3980 pro
1201 3914 1566 3979 possessore.

844 3995 1006 4070 214.
1054 3997 1515 4063 Advertendum
1561 4015 1708 4082 ergo
1757 3998 1870 4060 est.
1926 3998 1992 4059 1⁰
2039 3997 2338 4061 Doctores
2384 3997 2601 4079 utique
2657 3996 2931 4062 tenuisse
2992 3996 3230 4080 princi-

755 4106 930 4187 pium
960 4100 1361 4186 possessionis
1385 4101 1574 4164 etiam
1592 4099 1793 4181 quoad
1813 4099 2034 4182 legem,
2068 4098 2172 4163 sed
2198 4101 2267 4162 2Ο
2291 4099 2353 4163 id
2379 4099 2650 4164 voluisse
2673 4099 2747 4162 in
2769 4096 3225 4177 dubi0,ideireo

752 4209 826 4269 3⁰
864 4225 984 4270 non
1022 4205 1343 4269 inclusisse
1375 4222 1588 4267 casum
1619 4202 1938 4281 opinionis
1955 4199 2346 4280 probabilis;
2380 4201 2528 4283 quia
2556 4201 2760 4284 reipsa
2792 4220 2864 4266 ex
2901 4204 3227 4268 communi

753 4308 1126 4378 definitione,
1161 4307 1364 4369 status
1391 4303 1680 4387 opinandi
1713 4304 1877 4368 alius
1902 4306 1996 4367 est
2027 4322 2063 4367 a
2102 4304 2273 4367 statu
2308 4303 2676 4368 dubitantis.

846 4410 1128 4473 Primum
1181 4408 1244 4471 et
1303 4404 1639 4471 secundum
1685 4407 1772 4470 sie
1828 4426 1899 4470 ex
1946 4404 2171 4470 Suarez
2219 4424 2536 4471 sumemus
2582 4406 2646 4469 in
2697 4406 2754 4470 1.
2808 4407 2870 4470 2.
2921 4408 3105 4472 tract.
3158 4410 3227 4473 3.

759 4512 913 4592 disp.
954 4511 1055 4572 12.
1091 4510 1236 4572 sect.
1273 4511 1331 4573 5.
1366 4530 1424 4572 n.
1464 4508 1579 4590 7.):
1623 4533 1656 4564 ⁴<
1689 4505 1866 4572 Circa
1899 4507 2154 4571 dubiam
2189 4508 2344 4574 iuris
2391 4511 2488 4573 est
2517 4507 2983 4586 advertendum,
3028 4511 3228 4576 variis

762 4612 960 4676 modis
995 4631 1170 4694 posse
1192 4612 1565 4694 contingere.
1599 4609 1845 4687 Primo,
1880 4610 2025 4691 quia
2051 4610 2413 4694 simpliciter
2442 4611 2767 4676 dubitatur
2805 4611 2878 4677 de
2911 4614 3049 4677 tota
3083 4613 3235 4699 lege
