3529 5158
352 305 485 382 [313]
559 320 643 360 AN
669 318 860 360 AGTUS
885 317 1056 358 11111111
1081 315 1334 356 mmmm
1359 313 1648 355 ranacrm
1672 314 1918 358 Possim*
1942 316 2183 358 0111111111
2209 319 2288 358 AB
2319 317 2611 359 mccnnsm
2684 305 2792 360 329

352 439 480 484 cam
510 417 917 501 prohibentur
948 418 1013 479 et
1035 414 1398 497 puniuntur,
1425 431 1584 494 quae
1615 416 1827 478 tamen
1852 431 1974 478 11011
2008 418 2267 496 possunt
2291 435 2397 497 per
2428 417 2800 482 sententiam

353 521 610 585 hominis
672 518 1085 595 condemnari,
1129 516 1368 610 *quippe
1437 515 1684 598 penitus
1733 517 1976 582 occulta
2040 521 2103 581 et
2164 537 2321 599 quae
2368 520 2616 601 probari
2678 539 2800 584 non

458 642 487 686 s
536 627 654 686 nt?

351 642 723 804 poziliinimo
771 724 835 787 id
882 723 1210 787 admittere
1255 722 1504 805 cogitur
1551 720 1777 785 Suarez
1818 721 2046 787 nedum
2093 724 2254 789 eirca
2292 726 2468 789 actus
2502 726 2795 800 occultOS,

348 827 447 892 sed
492 828 686 891 etiam
732 827 894 890 circa
941 828 1118 890 actus
1164 825 1255 888 ita
1301 825 1602 896 internos,
1648 826 1721 888 ut
1767 824 1924 888 nihil
1970 810 2238 890 exterius
2284 826 2603 908 prodeant.
2635 827 2798 891 Nam

348 950 471 1012 cap.
513 931 613 993 13.
648 930 983 1012 postquam
1012 948 1072 991 n.
1112 928 1213 992 10.
1252 927 1519 991 asseruit
1572 953 1606 985 «
1639 944 1817 1009 posse
1850 927 2088 1009 peccari
2132 928 2410 1011 graviter
2457 931 2671 993 contra
2719 930 2801 994 le-

345 1052 478 1116 gem
528 1031 1005 1096 ecclesiasticam
1052 1049 1124 1094 ex
1169 1030 1412 1094 defectu
1457 1029 1667 1111 aliquo
1702 1030 1772 1092 in
1803 1033 1947 1092 actu
1981 1031 2227 1106 mentis,
2262 1031 2509 1095 etiamsi
2545 1032 2609 1095 in
2641 1034 2801 1097 exte-

344 1135 498 1198 riore
547 1133 788 1197 actione
833 1151 956 1198 non
1004 1134 1300 1214 appareat
1346 1132 1620 1196 defectus
1653 1157 1687 1189 »
1727 1151 1786 1194 v.
1819 1151 1914 1214 gr.
1952 1131 2015 1195 in
2061 1131 2405 1196 intentione
2452 1133 2551 1196 vel
2583 1133 2799 1197 orandi

343 1236 432 1300 vel
463 1234 860 1300 ministrandi
884 1237 999 1298 aut
1020 1233 1378 1298 conficiendi
1403 1236 1515 1298 aut
1536 1233 1868 1316 recipiendi
1891 1236 2299 1312 sacramenta,
2326 1254 2385 1297 11.
2418 1235 2518 1298 13.
2554 1235 2791 1299 subdit:

348 1363 379 1396 «
397 1337 636 1417 Quarto
663 1337 876 1414 infero,
903 1336 1066 1400 sicut
1089 1336 1153 1399 in
1176 1335 1274 1399 his
1297 1335 1542 1400 casibus
1567 1338 1858 1418 peccatur
1880 1338 2096 1401 eontra
2122 1339 2445 1418 praecepta
2467 1337 2791 1413 Ecclesiae,

339 1441 423 1504 ita
459 1459 642 1522 posse
690 1439 920 1503 incurri
958 1457 1279 1503 censuram
1324 1438 1427 1502 vel
1456 1438 1611 1502 alias
1659 1457 1887 1520 poenas
1939 1439 2072 1520 ipso
2119 1440 2254 1503 iure
2299 1440 2626 1523 impositas
2670 1459 2794 1506 non

334 1543 725 1607 servantibus
771 1542 927 1605 talia
972 1543 1318 1623 praecepta.
1368 1540 1646 1616 Rati0...,
1705 1541 1853 1621 quia
1902 1540 2206 1622 quidquid
2267 1545 2476 1624 potest
2520 1543 2793 1608 Ecclesia

335 1645 444 1708 sub
482 1644 869 1729 obligatione
901 1643 1137 1726 peccati
1166 1643 1453 1706 mortalis
1488 1643 1853 1725 praecipere,
1895 1645 2103 1725 potest
2133 1642 2437 1728 condigna
2463 1663 2658 1728 poena
2696 1645 2794 1708 vel

331 1766 588 1812 censura
636 1747 853 1829 punire
876 1765 983 1828 per
1011 1746 1344 1828 ipsammet
1388 1745 1609 1829 legem,
1644 1746 1875 1828 absque
1913 1745 2043 1810 ulla
2077 1747 2385 1810 sententia
2416 1747 2661 1812 ferenda
2686 1767 2793 1830 per

331 1849 667 1921 hominem,
702 1846 948 1930 quando
980 1865 1177 1930 poena
1201 1849 1350 1929 apta
1382 1851 1494 1922 est,
1530 1849 1603 1911 ut
1632 1848 1750 1911 1100
1780 1846 1965 1912 1110ᾶο
1997 1847 2358 1930 imponatur
2389 1851 2452 1913 et
2484 1850 2665 1932 culpa
2698 1853 2791 1915 est

325 1953 431 2016 illa
470 1953 667 2035 digna
701 1977 761 2014 ».

409 2055 609 2120 Porro
657 2055 817 2118 hanc
862 2054 1246 2118 sanctionem
1291 2071 1467 2136 posse
1515 2051 1729 2117 cadere
1760 2052 1953 2116 etiam
1984 2052 2048 2114 in
2081 2054 2263 2116 actus
2295 2073 2460 2119 mere
2492 2055 2786 2134 internos,

326 2159 730 2222 manifestum
776 2161 890 2221 est.
952 2157 1117 2240 Ergo
1166 2156 1606 2240 argumentum
1652 2157 1975 2237 sumptum
2021 2173 2093 2218 ex
2154 2153 2401 2220 defectu
2456 2158 2788 2240 potestatis

322 2261 662 2336 coactivas,
700 2259 942 2324 nullam
988 2259 1117 2324 vim
1162 2258 1279 2322 hac
1308 2277 1553 2340 quoque
1583 2277 1656 2322 ex
1687 2261 1864 2340 parte
1894 2258 2100 2323 habet.

404 2364 487 2427 Et
534 2361 791 2444 quidem
840 2363 1184 2444 opportune
1227 2360 1293 2423 in
1339 2379 1470 2424 rem
1503 2363 1888 2442 praesentem
1918 2361 2144 2430 Suarez
2180 2381 2426 2446 quoque
2470 2363 2683 2426 monet
2712 2361 2787 2425 de

318 2464 470 2547 Ley.
505 2467 618 2530 lib.
655 2467 717 2529 4.
752 2485 884 2547 cap.
925 2465 1026 2528 12.
1062 2485 1120 2528 n.
1157 2465 1240 2538 6.,
1280 2464 1439 2536 iura,
1473 2483 1632 2545 quae
1665 2464 1728 2528 in
1760 2466 2191 2548 probationem
2231 2464 2622 2530 adducuntur
2652 2464 2784 2528 scil.

319 2566 664 2633 Ecclesiam
709 2587 831 2632 non
877 2567 1150 2632 iudicare
1196 2566 1269 2631 de
1313 2567 1591 2644 interniS,
1630 2586 1753 2632 non
1786 2588 1916 2633 esse
1949 2569 2027 2632 ad
2059 2589 2216 2645 rem;
2258 2568 2405 2651 quia
2442 2568 2786 2650 loquuntur

313 2668 386 2734 de
434 2671 673 2736 iudicio
721 2670 966 2735 ferendo
1014 2690 1122 2753 per
1167 2671 1539 2735 sententiam
1585 2671 1853 2736 hominis
1916 2675 1978 2736 et
2040 2675 2358 2755 praeterea
2413 2671 2786 2736 sententiam

315 2772 490 2837 illam
514 2773 883 2837 Aristotelis
908 2773 982 2837 de
1005 2774 1316 2856 potestate
1347 2772 1723 2857 legislativa,
1758 2793 1918 2856 quae
1950 2794 2074 2841 non
2104 2776 2302 2858 possit
2326 2794 2455 2840 esse
2487 2775 2617 2840 sine
2650 2793 2787 2839 coa·

309 2875 497 2953 ctiva,
551 2875 950 2940 tribuendam
996 2875 1405 2960 ignorantiae,
1438 2894 1598 2958 quae
1628 2877 2011 2959 Philosopho
2048 2879 2249 2949 inerat
2280 2878 2355 2942 de
2402 2877 2784 2962 obligatione

310 2978 732 3043 conscientiae
770 2996 841 3042 ac
886 2978 960 3042 de
997 2977 1224 3042 iudicio
1274 2997 1380 3060 per
1410 2977 1612 3060 ipsam
1643 2978 1845 3061 legem
1877 2980 2030 3043 lato,

394 3078 561 3152 313.
617 3081 898 3162 Denique
943 3098 1066 3145 11011
1109 3079 1398 3145 dissimili
1445 3080 1600 3144 vitio
1637 3079 1885 3143 laborat
1932 3079 2102 3143 aliud
2148 3082 2607 3162 argumentum,
2658 3097 2780 3157 quo

307 3184 404 3247 uti
435 3185 653 3250 solent
689 3186 753 3249 et
789 3184 952 3265 quod
984 3183 1209 3248 Suarez
1234 3183 1341 3246 lib.
1376 3184 1439 3244 4.
1479 3182 1552 3245 de
1585 3181 1737 3263 Ley.
1773 3201 1904 3263 cap.
1945 3182 2047 3244 12.
2074 3200 2133 3243 n.
2170 3182 2230 3244 8.
2265 3180 2538 3263 appellat
2571 3179 2781 3261 potius

303 3288 811 3367 conyruentiam,
861 3305 1050 3368 quam
1097 3286 1539 3369 argumentum
1586 3286 1649 3348 et
1696 3282 2001 3347 eiusmodi
2047 3284 2176 3346 est:
2233 3307 2267 3339 «
2316 3282 2464 3362 quia
2509 3282 2787 3365 potestas

303 3386 674 3471 legislativa
722 3409 828 3473 per
874 3408 938 3453 se
969 3388 1168 3472 primo
1203 3385 1527 3451 ordinatur
1566 3384 1644 3449 ad
1676 3389 2002 3449 externam
2032 3388 2093 3447 et
2120 3404 2435 3448 commune
2464 3382 2786 3447 Ecclesiae

301 3493 591 3572 reyimen
645 3496 719 3556 ut
749 3492 814 3555 in
850 3510 922 3556 ea
971 3490 1178 3556 omnia
1225 3488 1656 3554 convenienter
1703 3490 1768 3553 et
1816 3487 2095 3552 ordinate
2143 3487 2318 3552 fiant.
2358 3488 2523 3572 Ergo
2570 3506 2677 3571 per
2720 3506 2784 3552 se

299 3594 541 3658 versari
567 3594 791 3658 debuit
821 3594 1024 3658 solum
1056 3593 1218 3656 circa
1242 3592 1573 3656 exteriores
1605 3594 1846 3656 actus...
1880 3590 2043 3655 Nam
2075 3593 2253 3656 actus
2286 3592 2617 3655 interiores
2632 3611 2783 3671 pro-

283 3695 435 3773 prie
464 3716 607 3759 non
633 3697 964 3775 pertinent
1005 3694 1094 3758 ad
1136 3694 1662 3766 communitatem,
1695 3693 1801 3758 sed
1833 3694 1911 3757 ad
1935 3695 2261 3773 privatam
2296 3694 2781 3773 uniuscuiusque

289 3795 573 3862 salutem
607 3796 712 3860 vel
741 3796 1225 3870 damnationem,
1272 3796 1499 3878 quibus
1532 3796 1910 3861 sufficienter
1955 3796 2276 3879 provismn
2321 3798 2415 3860 est
2448 3816 2571 3874 per
2602 3799 2781 3874 pote-

289 3904 524 3964 statem
558 3899 661 3963 ad
689 3901 1006 3963 ‘internam
1034 3899 1238 3979 forum
1254 3900 1674 3980 pertinentem
1706 3924 1768 3963 ›.

375 4004 594 4086 Atqui
612 4003 930 4085 quomodo
957 4002 1034 4067 ad
1058 4006 1385 4067 externum
1407 4020 1733 4067 commune
1755 4001 2030 4085 regimen
2064 3999 2349 4082 pertinet,
2370 3998 2533 4080 quod
2577 3998 2777 4062 oratio

286 4104 403 4169 fiat
451 4105 823 4170 attentione
854 4106 1142 4170 interna?
1188 4103 1509 4185 Quomodo
1549 4104 1628 4167 ad
1664 4102 2178 4168 communitatem
2210 4103 2273 4166 et
2303 4120 2424 4166 non
2463 4101 2541 4165 ad
2571 4100 2778 4165 cuius-

285 4228 406 4289 que
457 4208 850 4280 utilitatem,
899 4208 1168 4272 salutem
1214 4226 1285 4271 ac
1329 4207 1796 4271 damnationem
1850 4205 2119 4288 pertinet
2164 4205 2425 4269 intentio
2480 4204 2546 4267 in
2593 4204 2780 4268 susci-

282 4310 534 4392 piendis
588 4310 1004 4374 sacramentis
1023 4314 1052 4373 ⁴?
1077 4310 1207 4373 Aut
1236 4309 1547 4392 quomodo
1579 4309 1732 4373 haec
1757 4308 2083 4390 praecepta
2118 4307 2427 4389 pertinent
2457 4305 2535 4370 ad
2574 4306 2775 4371 forum

281 4412 624 4477 internum
678 4428 793 4474 seu
838 4412 1328 4476 sacramentale?
1376 4412 1643 4475 Demum
1690 4410 1820 4492 ipse
1887 4407 2112 4473 Suarez
2161 4410 2310 4472 haec
2370 4410 2586 4473 scribit
2631 4410 2673 4472 1.
2723 4429 2773 4471 0.

278 4532 417 4600 cap.
462 4516 575 4579 13.
629 4533 699 4577 11.
757 4513 893 4577 15.:
948 4538 984 4571 «
1014 4514 1231 4579 Potest
1275 4532 1406 4578 esse
1455 4512 1630 4577 valde
1661 4511 1982 4593 expediens
2013 4511 2327 4575 communi
2372 4511 2532 4576 bono
2580 4510 2781 4574 Eccle-
