3529 5158
906 395 1392 439 PROPOSITIONUM
1430 398 1879 442 DmATARUM.
1919 400 1958 440 A
1995 400 2097 441 1²10
2134 401 2215 442 vl.
2672 401 2785 441 mn

335 496 611 574 pensius
638 497 1009 557 Pastoralis
1041 500 1311 558 nostrae
1342 498 1820 559 sollicitudinis
1843 517 2034 575 opem
2065 500 2470 578 efflagitare3
2506 503 2798 562 mentem

339 587 729 648 convertere
768 602 903 646 non
935 585 1324 647 distulimus
1354 586 1440 647 ad
1471 604 1553 648 ea
1582 588 1908 664 capienda
1940 589 2237 666 consilia,
2289 606 2460 664 quae
2491 590 2799 666 surgenti

338 676 512 736 malo
546 676 660 737 vel
696 675 1000 735 sanando
1031 676 1141 736 vel
1174 676 1669 751 comprimendo
1705 678 2304 739 accommodatiora
2334 678 2745 740 viderentur.

425 768 660 840 Atque
693 763 765 824 in
789 763 1045 840 primis.
1065 765 1391 840 sapientis
1414 766 1653 827 moniti
1680 783 2003 827 memores
2027 767 2563 829 Praedecessoris
2585 768 2799 829 nostri

338 856 400 915 b.
434 852 684 914 Zosimi
716 851 800 933 (a)
830 870 905 914 ea
935 870 1094 930 quac
1138 871 1371 931 mama
1399 860 1565 933 eunt,
1601 873 1900 932 maynum
1930 857 2187 932 pondus
2225 856 2534 916 curamini-3
2565 857 2800 917 decide-

340 961 503 1020 rare,
524 942 872 1020 synodum
895 942 983 1003 ab
1005 942 1339 1019 Episcopo
1359 943 1609 1005 editam
1625 945 1916 1020 primum
1941 948 2229 1020 quatuor
2245 945 2598 1021 Episcopis
2619 945 2804 1007 aliis-

339 1048 467 1108 que
498 1032 840 1093 adiunctis
862 1049 899 1093 e
924 1033 1101 1094 clero
1124 1033 1409 1093 seculari
1432 1034 1766 1110 theologis
1788 1033 2295 1095 examinandam
2320 1033 2795 1095 commisimus.

337 1127 481 1182 tum
526 1124 599 1181 et
646 1122 941 1196 plurium
992 1121 1058 1182 S.
1106 1122 1186 1181 R.
1225 1122 1302 1182 Ε.
1354 1121 1812 1183 Cardinalium
1858 1123 2290 1199 aliorumquea
2319 1123 2804 1199 Episcoporum

340 1210 946 1287 Oongregationem
969 1210 1465 1289 deputavimus,
1491 1212 1607 1287 qui
1646 1215 1857 1273 totam
1905 1216 2199 1273 actorum
2250 1212 2488 1273 seriem
2519 1212 2634 1272 dili
2643 1228 2804 1288 gen-

337 1303 442 1360 ter
486 1299 1000 1377 perpenderent,
1031 1301 1178 1360 loca
1223 1300 1403 1360 inter
1438 1317 1509 1361 se
1555 1301 1796 1362 dissita
1825 1302 2226 1379 conferrent,
2259 1306 2609 1377 excerptas
2655 1318 2805 1362 sen-

340 1389 590 1449 tentias
627 1389 1062 1468 discuterent,
1096 1406 1380 1463 quorum
1429 1389 1749 1467 suffragia
1779 1407 2000 1451 coram
2032 1390 2227 1451 nobis
2256 1406 2420 1451 voce
2452 1394 2522 1451 et
2551 1391 2807 1467 scripto

338 1478 521 1538 edita
551 1478 963 1555 excepimus;
1000 1477 1118 1553 qui
1149 1482 1219 1539 et
1251 1478 1591 1555 Synodum
1627 1479 1940 1541 universe
1978 1480 2455 1556 reprobandam
2492 1484 2563 1540 et
2594 1479 2803 1555 pluri-

337 1583 481 1628 mas
503 1567 663 1627 inde
687 1567 1000 1628 collectas
1018 1567 1531 1647 propositiones,
1548 1568 1715 1629 alias
1733 1569 2007 1644 quidem
2028 1585 2148 1645 per
2171 1586 2336 1646 sese,
2354 1569 2522 1630 alias
2539 1572 2805 1630 attenta

339 1656 829 1718 sententiarum
863 1656 1277 1718 connexione
1306 1658 1461 1732 plus
1498 1658 1810 1718 minusve
1844 1658 2110 1719 acribus
2141 1657 2442 1719 censuris
2477 1658 2801 1732 perstrin-

339 1745 596 1822 gendas
641 1750 1066 1806 censuerunt.
1109 1746 1408 1820 Quorum
1453 1746 1705 1806 auditis
1753 1746 2236 1822 perpensisque
2280 1745 2805 1807 animadversio-

340 1835 562 1913 nibus,
597 1835 766 1895 illud
813 1852 1081 1910 quoque
1126 1835 1321 1896 nobis
1366 1851 1565 1895 curae
1610 1834 1764 1913 fuit,
1799 1838 1881 1895 ut
1925 1835 2173 1896 selecta
2218 1852 2301 1895 ex
2341 1838 2488 1896 tota
2534 1834 2805 1912 Synodo

338 1925 701 2000 praecipua
745 1924 1072 2000 quaedam
1116 1941 1477 1999 pravarum
1509 1923 1964 1984 doctrinarum
1996 1925 2239 2003 capita,
2273 1924 2357 1984 ad
2391 1941 2563 2000 quae
2593 1924 2804 1999 potis-

339 2013 583 2074 simum
640 2013 831 2074 fusae
886 2029 1006 2089 per
1054 2013 1395 2090 Synodum
1452 2013 1909 2089 reprobandae
1963 2014 2339 2097 sententiae
2393 2012 2645 2074 directe
2693 2014 2804 2073 vel

336 2102 667 2163 indirecte
721 2102 1123 2180 referuntur,
1167 2102 1237 2162 in
1294 2106 1549 2162 certum
1606 2103 1924 2179 deinceps
1981 2102 2277 2163 ordinem
2335 2102 2805 2178 redigerentur

336 2192 727 2267 eisdemque
763 2209 888 2253 sua
923 2191 1165 2267 cuique
1202 2192 1558 2267 peculiaris
1595 2208 1879 2253 censura
1914 2191 2377 2253 subiiceretur.

428 2281 531 2341 Ne
562 2297 723 2341 vero
752 2298 837 2342 ex
870 2281 996 2341 hac
1024 2281 1173 2356 ipsa
1201 2281 1469 2355 tametsi
1501 2282 2001 2342 accuratissime
2033 2285 2302 2357 peracta
2332 2281 2479 2341 sive
2511 2281 2808 2341 locorum

334 2370 696 2430 collatione
727 2370 872 2431 sive
903 2370 1386 2431 sententiarum
1421 2370 1893 2445 disquisitione
1922 2370 2310 2446 pervicaces
2354 2370 2658 2430 homines
2689 2369 2805 2428 ob-

334 2458 674 2520 trectandi
721 2459 1133 2520 occasionem
1179 2458 1585 2538 arriperent3
1637 2464 1716 2519 ut
1762 2460 1923 2520 huic
1967 2459 2140 2520 forte
2192 2459 2326 2520 iam
2382 2465 2655 2534 paratae
2700 2474 2807 2518 ca-

338 2548 639 2609 lumniae
685 2548 949 2609 obviam
986 2548 1216 2628 iretur,
1261 2548 1550 2624 sapienti
1598 2548 1877 2610 consilio
1929 2549 2030 2610 uti
2077 2548 2459 2624 statuimus,
2507 2547 2687 2624 quod
2734 2546 2805 2607 in

335 2638 842 2714 emergentibus
886 2637 1271 2698 huiusmodi
1318 2638 1711 2713 periculosis
1762 2639 2069 2700 noxiisve
2123 2638 2543 2699 novitatibus
2595 2637 2808 2713 repri-

338 2728 602 2789 mendis
660 2728 890 2803 plures
936 2727 1150 2788 nostri
1206 2727 1419 2787 sancti
1477 2727 2048 2806 Praedecessores,
2100 2732 2240 2788 tum
2299 2732 2371 2787 et
2424 2726 2807 2803 gravissimi

341 2817 716 2879 Antistites
772 2833 851 2877 ac
905 2817 1249 2893 generales
1296 2816 1495 2876 etiam
1549 2816 1797 2893 Synodi
1848 2817 1977 2878 rite
2031 2821 2359 2892 cauteque
2404 2817 2803 2893 adhibitum,

337 2906 727 2968 illustribus
772 2905 1097 2981 exemplis
1142 2909 1463 2966 testatum
1511 2907 2180 2981 commendatumque
2226 2906 2678 2981 reliquissent.

428 2997 691 3056 Norant
735 2995 835 3056 illi
868 2999 1209 3057 versutam
1258 2998 1655 3055 novatorum
1688 2994 1969 3057 fallendi
2005 3002 2238 3073 artem,
2273 2996 2411 3074 qui,
2446 2995 2804 3056 catholica-

337 3103 486 3146 rum
536 3085 798 3146 aurium
847 3084 1280 3145 offensionem
1327 3083 1546 3162 veriti,
1586 3085 1976 3160 captionum
2015 3102 2285 3145 suarum
2336 3085 2611 3158 laqueos
2658 3100 2804 3157 per-

337 3191 540 3252 saepe
595 3174 876 3235 student
928 3173 1230 3234 subdolis
1285 3174 1639 3233 verborum
1696 3174 2062 3233 involucris
2120 3174 2453 3247 obtegere,
2508 3176 2584 3230 ut
2630 3171 2807 3229 inter

334 3263 727 3325 discrimina
751 3278 1068 3324 sensuum
1096 3263 1186 3339 (b)
1203 3264 1419 3323 latens
1444 3278 1625 3321 error
1656 3262 1874 3320 lenius
1898 3261 2143 3319 influat
2168 3259 2238 3317 in
2265 3258 2524 3317 animos
2554 3259 2805 3331 fiatque

334 3358 438 3432 ut,
463 3356 779 3429 corrupta
808 3369 928 3428 per
961 3351 1421 3413 brevissimam
1454 3349 1894 3410 adiectionem
1928 3350 2049 3407 aut
2079 3346 2668 3408 commutationem
2692 3361 2806 3404 ve-

335 3443 543 3504 ritate
573 3442 971 3518 sententiae,
1004 3439 1353 3518 confessio,
1388 3455 1560 3514 quae
1591 3438 1876 3498 salutem
1913 3436 2336 3514 operabatur,
2374 3435 2610 3496 subtili
2641 3451 2805 3510 quo-

335 3531 491 3591 dam
555 3531 843 3592 transitu
900 3535 1139 3607 vergat
1192 3530 1262 3589 in
1320 3531 1619 3589 mortem.
1672 3529 1904 3602 Atque
1957 3526 2122 3587 haec
2175 3525 2447 3600 quidem
2501 3524 2810 3585 involuta

337 3619 549 3682 fallax
595 3620 966 3681 disserendi
1017 3619 1207 3694 ratio,
1244 3636 1391 3679 cum
1424 3618 1497 3677 in
1530 3617 1709 3677 omni
1742 3615 2068 3676 orationis
2114 3632 2357 3693 genere
2405 3614 2652 3675 vitiosa
2681 3617 2803 3691 est,

335 3714 480 3770 tum
531 3709 603 3770 in
653 3709 924 3786 Synodo
969 3709 1242 3769 minime
1291 3707 1585 3782 ferenda,
1627 3706 1820 3768 euius
1866 3709 1973 3767 est
2021 3707 2184 3766 haec
2229 3705 2380 3765 laus
2427 3703 2805 3778 praecipua,

337 3816 480 3859 eam
523 3799 595 3859 in
628 3798 928 3860 docendo
959 3797 1319 3859 dilucidam
1353 3796 1720 3858 consectari
1751 3795 2020 3856 dicendi
2052 3795 2398 3869 rationem,
2439 3809 2610 3867 quae
2657 3793 2807 3851 nul-

335 3889 477 3948 lum
526 3888 917 3950 offensionis
964 3887 1335 3965 periculum
1383 3886 1739 3961 relinquat.
1792 3885 1941 3959 Quo
1998 3885 2066 3944 in
2132 3899 2377 3960 genere
2424 3880 2703 3957 proinde
2749 3879 2808 3940 si

335 3978 502 4053 quid
549 3983 893 4054 peccatum
943 3977 1053 4056 sit,
1089 3978 1216 4038 hac
1246 3981 1555 4051 nequeat,
1591 3992 1761 4050 quae
1808 3973 2032 4034 afferri
2072 3972 2264 4048 solet,
2296 3969 2579 4030 subdola
2608 3983 2811 4027 excu-

337 4067 602 4129 satione
625 4065 919 4146 defendi,
944 4067 1143 4145 quod,
1164 4082 1335 4141 quae
1366 4063 1613 4125 alicubi
1647 4064 1882 4124 durius
1913 4062 2094 4121 dicta
2114 4057 2508 4136 exciderint,
2534 4072 2613 4117 ea
2642 4056 2809 4117 locis

335 4156 493 4217 aliis
515 4156 786 4232 planius
808 4156 1144 4231 explicata
1165 4159 1286 4216 aut
1307 4154 1508 4215 etiam
1534 4155 1834 4214 correcta
1856 4150 2309 4226 reperiantur:
2337 4146 2527 4222 quasi
2563 4162 2810 4222 procax

337 4244 550 4306 istaec
573 4245 946 4306 affirmandi
971 4250 1043 4306 et
1066 4243 1357 4321 negandi
1396 4260 1473 4304 ac
1504 4259 1728 4303 secum
1762 4259 1882 4316 pro
1915 4239 2109 4300 libito
2132 4237 2478 4314 pugnandi
2510 4235 2811 4309 licentia,

337 4351 514 4409 quae
548 4333 981 4395 fraudulenta
1011 4351 1271 4409 semper
1300 4333 1435 4392 fuit
1468 4335 1863 4392 novatorum
1897 4328 2151 4389 astutia
2182 4327 2266 4386 ad
2299 4324 2812 4386 circumventio-

422 4579 491 4630 (ι)
521 4576 567 4621 8.
596 4579 861 4620 &dmum
836 4577 942 4630 eip-
896 4581 980 4621 ιιι
1007 4579 1050 4620 2.
1078 4576 1215 4631 apud
1244 4576 1313 4619 Co
1314 4578 1415 4619 nst.

428 4628 1369 4685 ib)8.1aeoiraouueopist.129.ei.dt
1398 4626 1640 4670 Ballerin.
