3529 5158
674 349 869 392 nvm
1594 337 1810 380 smum
1846 335 2314 378 CHRONOLOGIGA

767 452 871 509 68.
924 446 1051 507 Dei
1086 444 1353 505 bonitas
1400 439 1828 502 abbreviavit
1875 437 2051 497 viam
2087 436 2345 514 salutis,
2381 435 2753 496 claudendo
2799 440 3019 497 totum
3067 437 3138 496 in

674 539 807 599 fide
853 540 923 597 et
970 534 1302 611 precibus.

769 630 873 687 69.
916 624 1136 702 Fides,
1185 636 1367 698 usus,
1418 622 1856 695 augmentum
1902 619 1973 676 et
2002 613 2368 691 praemium
2405 614 2580 691 fidei,
2621 617 2842 674 totum
2889 622 2996 675 est
3025 615 3141 675 do·

674 734 836 777 num
885 729 1093 789 purae
1138 707 1568 771 liberalitatis
1616 706 1762 766 Dei.

771 807 875 864 70.
925 803 1287 876 Nunquam
1338 799 1524 857 Deus
1570 795 1812 872 affligit
1858 794 2249 853 innocentes
2296 797 2366 853 et
2419 790 2814 852 afflictiones
2883 809 3143 869 semper

683 892 992 954 serviunt
1040 890 1148 950 vel
1196 889 1277 949 ad
1328 885 1744 963 puniendum
1792 887 2144 959 peccatum
2190 883 2298 941 vel
2347 882 2434 942 ad
2465 880 2957 957 purificandum
2992 899 3143 958 pec-

684 985 997 1044 catorem.

784 1073 884 1131 71.
922 1062 1139 1128 Homo
1184 1066 1272 1126 ob
1320 1064 1419 1125 sui
1471 1060 2044 1123 conservationem
2077 1063 2303 1136 potest
2333 1075 2476 1119 sese
2510 1058 2899 1133 dispensare
2931 1060 3017 1120 ab
3068 1076 3148 1119 ea

689 1161 858 1237 lege,
910 1175 1110 1234 quam
1157 1157 1343 1215 Deus
1375 1152 1679 1213 condidit
1706 1155 1982 1226 propter
2013 1150 2159 1209 eius
2190 1149 2575 1209 utilitatem.

788 1251 888 1309 72.
940 1248 1117 1306 Nota
1166 1243 1502 1304 Ecclesiae
1535 1241 1942 1301 christianae
1974 1242 2098 1316 est,
2133 1239 2314 1314 quod
2339 1238 2430 1297 sit
2476 1237 2806 1297 catholica
2852 1254 3148 1314 compre-

694 1337 996 1398 hendens
1042 1338 1112 1395 et
1158 1349 1385 1394 omnes
1433 1331 1707 1407 angelos
1738 1329 1905 1389 caeli
1938 1332 2008 1389 et
2038 1344 2269 1389 omnes
2300 1327 2545 1387 electos
2577 1329 2647 1385 et
2678 1326 2892 1387 iustos
2931 1330 3149 1387 terrae

692 1431 763 1488 et
796 1425 1089 1486 omnium
1125 1423 1519 1482 seculorum.

786 1517 886 1576 73.
923 1512 1102 1587 Quid
1149 1516 1254 1571 est
1302 1508 1622 1586 Ecclesia,
1675 1507 1805 1569 nisi
1845 1511 2075 1566 coetus
2121 1505 2410 1565 filiorum
2444 1504 2592 1577 Dei,
2629 1506 3046 1565 manentium
3081 1506 3150 1566 111

689 1605 835 1666 01118
883 1603 1058 1679 sinu,
1091 1601 1561 1675 adoptatorum
1595 1598 1667 1656 in
1701 1596 1991 1673 ChristO,
2025 1593 2540 1655 subsistentium
2572 1593 2643 1652 in
2675 1593 2820 1654 eius
2845 1612 3149 1673 persona,

690 1694 1184 1768 redemptorum
1232 1690 1376 1749 eius
1424 1686 1774 1764 sanguine,
1835 1684 2215 1745 viventium
2272 1682 2420 1743 eius
2476 1682 2740 1759 spiritu,
2803 1684 3151 1760 agentium

691 1801 812 1860 per
859 1782 1005 1841 eius
1037 1780 1320 1856 gratiam
1353 1780 1424 1837 et
1469 1775 2003 1851 exspectantium
2037 1773 2324 1849 gratiam
2372 1772 2584 1831 futuri
2632 1772 2880 1831 seculi?

791 1875 890 1931 74.
928 1868 1243 1943 Ecclesia,
1281 1867 1424 1927 sive
1455 1868 1718 1941 integer
1768 1863 2097 1942 Christus,
2148 1863 2568 1922 incarnatum
2606 1860 2903 1921 Verbum
2950 1863 3154 1923 habet

694 1963 777 2021 ut
821 1961 1044 2034 caput,
1096 1973 1323 2017 omnes
1368 1972 1529 2015 vero
1577 1958 1844 2015 sanctos
1893 1956 1969 2011 ut
2015 1952 2329 2011 membra.

792 2051 893 2108 75.
944 2046 1242 2106 Ecclesia
1275 2048 1377 2104 est
1410 2060 1585 2103 unus
1617 2043 1801 2102 solus
1832 2043 2028 2100 homo
2059 2040 2466 2115 compositus
2497 2056 2581 2099 ex
2612 2040 2921 2115 pluribus
2951 2058 3155 2101 mem-

696 2138 856 2216 briS,
905 2152 1187 2211 quorum
1239 2133 1547 2193 Christus
1594 2135 1698 2191 est
1743 2133 1966 2206 caput,
2018 2130 2180 2206 vita,
2225 2129 2666 2199 subsistentia
2712 2134 2780 2188 et
2827 2147 3156 2205 persona:

699 2244 876 2287 unus
924 2225 1106 2284 solus
1156 2223 1467 2283 Christus
1513 2220 1921 2295 compositus
1968 2236 2049 2279 ex
2097 2218 2404 2293 pluribus
2436 2218 2708 2297 sanctis,
2739 2236 3024 2293 quorum
3056 2224 3163 2282 est

701 2314 1172 2377 sanctificator.

798 2406 897 2465 76.
947 2403 1134 2463 Nihil
1181 2401 1543 2477 spatiosius
1590 2398 1891 2459 Ecclesia
1938 2397 2092 2474 Dei3
2144 2396 2304 2472 quia
2358 2413 2587 2457 omnes
2633 2396 2830 2457 electi
2880 2403 2950 2459 et
2998 2400 3163 2461 iusti

703 2494 1000 2555 omnium
1035 2492 1409 2552 seculorum
1440 2490 1627 2549 illam
1662 2491 2098 2563 componunt.

799 2587 900 2644 77.
930 2583 1060 2655 Qui
1095 2598 1227 2641 non
1260 2581 1447 2639 ducit
1482 2583 1687 2638 vitam
1724 2577 1996 2654 dignam
2047 2575 2219 2636 Filio
2266 2574 2395 2634 Dei
2442 2577 2512 2634 et
2545 2575 2836 2637 membro
2886 2576 3159 2660 Christi,

703 2675 922 2734 cessat
956 2670 1239 2730 interius
1278 2669 1522 2728 habere
1555 2669 1775 2727 Deum
1809 2684 1929 2741 pro
1963 2668 2167 2725 Patre
2198 2668 2268 2725 et
2301 2665 2646 2726 Christum
2678 2683 2797 2740 pro
2830 2667 3069 2742 capite.

798 2764 899 2820 78.
939 2761 1303 2834 Separatur
1339 2759 1493 2833 quis
1541 2773 1581 2815 a
1629 2757 1876 2830 populo
1923 2757 2155 2832 0100130,
2205 2753 2398 2814 0111118
2443 2754 2659 2831 figura
2692 2754 2825 2815 fuit
2871 2759 3162 2832 populus

705 2849 1008 2909 iudaicus
1055 2853 1123 2908 et
1168 2850 1371 2922 caput
1403 2851 1506 2906 est
1538 2846 1728 2904 Iesus
1761 2843 2092 2921 ChristuS,
2125 2846 2263 2902 tam
2299 2859 2434 2902 non
2467 2844 2760 2904 vivendo
2793 2847 3164 2908 secundum

708 2937 1173 3014 Evangelium,
1216 2954 1411 3011 quam
1458 2953 1587 2994 11011
1627 2933 1956 2993 credendo
1997 2932 2386 3008 Evangelio,

804 3031 904 3088 79.
944 3028 1124 3086 Utile
1172 3030 1241 3085 et
1289 3023 1734 3084 necessarium
1780 3028 1884 3083 est·
1929 3022 2108 3081 omni
2141 3027 2457 3098 tempore,
2494 3022 2674 3082 omni
2706 3023 2851 3082 loco
2883 3026 2952 3083 et
2983 3026 3164 3086 omni

708 3134 1144 3194 personarum
1194 3114 1423 3192 generi
1471 3113 1740 3174 studere
1781 3115 1851 3172 et
1896 3128 2295 3188 cognoscere
2342 3111 2676 3190 spiritum,
2729 3111 3049 3186 pietatem
3098 3119 3169 3176 01

707 3207 1027 3284 mysteria
1073 3221 1298 3266 sacrae
1349 3204 1752 3280 Scripturas.

806 3301 909 3356 80.
961 3295 1189 3356 Lectio
1237 3309 1462 3354 sacrae
1497 3293 1885 3367 Scripturae
1916 3295 2022 3350 est
2057 3307 2180 3366 pro
2211 3289 2542 3350 omnibus.

806 3388 908 3444 81.
946 3384 1340 3444 obscuritas
1374 3383 1584 3442 sancti
1611 3381 1803 3441 verbi
1835 3380 1964 3440 Dei
1999 3398 2132 3439 non
2167 3382 2271 3439 est
2302 3378 2491 3439 laicis
2525 3379 2697 3440 ratio
2729 3379 3168 3456 dispensandi

713 3488 784 3534 se
831 3473 1011 3547 ipsos
1058 3473 1143 3531 ab
1192 3472 1336 3530 eius
1370 3471 1673 3531 lectione.

807 3564 909 3621 82.
952 3561 1114 3620 Dies
1163 3560 1537 3619 dominicus
1583 3576 1623 3617 a
1669 3558 2054 3617 christianis
2101 3557 2302 3618 debet
2333 3558 2735 3618 sanctificari
2767 3559 3172 3621 lectionibus

713 3650 986 3725 pietatis
1034 3655 1103 3710 et
1149 3666 1349 3724 super
1395 3647 1618 3709 omnia
1656 3649 2036 3706 sanctarum
2074 3646 2591 3722 Scripturarum.
2627 3649 3040 3709 Damnosum
3071 3655 3175 3711 est

713 3739 889 3799 velle
919 3739 1361 3799 christianum
1409 3738 1493 3797 ab
1540 3739 1667 3796 hac
1711 3736 1999 3795 lectione
2032 3737 2392 3796 retrahere.

807 3830 909 3888 83.
954 3829 1078 3888 Est
1122 3828 1347 3886 illusio
1396 3827 1525 3886 sibi
1572 3825 1992 3903 persuadere,
2044 3825 2221 3902 quod
2268 3825 2512 3886 notitia
2542 3826 3015 3903 mysteriormn
3050 3829 3176 3888 Re·

713 3917 986 3994 ligionis
1034 3935 1167 3976 non
1216 3917 1456 3976 debeat
1487 3915 1960 3975 communicari
1995 3915 2260 3975 feminis
2291 3914 2577 3976 lectione
2608 3933 2944 3976 sacrorum
2977 3917 3175 3978 libro-

714 4025 881 4067 rum.
934 4008 1085 4066 Non
1132 4024 1215 4066 ex
1263 4006 1660 4066 feminarum
1708 4004 2158 4080 simplicitate,
2209 4004 2324 4064 sed
2395 4022 2478 4065 ex
2542 4007 2832 4082 superba
2879 4007 3177 4068 virorum

713 4097 995 4156 scientia
1041 4101 1229 4156 ortus
1276 4100 1381 4156 est
1431 4095 1929 4170 Scripturarum
1976 4095 2228 4153 abusus
2275 4097 2346 4152 et
2393 4098 2591 4154 natae
2638 4099 2801 4156 sunt
2850 4096 3175 4158 haereses.

808 4188 909 4244 84.
974 4186 1307 4261 Abripere
1356 4202 1392 4244 e
1438 4185 1957 4244 christianorum
2009 4183 2314 4242 manibus
2373 4200 2624 4244 novum
2681 4185 3178 4247 Testamentum

717 4289 835 4333 seu
881 4274 978 4334 eis
1026 4276 1193 4334 illud
1242 4277 1541 4335 cla-usum
1589 4279 1839 4347 tenere,
1889 4271 2252 4332 auferendo
2298 4271 2399 4331 eis
2447 4274 2715 4333 modum
2764 4274 2947 4334 istud
2988 4276 3182 4336 intel-

714 4362 989 4439 ligendi,
1025 4369 1129 4425 est
1177 4364 1312 4423 illis
1346 4362 1600 4423 Christi
1647 4379 1720 4422 os
1769 4362 2107 4421 obturare.

810 4456 913 4513 85.
950 4453 1357 4513 Interdicere
1405 4450 1796 4510 christianis
1850 4449 2202 4510 lectionem
2260 4466 2489 4510 sacrae
2547 4451 2958 4528 scripturae,
2995 4468 3183 4528 prae-

719 4543 957 4602 sertim
1008 4541 1386 4617 Evangelii,
1420 4544 1525 4601 est
1557 4539 1958 4599 interdicere
2006 4557 2200 4600 usum
2250 4539 2527 4599 luminis
2575 4540 2732 4601 filiis
2779 4542 2947 4602 lucis
2985 4546 3055 4603 et
3089 4540 3186 4603 fa-

719 4647 868 4692 cere
919 4637 997 4689 ut
1042 4630 1392 4705 patiantur
1439 4628 1728 4704 speciem
1762 4627 2098 4704 quandam
2135 4629 2864 4692 excommunicationis.
