3529 5158
712 365 790 405 XX
1575 363 1786 404 smum&
1826 361 2185 402 CHRONOLOG
2193 361 2293 401 1GA

803 467 906 526 18.
958 463 1181 539 Opera
1223 463 1870 541 catechumenorum,
1923 467 2000 522 ut
2044 461 2210 521 fides
2255 464 2326 520 et
2368 461 2807 538 poenitentia,
2857 463 3014 521 ante
3061 477 3161 521 re·

714 553 1090 614 missionem
1137 556 1559 629 peccatorum
1607 550 1808 628 facta,
1849 554 2010 611 sunt
2054 550 2238 610 vitae
2282 553 2592 610 aeternae
2640 549 2907 628 merita;
2957 566 3156 625 quam

714 645 921 705 vitam
969 641 1099 716 ipsi
1147 658 1279 700 non
1330 644 1844 718 consequentur,
1894 640 2022 700 nisi
2063 639 2250 715 prius
2297 638 2839 714 praecedentium
2886 638 3158 701 delicto-

712 750 859 794 rum
891 730 1367 806 impedimenta
1397 729 1741 790 tollantur.

803 823 905 880 19.
944 819 1165 895 Opera
1196 818 1495 879 iustitiae
1528 824 1598 878 et
1629 817 2133 894 temperantiae,
2169 834 2340 892 quae
2374 817 2683 877 Christus
2722 816 2899 896 fecit,
2941 834 3020 879 ex
3059 817 3158 878 ‹li-

711 909 971 986 gnitate
1015 924 1339 984 personae
1368 908 1709 983 operantis
1742 924 1878 967 non
1915 910 2266 967 traxerunt
2298 906 2609 966 maiorem
2642 907 2957 968 valorem.

800 1001 905 1059 20.
943 998 1215 1057 Nullum
1250 1000 1353 1057 est
1388 1000 1733 1072 peccatum
1770 1014 1855 1055 ex
1886 1000 2128 1056 natura
2173 1012 2295 1056 sua
2327 996 2609 1074 veniale,
2637 995 2754 1055 sed
2788 1012 2982 1056 omne
3008 1014 3159 1073 pec-

710 1091 935 1148 catum
971 1090 1264 1147 meretur
1312 1102 1591 1161 poenam
1625 1090 1985 1145 aeternam.

799 1179 904 1237 21.
955 1176 1307 1236 Humanae
1353 1177 1634 1235 naturae
1671 1173 2058 1235 sublimatio
2105 1179 2175 1233 et
2231 1172 2552 1233 exaltatio
2614 1173 2682 1232 in
2749 1174 3158 1234 consortium

710 1265 981 1327 divinae
1024 1269 1306 1325 naturae
1354 1264 1582 1324 debita
1613 1263 1747 1323 fuit
1778 1261 2155 1339 integritati
2188 1262 2441 1338 primae
2473 1262 2878 1323 conditionis
2911 1268 2979 1324 et
3009 1281 3159 1338 pro-

710 1354 865 1415 inde
905 1354 1232 1414 naturalis
1263 1352 1548 1413 dicenda
1580 1360 1683 1413 est
1715 1356 1784 1413 et
1817 1369 1950 1411 non
1981 1351 2530 1427 supernaturalis.

801 1446 906 1504 22.
936 1444 1103 1505 Cum
1136 1442 1406 1519 Pelagio
1431 1442 1754 1520 sentiunt,
1781 1440 1899 1516 qui
1925 1445 2183 1501 textum
2212 1440 2525 1516 Apostoli
2558 1440 2643 1500 ad
2676 1442 3006 1502 Romanos
3031 1441 3154 1502 IL:

718 1532 963 1607 Gentes,
1013 1549 1169 1608 quae
1218 1532 1405 1609 leyem
1453 1550 1579 1591 mm
1627 1530 1869 1606 habent,
1919 1530 2308 1589 natura-liter
2354 1547 2426 1589 ea
2472 1546 2629 1605 quac
2679 1530 2829 1606 Legis
2875 1536 3023 1590 sunt
3038 1530 3157 1607 sa-

711 1623 906 1696 ciant,
955 1620 1354 1696 intelligunt
1397 1620 1481 1680 de
1528 1619 1847 1695 gentibus
1883 1618 2038 1678 fidei
2086 1619 2371 1695 gratiam
2421 1635 2553 1677 non
2588 1618 3018 1679 habentibuS.

798 1712 905 1772 23.
934 1709 1251 1772 Absurda
1274 1713 1379 1769 est
1399 1726 1626 1769 eorum
1650 1708 2004 1785 sententia,
2031 1708 2148 1783 qui
2182 1707 2433 1786 dicunt,
2461 1706 2792 1767 bominem
2824 1707 2910 1768 ab
2941 1707 3156 1785 initio,

710 1800 883 1861 dono
931 1799 1214 1875 quodam
1265 1797 1760 1874 supernaturali
1810 1802 1879 1857 et
1924 1798 2240 1873 gratuito,
2290 1812 2492 1872 supra
2537 1795 2987 1857 conditionem
3036 1815 3154 1859 na-

712 1893 903 1951 turae
948 1904 1109 1948 suae
1142 1887 1350 1947 fuisse
1386 1881 1775 1965 exaltatum,
1817 1890 1893 1945 ut
1930 1886 2078 1964 fide,
2113 1904 2230 1963 spe
2263 1890 2330 1946 et
2361 1885 2637 1946 caritate
2677 1885 2891 1947 Deum
2924 1902 3157 1962 super-

712 1977 1110 2040 naturaliter
1154 1976 1419 2036 coleret.

801 2070 907 2129 24.
943 2069 1008 2125 A
1054 2065 1251 2126 vanis
1298 2072 1365 2125 et
1411 2064 1643 2126 otiosis
1688 2065 2092 2144 hominibus,
2125 2063 2492 2124 secundum
2524 2062 2973 2137 insipientiam
3011 2065 3159 2139 phi-

711 2156 1158 2232 losophorum,
1192 2154 1571 2231 excogitata
1601 2157 1705 2214 est
1735 2154 2087 2231 sententia,
2116 2170 2287 2229 quae
2317 2152 2402 2212 ad
2419 2151 2973 2229 pelagianismum
3005 2154 3158 2214 reii-

711 2245 947 2305 cieuda
991 2248 1114 2321 est,
1148 2243 1478 2304 hominem
1526 2244 1611 2303 ab
1659 2242 1855 2303 initio
1902 2243 1997 2302 sic
2043 2243 2506 2318 constitutum,
2543 2248 2617 2301 ut
2662 2258 2781 2317 per
2819 2241 2993 2303 dona
3041 2262 3157 2303 na-

709 2338 901 2395 turae
947 2332 1382 2407 superaddita
1413 2332 1621 2392 fuerit
1651 2332 1965 2408 largitate
1997 2331 2362 2392 conditoris
2393 2329 2795 2391 sublimatus
2827 2333 2896 2391 et
2932 2333 3004 2392 in
3032 2333 3159 2394 Dei

709 2424 920 2484 filium
951 2422 1336 2497 adoptatus.

799 2515 906 2573 25.
942 2511 1184 2572 Omnia
1221 2527 1421 2587 opera
1452 2510 1824 2573 infidelium
1855 2514 2014 2571 sunt
2046 2512 2318 2588 peccata
2349 2513 2418 2570 et
2447 2508 2992 2587 philosophorum
3026 2513 3159 2574 vir-

709 2606 892 2663 tutes
938 2607 1098 2660 sunt
1147 2601 1335 2660 vitia.

800 2693 904 2750 26.
941 2690 1309 2766 Integritas
1344 2691 1596 2764 primae
1621 2690 1978 2751 creationis
2012 2708 2145 2750 non
2177 2690 2309 2749 fuit
2341 2689 2645 2749 indebita
2674 2691 3008 2752 humanae
3041 2710 3156 2753 na-

710 2784 902 2840 turae
946 2779 1286 2857 exaltatiO,
1320 2779 1437 2839 sed
1470 2779 1798 2839 naturalis
1830 2779 1975 2838 eius
2007 2779 2320 2839 conditio.

800 2871 906 2932 27.
940 2867 1251 2929 Liberum
1292 2868 1664 2948 arbitrium,
1715 2868 1859 2928 sine
1906 2868 2163 2944 gratiae
2211 2868 2336 2928 Dei
2385 2867 2736 2948 adiutoriO,
2774 2869 3037 2929 nonnisi
3072 2870 3158 2930 ad

707 2957 1118 3034 peccandum
1167 2957 1369 3019 valet.

798 3050 904 3108 28.
953 3047 1359 3122 Pelagiauus
1405 3049 1509 3106 est
1540 3064 1721 3107 error
1757 3045 1995 3124 dicere,
2030 3046 2208 3122 quod
2242 3047 2526 3110 liberum
2573 3047 2922 3108 arbitrium
2972 3047 3156 3109 valet

707 3138 793 3198 ad
842 3137 1051 3198 ullum
1083 3139 1428 3212 peccatum
1462 3137 1834 3196 vitandum.

796 3229 902 3288 29.
952 3227 1101 3286 Non
1150 3225 1276 3285 soli
1322 3224 1505 3285 fures
1552 3226 1600 3285 ii
1647 3231 1809 3285 sunt
1854 3230 1923 3284 et
1967 3226 2280 3303 latrones,
2318 3226 2435 3300 qui
2484 3226 2828 3286 Christum
2878 3227 3056 3287 viam
3090 3233 3159 3288 et

706 3317 953 3376 ostium
986 3314 1296 3376 veritatis
1342 3318 1412 3374 et
1448 3315 1629 3376 vitae
1677 3319 1946 3391 negant,
1994 3314 2111 3376 sed
2173 3316 2372 3376 etiam
2420 3315 2822 3390 quicumque
2884 3316 3157 3377 aliunde

706 3422 903 3481 quam
952 3420 1070 3477 per
1115 3404 1335 3477 ipsum
1383 3404 1453 3462 in
1502 3404 1681 3464 viam
1729 3404 2029 3466 iustitiae
2084 3405 2232 3482 (hoc
2291 3407 2394 3465 est
2448 3403 2740 3478 aliquam
2801 3404 3157 3483 iustitiam)

705 3491 1059 3555 conscendi
1092 3509 1285 3566 posse
1316 3492 1591 3553 docent:

796 3585 901 3644 30.
949 3583 1069 3641 aut
1114 3580 1475 3643 tentationi
1531 3583 1650 3642 ulli
1700 3583 1846 3642 sine
1893 3583 2149 3658 grat-iae
2199 3583 2409 3656 ipsius
2455 3581 2789 3642 adiutorio
2846 3584 3156 3647 resistere

708 3671 1040 3732 hominem
1084 3688 1297 3749 posse,
1346 3671 1440 3732 sic
1486 3675 1564 3732 ut
1612 3673 1681 3730 in
1729 3689 1874 3733 eam
1921 3688 2053 3730 non
2101 3670 2460 3731 inducatur
2490 3675 2609 3731 aut
2640 3673 2726 3732 ab
2769 3689 2849 3732 ea
2881 3691 3014 3734 non
3045 3691 3157 3736 su-

705 3765 994 3836 peretur.

795 3851 902 3910 31.
939 3849 1199 3911 Caritas
1230 3849 1529 3925 perfecta
1572 3851 1641 3909 et
1686 3849 1963 3926 sincera,
1998 3864 2169 3925 quae
2215 3851 2318 3908 est
2365 3864 2449 3907 ex
2480 3847 2676 3908 corde
2699 3866 2871 3925 puro
2901 3855 2970 3912 et
3001 3870 3157 3914 con-

706 3939 985 4002 scientia
1016 3939 1192 3999 bona
1223 3941 1292 3998 et
1323 3939 1451 3999 fide
1483 3955 1617 3998 non
1650 3939 1825 4015 ficta,
1860 3943 1997 3999 tam
2034 3938 2101 3997 in
2136 3937 2632 3998 catechumenis
2656 3956 2860 4013 quam
2895 3941 2968 4002 in
3001 3959 3155 4019 poe-

706 4028 1079 4090 nitentibus
1118 4031 1341 4103 potest
1373 4045 1517 4088 esse
1542 4028 1685 4086 sine
1718 4027 2106 4087 remissione
2139 4029 2580 4102 peccatorum.

796 4122 901 4180 32.
944 4116 1204 4179 Caritas
1243 4116 1376 4191 illa,
1417 4133 1587 4192 quae
1620 4121 1724 4175 est
1755 4115 2108 4190 plenitudo
2153 4115 2344 4191 legis,
2379 4133 2514 4175 non
2561 4120 2664 4177 est
2702 4134 2961 4195 semper
2998 4136 3151 4181 con-

707 4205 936 4267 iuncta
982 4224 1131 4266 cum
1180 4205 1566 4264 remissione
1598 4211 2037 4278 peccatorum.

795 4298 900 4355 33.
951 4295 1485 4355 Catechumenus
1531 4293 1726 4370 iuste,
1779 4296 1955 4354 recte
1988 4299 2056 4354 et
2089 4296 2318 4354 sancte
2356 4294 2532 4354 vivit
2578 4301 2646 4356 et
2677 4296 2992 4357 mandata
3027 4300 3154 4359 Dei

701 4386 1014 4446 observat
1059 4401 1137 4442 ac
1184 4383 1398 4456 legem
1446 4382 1681 4457 implet
1728 4399 1847 4458 per
1892 4384 2261 4462 caritatem,
2311 4388 2470 4443 ante
2531 4385 2872 4447 obtentam
2926 4388 3156 4448 remis·

702 4475 953 4533 sionem
1002 4475 1446 4546 peccatorum,
1487 4487 1657 4546 quae
1693 4471 1761 4531 in
1797 4473 2122 4548 Baptismi
2164 4472 2428 4533 la‘vacro
2461 4473 2725 4535 demum
2761 4477 3149 4552 percipitur.

792 4566 896 4621 34.
932 4558 1296 4620 Distinctio
1320 4558 1437 4620 illa
1459 4559 1747 4634 duplicis
1771 4562 2032 4640 amoris,
2063 4562 2388 4622 naturalis
2421 4562 2756 4641 videlicet,
2798 4581 2931 4639 quo
2967 4567 3153 4627 Deus
