3529 5158
938 394 1425 437 rnorem-mosum
1462 396 1915 436 Damaraxus.
1955 396 1992 435 A
2031 396 2131 436 1³10
2170 397 2249 436 v1.
2707 397 2790 439 nv

336 515 516 575 quam
571 498 905 574 desperata
957 497 1163 556 salute
1217 514 1293 555 ex
1344 497 1465 556 illa
1528 498 1818 573 resecari,
1873 499 1930 556 si
1995 499 2326 558 necessi-tas
2388 500 2571 558 'nulla
2624 516 2788 559 com-

325 588 526 665 pellat
558 588 661 661 (a).

418 677 636 749 Quam
681 676 767 735 ad
818 692 977 751 rem,
1026 692 1112 736 ne
1156 677 1335 752 quod
1382 691 1598 752 genus
1650 676 1849 737 officii
1897 676 1983 736 ad
2037 677 2431 737 lucrandum
2487 679 2783 738 Fratrem

335 765 871 840 praetermissum
907 765 1269 843 videretur,
1304 764 1681 841 praefatum
1721 766 2144 843 Episcopum,
2183 772 2540 842 antequam
2572 768 2658 827 ad
2688 767 2792 826 ul·-

336 855 575 915 teriora
623 854 1191 933 progrederemur,
1232 854 1710 915 amantissimis
1747 855 1994 915 litteris
2038 855 2124 915 ad
2153 872 2304 915 eum
2339 857 2528 917 iussu
2560 860 2791 917 nostro

336 943 508 1004 datis
538 944 627 1004 ad
657 960 780 1004 nos
809 944 1199 1004 acciendum
1231 944 1566 1022 duximuS,
1600 944 1883 1019 polliciti
1922 944 2063 1005 fore
2095 948 2174 1005 ut
2213 946 2536 1005 benevolo
2568 946 2791 1006 animo

336 1051 374 1093 a
402 1033 597 1093 nobis
624 1033 1046 1108 exciperetur
1091 1048 1212 1093 nec
1258 1037 1605 1094 vetaretur
1650 1033 1834 1110 quin,
1873 1049 2049 1108 quae
2076 1034 2146 1093 in
2185 1050 2324 1093 rem
2354 1051 2542 1094 suam
2574 1035 2793 1095 facere

336 1121 461 1183 sibi
506 1122 920 1199 viderentur,
954 1122 1161 1182 libere
1207 1126 1571 1198 aperteque
1618 1128 2055 1198 expromeret.
2089 1124 2227 1183 Nec
2265 1141 2425 1184 vero
2471 1142 2624 1199 spes
2669 1141 2793 1185 nos

336 1210 549 1271 omnis
593 1210 981 1271 deseruerat
1025 1211 1168 1271 fieri
1216 1228 1429 1291 posse,
1466 1215 1563 1288 ut,
1614 1212 1671 1271 si
1719 1212 1986 1288 quidem
2035 1212 2330 1272 animum
2379 1213 2563 1272 illum
2614 1214 2793 1275 doci-

338 1300 554 1379 bilem,
594 1302 884 1379 afferret,
918 1316 1113 1376 quem
1161 1316 1243 1359 ex
1292 1300 1598 1376 Apostoli
1651 1300 1987 1361 sententia
2018 1300 2087 1361 in
2131 1301 2461 1378 Episcopo
2509 1303 2795 1363 maxime

340 1389 766 1466 Augustinus
815 1390 900 1467 (b)
943 1390 1348 1465 requirebat,
1388 1408 1537 1451 cum
1586 1390 1978 1466 simpliciter
2023 1395 2093 1450 et
2139 1390 2419 1451 candide
2467 1392 2648 1452 omni
2694 1409 2794 1452 re-

337 1482 514 1543 mota
544 1479 1037 1539 concertatione
1080 1484 1149 1539 et
1178 1478 1543 1540 acerbitate
1589 1480 2119 1557 recognoscenda
2163 1481 2221 1539 ei
2267 1487 2797 1556 proponerentur

336 1568 692 1643 praecipua
737 1568 1187 1628 doctrinarum
1235 1570 1474 1645 capita,
1526 1585 1699 1644 quae
1747 1569 1892 1629 visa
1937 1573 2165 1629 essent
2211 1571 2440 1630 maiori
2497 1570 2795 1630 animad-

343 1658 640 1718 versione
672 1657 898 1735 digna,
932 1662 1077 1716 tum
1110 1657 1302 1717 facile
1334 1674 1479 1717 sese
1525 1658 1670 1733 ipse
1703 1659 2023 1733 colligens
2055 1675 2185 1717 non
2223 1658 2584 1737 dubitaret,
2624 1676 2795 1734 quae

335 1746 646 1822 ambigue
676 1746 898 1821 posita
927 1751 1170 1823 essent,
1208 1747 1278 1805 in
1324 1748 1652 1807 saniorem
1693 1763 1960 1806 sensum
1995 1763 2326 1821 exponere
2372 1764 2628 1822 quaeve
2661 1765 2796 1807 ma-

337 1834 651 1896 nifestam
714 1836 1113 1911 pravitatem
1172 1836 1680 1911 praeseferrent,
1730 1840 1961 1910 aperte
2016 1835 2365 1910 repudiare
2420 1840 2625 1911 atque
2677 1836 2792 1913 ita,

337 1942 576 2001 magna
621 1941 769 1985 cum
821 1924 926 1984 sui
972 1924 1262 1984 nominis
1307 1924 1820 2002 existimatione,
1870 1927 2010 1984 tum
2059 1924 2427 1985 laetissima
2473 1926 2794 1986 bonorum

334 2013 629 2073 omnium
677 2014 1147 2091 gratulatione,
1181 2014 1606 2089 pacatissima
1637 2031 1771 2089 qua
1802 2014 1940 2073 fieri
1976 2017 2203 2090 posset
2235 2014 2510 2093 ratione,
2545 2014 2675 2075 orti
2721 2014 2792 2074 in

336 2103 635 2164 Ecclesia
682 2104 1007 2177 strepitus
1055 2103 1473 2178 optatissima
1519 2103 1927 2163 correctione
1974 2104 2568 2179 comprimerentur
2603 2102 2703 2182 (c).

420 2192 619 2253 Nunc
672 2209 827 2252 vero
874 2210 1021 2252 cum
1071 2190 1185 2251 ille
1238 2192 1461 2253 oblato
1515 2192 1836 2252 beneficio
1889 2192 2340 2267 incommodae
2385 2193 2797 2253 valetudinis

335 2281 602 2342 nomine
653 2282 873 2342 minus
921 2281 1243 2341 utendum
1293 2281 1423 2341 sibi
1455 2298 1599 2342 esse
1630 2282 1988 2357 censuerit,
2023 2282 2288 2341 differre
2319 2282 2450 2342 iam
2483 2299 2614 2341 non
2647 2300 2797 2358 pos-

332 2388 564 2431 sumus
611 2370 776 2447 quin
825 2370 1217 2447 Apostolico
1264 2374 1492 2431 nostro
1531 2370 1792 2430 muneri
1841 2370 2348 2431 satisfaciamus.
2399 2372 2549 2431 Non
2597 2372 2798 2431 unius

330 2460 799 2520 tantummodo
856 2460 1218 2520 alteriusve
1278 2459 1602 2519 dioecesis
1662 2459 2032 2534 periculum
2096 2452 2364 2535 agitur:
2427 2460 2800 2519 universalis

336 2549 622 2609 Ecclesia
654 2568 1035 2626 quacumque
1081 2549 1359 2609 vaexovitate
1379 2549 1687 2627 pulsatur
1718 2547 1828 2627 (d).
1867 2548 2180 2625 Undique
2212 2549 2344 2610 iam
2375 2548 2629 2626 pridem
2665 2566 2800 2610 nou

329 2644 763 2715 exspectatur
816 2640 1028 2715 modo,
1079 2655 1313 2699 verum
1360 2639 1650 2699 assiduis
1697 2639 2007 2715 repetitis
2039 2639 2348 2715 precibus
2393 2639 2803 2716 efflagitatur

329 2745 683 2805 supremae
728 2729 1133 2804 apostolicae
1180 2728 1372 2789 Sedis
1418 2729 1762 2789 iudicium.
1799 2728 2003 2789 Absit
2041 2732 2119 2788 ut
2163 2745 2296 2788 vox
2345 2729 2529 2790 Petri
2564 2730 2633 2789 in
2684 2729 2802 2789 illa

332 2836 635 2894 unquam
669 2818 839 2878 Sede
871 2836 991 2880 sua
1023 2818 1443 2897 conticescat,
1482 2818 1550 2877 in
1583 2836 1717 2894 qua
1748 2823 2072 2893 perpetuo
2099 2819 2336 2879 vivens
2367 2818 2481 2879 ille
2503 2837 2580 2879 ac
2611 2835 2801 2894 prae-

330 2907 561 2968 sidens
601 2912 901 2982 praestat
932 2908 1409 2984 quaerentibus
1456 2907 1647 2968 Fidei
1694 2908 2048 2968 veritatem
2081 2907 2183 2988 (e).
2224 2909 2399 2969 Tuta
2432 2927 2563 2968 non
2595 2912 2700 2969 est
2728 2909 2797 2967 in

329 2997 586 3057 talibus
635 2997 895 3074 longior
940 2998 1411 3072 conniventia3
1463 2998 1622 3072 quia
1667 2998 2079 3059 tantumdem
2137 3015 2308 3072 pene
2353 2999 2651 3059 criminis
2697 3001 2802 3058 est

328 3087 697 3147 connivere
751 3087 824 3147 in
881 3088 1152 3164 talibus,
1202 3087 1442 3163 quanti
1498 3092 1603 3147 est
1657 3094 1796 3148 tam
1847 3087 2224 3163 irreligiosa
2276 3088 2660 3162 praedicare
2706 3087 2799 3162 (f).

331 3175 892 3237 Abscindendum
929 3177 1139 3253 igitur
1171 3178 1306 3236 tale
1344 3177 1612 3254 vulnus,
1648 3195 1781 3251 quo
1828 3194 1960 3235 non
2016 3193 2222 3235 unum
2266 3176 2638 3234 membrum
2665 3175 2800 3233 lae-

326 3264 532 3344 ditur,
571 3265 691 3327 sed
722 3270 941 3326 totum
972 3282 1210 3341 corpus
1244 3266 1580 3326 Ecclesiae
1612 3265 1952 3324 sauciatur
1981 3261 2092 3342 (g).
2131 3267 2360 3337 Atque
2398 3262 2630 3321 divina
2659 3262 2801 3338 opi-

326 3354 597 3415 tulante
644 3355 895 3431 pietate
944 3355 1453 3432 providendum,
1494 3358 1593 3429 ut,
1636 3352 2001 3428 amputatis
2047 3350 2597 3429 dissensionibus,
2636 3349 2803 3412 fides

326 3443 665 3505 catholica
694 3445 1023 3506 inviolata
1052 3450 1358 3507 servetur
1406 3449 1493 3521 et,
1528 3441 1635 3501 his
1667 3441 1787 3515 qui
1821 3458 2029 3517 prava
2061 3440 2436 3501 defendunt
2466 3441 2553 3502 ab
2582 3456 2804 3502 errore

328 3534 691 3610 revocatis,
744 3540 971 3595 nostra
1025 3535 1426 3595 auctoritate
1488 3548 1768 3608 quorum
1833 3530 1996 3591 fides
2051 3531 2334 3606 probata
2386 3531 2610 3610 fuerit,
2659 3548 2803 3591 mu·

330 3623 616 3685 niantur
655 3624 767 3701 (b).

416 3714 797 3790 Implorato
843 3714 1070 3789 itaque
1119 3730 1269 3773 cum
1316 3712 1604 3772 assiduis
1637 3711 1885 3771 nostris
1918 3717 2059 3770 tum
2092 3716 2163 3769 et
2193 3710 2454 3784 piorum
2492 3709 2804 3771 christifi-

328 3802 586 3863 delium
614 3802 901 3879 privatis
933 3803 1353 3878 publicisque
1385 3801 1694 3878 precibus
1722 3801 2016 3874 Spiritus
2041 3799 2270 3860 Sancti
2298 3800 2567 3876 lumine,
2594 3798 2804 3859 omni-

328 3891 457 3953 bus
505 3894 709 3968 plene
757 3896 826 3953 et
874 3895 1135 3953 mature
1181 3889 1641 3966 consideratis,
1682 3891 2056 3965 complures
2093 3906 2178 3948 ex
2207 3889 2375 3948 actis
2406 3895 2474 3948 et
2519 3888 2805 3947 decretis

328 3985 745 4043 memoratae
794 3981 1043 4058 Synodi
1101 3980 1610 4056 propositiones,
1654 3978 2013 4055 doctrinas,
2064 3976 2451 4051 sentent-ias,
2502 3977 2645 4035 sive
2690 3992 2804 4034 ex-

403 4252 1829 4418 {bLfist.176.num.4.,178.num.2.edit.h1uurin.

502 4267 624 4352 Lfb.
653 4307 695 4349 4.
728 4307 873 4360 Bapt
904 4285 1083 4349 oontr’a
1110 4306 1291 4350 Donat.
1323 4320 1366 4350 c.
1395 4306 1435 4348 ὃ.
1468 4309 1518 4349 et
1546 4305 1633 4348 lil.
1664 4306 1705 4346 6
1736 4318 1780 4348 c.
1807 4303 1875 4345 26.

502 4363 553 4408 Β.
593 4319 941 4406 ooeaoeeupuol.
971 4361 1080 4414 epis
1000 4361 1117 4414 pm
1148 4362 1216 4403 16.
1246 4372 1388 4403 num.
1417 4362 1458 4401 2.
1490 4373 1555 4413 ap
1559 4359 1625 4402 ud
1655 4359 1825 4402 Coust.

404 4364 474 4468 (d)
511 4419 561 4458 S.
599 4413 881 4459 omanus
912 4415 953 4457 I.
984 4414 1127 4467 epist.
1156 4416 1224 4456 21.
1255 4414 1320 4457 ad
1350 4415 1390 4456 Ε
1396 4415 1616 4466 piscopos
1645 4412 1948 4455 Galliarum.

404 4472 471 4575 (ο)
453 4470 611 4566 >gw-
768 4479 822 4510 ω
848 4467 994 4521 epist.
1013 4427 1087 4510 {d
1116 4467 1255 4520 Euty
1258 4427 1425 4511 ohemp

760 4522 939 4565 iuml.
968 4521 1114 4575 epist.
1145 4523 1211 4564 12.
1243 4533 1383 4563 num.
1411 4522 1454 4564 2

407 4524 474 4677 (ἓ)
505 4577 658 4619 Idem
686 4588 714 4619 e
752 4575 836 4617 ist.
867 4534 1155 4628 11.0}’rillo
1184 4588 1325 4617 num.
1353 4576 1396 4616 3.

402 4585 563 4689 ἔξω
598 4588 1487 4685 manem,epist.23.1⁴'luvmno
1513 4625 1606 4670 GP.
1638 4638 1776 4668 num.
1804 4627 1844 4667 2.
