3529 5158
699 349 808 406 552
1087 363 1301 405 manfr.
1340 364 1421 405 ιν.
1460 362 1546 402 mn
1583 361 1891 404 moeurs.
1930 362 2129 403 capua·
2166 362 2207 401 1.
2243 361 2388 402 nun.
2426 360 2518 400 111.
2557 359 2696 401 Am.
2733 360 2772 399 1.
3025 344 3172 420 [617]

697 463 993 527 iniuriam
1040 480 1161 526 non
1209 480 1340 524 esse
1386 459 1731 524 faciendam
1771 460 1907 524 loco
1939 477 2142 534 sacr0;
2179 457 2339 522 unde
2370 456 2590 521 tollere
2628 455 2865 538 aliquid
2897 457 3168 521 alienum

695 566 769 630 de
800 567 935 630 loco
962 584 1157 642 sacro,
1180 563 1353 628 addit
1390 564 1721 646 specialem
1747 562 2226 648 repugnantiam
2252 560 2329 625 ad
2355 561 2629 627 ordinem
2655 561 2919 625 rationis
2943 565 3007 625 et
3030 561 3169 626 ideo

693 667 886 744 locuS,
923 666 1031 749 qui
1080 667 1251 749 prius
1299 665 1725 730 consideratur
1773 667 1846 729 ut
1892 664 2385 739 circumstantia,
2425 683 2590 727 nunc
2620 662 3051 727 consideratur
3096 666 3168 728 ut

676 767 1063 849 princepal‘z's
1095 766 1367 831 conditio
1392 767 1615 831 obiecti
1634 767 1877 830 rationi
1897 785 2262 847 repuynans
2286 767 2349 829 et
2379 784 2487 848 per
2509 765 2673 829 hunc
2703 764 2962 828 modum
2979 784 3169 846 quan-

691 871 1037 953 documque
1076 871 1287 951 aliqua
1318 870 1791 934 circumstantia
1822 868 2074 952 respicit
2108 867 2436 950 specialem
2471 866 2748 930 ordinem
2773 867 3035 930 rationis
3069 867 3167 930 vel

692 992 804 1056 pro
852 973 951 1036 vel
996 975 1233 1049 contra,
1271 973 1517 1054 oportet
1565 971 1729 1053 quod
1762 970 2235 1036 circumstantia
2275 969 2378 1033 det
2424 970 2690 1051 speciem
2723 969 2894 1032 actui
2939 969 3166 1033 morali

694 1075 857 1140 bono
906 1076 1004 1139 vel
1050 1076 1219 1139 malo
1255 1101 1313 1137 ».

783 1178 1205 1242 Veruntamen
1238 1176 1402 1259 quod
1441 1176 1912 1241 circumstantia
1944 1176 2028 1239 sit
2065 1177 2275 1239 instar
2306 1174 2543 1252 obiecti,
2582 1174 2648 1238 id
2684 1174 2870 1237 nimis
2915 1193 3165 1259 genera—

690 1280 837 1344 liter
860 1280 1184 1343 diceretur.
1212 1277 1376 1342 Nam
1407 1279 1583 1342 iuxta
1616 1298 1663 1350 s.
1701 1279 2008 1343 Thomam
2046 1277 2107 1341 id
2140 1278 2344 1342 solum
2376 1277 2527 1340 tunc
2557 1276 2887 1360 contingit,
2915 1276 3160 1357 quando

692 1381 1163 1446 circumstantia
1195 1379 1368 1444 addit
1392 1381 1657 1463 speciem
1690 1380 1926 1462 peccati
1958 1398 2210 1462 prorsus
2242 1379 2628 1462 disparatam
2660 1397 2698 1440 a
2730 1378 2926 1461 specie
2959 1381 3154 1448 actus,

692 1485 871 1550 cuius
895 1485 991 1548 est
1013 1484 1502 1548 circumstantia.
1530 1484 1631 1546 Ita
1656 1503 1704 1546 S.
1734 1484 1967 1547 Doctor
1990 1482 2065 1545 dc
2089 1482 2257 1545 Mal.
2286 1502 2343 1564 q.
2373 1484 2433 1544 2.
2461 1482 2579 1545 art.
2595 1482 2655 1543 6.
2677 1480 2755 1544 ad
2782 1483 2874 1544 2.:
2905 1505 2941 1538 «
2964 1481 3158 1545 Actus

690 1587 948 1651 moralis
979 1587 1198 1668 recipit
1228 1586 1494 1668 speciem
1527 1586 1604 1648 ab
1644 1585 1914 1650 obiecto:
1951 1604 2073 1650 non
2111 1587 2319 1649 tamen
2353 1586 2603 1667 propter
2635 1584 2753 1647 hoc
2790 1582 3153 1662 excluditur,

689 1690 839 1771 quin
871 1688 1130 1770 recipiat
1161 1688 1426 1770 speciem
1459 1707 1564 1769 per
1594 1687 2126 1763 circumstantias,
2162 1687 2309 1768 quia
2341 1706 2411 1750 ex
2444 1686 2916 1750 circumstantia
2953 1687 3157 1768 potest

686 1795 1109 1861 considerari
1094 1814 1157 1858 m
1186 1794 1426 1858 obiecto
1456 1794 1666 1875 aliqua
1691 1812 1853 1858 nova
1877 1793 2169 1870 conditio,
2205 1813 2311 1876 per
2334 1812 2527 1875 quam
2546 1792 2662 1855 dat
2679 1793 2946 1872 speciem
2966 1794 3155 1856 actia.

689 1899 875 1974 Puta,
897 1897 951 1961 si
974 1897 1194 1974 dicam,
1223 1897 1494 1978 accipere
1519 1915 1651 1960 rem
1676 1896 1991 1960 alienam
1976 1915 2038 1959 ιιι
2063 1897 2201 1961 loco
2228 1914 2403 1960 sacro
2429 1895 2853 1960 exsistentem·
2895 1895 2997 1959 hic
3022 1913 3158 1959 con-

685 2000 994 2064 sideratur
1031 1998 1301 2062 conditw
1348 1997 1569 2060 obiecti
1612 2018 1683 2062 ex
1730 1998 2202 2062 circumstantia
2233 1997 2356 2062 loci
2386 2000 2450 2061 et
2480 1998 2569 2061 sic
2597 1996 2672 2060 fit
2705 1997 2935 2079 species
2983 1997 3156 2075 furti,

686 2100 853 2182 quod
876 2101 973 2163 est
995 2100 1391 2183 sacrilegium
1423 2119 1494 2164 ex
1518 2100 1990 2164 circumstantia
2020 2099 2162 2172 loci,
2190 2101 2254 2164 et
2283 2118 2404 2164 non
2438 2118 2509 2163 ex
2533 2098 2885 2163 conditione
2911 2100 3155 2164 obiecti.

684 2202 768 2266 Et
797 2202 1086 2266 similiter
1102 2221 1341 2266 necesse
1364 2205 1459 2266 est
1493 2202 1783 2279 accidere,
1812 2202 2326 2284 quandocumque
2350 2202 2578 2285 species
2603 2202 2841 2284 peccati
2864 2221 3020 2284 quae
3045 2222 3155 2284 per

682 2305 1216 2369 circumstantiam
1253 2305 1679 2383 constituitur,
1714 2307 2116 2384 comparatur
2136 2303 2227 2367 ad
2240 2307 2565 2383 peccatum
2585 2302 3152 2382 praeintellectum,

682 2411 756 2470 ut
797 2408 1029 2487 species
1073 2405 1162 2469 ad
1202 2427 1419 2488 ycnus,
1469 2407 1631 2471 sicut
1679 2408 2076 2490 sacrilegium
2108 2407 2184 2470 ad
2216 2406 2477 2481 furtum,
2511 2406 2609 2469 vel
2657 2404 3037 2469 adulterium
3073 2405 3150 2469 ad

682 2509 1173 2574 fornicationem.
1200 2508 1457 2589 Quando
1492 2528 1634 2573 vero
1662 2510 1892 2593 species
1915 2509 2152 2593 peccati
2175 2528 2246 2572 ex
2271 2508 2740 2573 circumstantia
2763 2508 3149 2592 provenienS,

681 2631 808 2675 non
832 2615 927 2674 cst
944 2612 1175 2691 specics
1186 2612 1433 2690 pcccati
1450 2610 1936 2691 praeintellecti,
1971 2613 2075 2677 sed
2100 2614 2195 2676 est
2216 2612 2521 2694 quaedam
2548 2612 2670 2675 alia
2694 2612 2928 2694 species
2954 2612 3153 2695 dispa-

681 2716 841 2789 rata,
865 2716 1015 2777 tunc
1032 2714 1238 2795 potest
1254 2713 1544 2798 intelligi,
1567 2715 1731 2795 quod
1749 2715 2219 2779 circumstantia
2235 2715 2346 2779 dat
2368 2715 2785 2798 speciem,non
2810 2715 3150 2780 secundum

682 2814 848 2895 quod
879 2834 951 2878 ex
983 2835 1053 2878 ea
1078 2815 1346 2879 resultat
1378 2816 1590 2897 aliqua
1639 2817 1912 2881 conditio
1946 2818 2106 2881 circa
2133 2817 2463 2893 obiectum,
2491 2817 2596 2881 sed
2619 2817 2961 2881 secundum
2986 2817 3148 2901 quod

678 2914 797 2978 illa
818 2917 1293 2979 circumstantia
1309 2917 1744 2981 consideratur
1762 2922 1834 2981 ut
1854 2918 2153 2982 obiectum
2180 2921 2435 2984 alterius
2460 2922 2636 2984 actus
2651 2919 3147 2997 circumstantis3

679 3018 842 3083 sicut
859 3018 910 3082 si
936 3018 1162 3100 aliquis
1178 3020 1544 3085 moechatur
1561 3024 1632 3084 ut
1648 3021 1909 3095 furetur,
1927 3021 2176 3086 additur
2191 3021 2494 3103 quaedam
2520 3023 2644 3086 alia
2659 3023 2895 3105 species
2912 3025 3152 3107 peccati

674 3124 927 3204 propter
956 3122 1166 3186 actum
1195 3121 1560 3185 intentionis
1595 3123 1949 3187 tendentem
1981 3124 2045 3187 in
2079 3124 2315 3188 malum
2348 3124 2552 3203 finem,
2579 3125 2688 3206 qui
2712 3129 2808 3189 est
2835 3126 3148 3192 obiectum

675 3223 1045 3288 intentionis
1078 3249 1140 3287 ».

764 3322 914 3395 617.
942 3325 1219 3391 Secunda
1244 3347 1393 3409 pars
1418 3327 1832 3410 responsionis
1866 3327 2157 3392 Auctoris
2190 3328 2484 3407 affirmat,
2511 3331 2762 3412 peccata
2793 3331 3011 3410 quoad
3025 3330 3147 3411 for-

673 3427 835 3489 male
857 3429 1133 3510 proxime
1167 3428 1475 3513 distingui
1508 3429 1586 3492 ab
1613 3429 1914 3512 oppositis
1931 3429 2147 3494 formis
2172 3431 2301 3493 sive
2325 3431 2694 3495 rectitudine
2717 3432 2995 3507 virtutis,
3019 3454 3146 3514 qua

659 3529 965 3608 privant;
998 3532 1231 3593 remote
1262 3549 1406 3595 vero
1443 3533 1506 3594 et
1537 3530 2088 3595 fundamentaliter
2119 3551 2188 3595 ex
2215 3533 2497 3597 obiectis:
2531 3553 2691 3615 quae
2716 3538 2813 3599 est
2844 3535 3028 3600 tertia
3053 3555 3144 3599 re-

675 3635 1024 3718 sponsionis
1054 3655 1216 3718 pars.

762 3737 844 3801 Et
860 3737 1061 3802 reddit
1084 3738 1409 3815 rationem,
1431 3741 1578 3821 quia
1602 3740 1981 3823 privationes
2005 3742 2279 3823 proxime
2303 3742 2566 3825 speciem
2589 3762 2769 3808 suam
2808 3744 3141 3811 desumunt

674 3856 709 3901 a
740 3839 977 3913 formiS‚
1018 3840 1244 3922 quibus
1279 3842 1529 3924 privant
1561 3841 1689 3906 sive
1723 3862 1757 3905 a
1793 3842 2161 3907 rectitudine
2195 3843 2502 3909 virtutum
2537 3846 3000 3928 oppositarum:
3027 3850 3141 3914 vir·

670 3942 840 4006 tutes
872 3944 1083 4007 autem
1117 3943 1550 4026 specificantur
1599 3945 1677 4007 ab
1726 3945 2009 4010 obiectis:
2045 3965 2192 4030 ergo
2223 3948 2460 4011 remote
2490 3965 2600 4011 seu
2629 3948 2901 4013 mediate
2951 3951 3136 4015 etiam

668 4042 819 4108 haec
849 4044 1224 4109 inordinatio
1257 4045 1541 4110 formalis
1577 4046 1971 4129 specificatur
2004 4048 2080 4111 ab
2114 4048 2387 4113 obiectis,

757 4147 1020 4219 Tanner,
1054 4167 1086 4211 e
1123 4167 1245 4229 quo
1287 4147 1525 4213 Auctor
1563 4150 1714 4213 haec
1762 4151 1972 4214 omnia
2004 4152 2290 4233 sumpsit,
2332 4148 2607 4216 studiose
2637 4156 2905 4219 conatur
2945 4159 3137 4220 osten·

665 4246 827 4323 dere,
842 4268 889 4311 s,
909 4250 1215 4313 Thomam
1240 4269 1360 4314 non
1389 4270 1736 4335 repugnare
1759 4270 1908 4317 suae
1932 4253 2077 4317 huic
2101 4254 2396 4318 theoriae.
2425 4254 2611 4318 Iuvat
2635 4255 2770 4319 heic
2793 4274 2843 4318 s.
2862 4257 3134 4323 'rhomae

665 4351 852 4415 verba
885 4353 1235 4429 exscribere,
1266 4355 1339 4415 ut
1363 4353 1503 4417 inde
1528 4355 1752 4419 melius
1777 4358 2008 4439 pateat,
2037 4356 2185 4437 quid
2218 4357 2334 4421 sibi
2361 4357 2512 4421 velit
2535 4358 2665 4440 ipse
2690 4359 2955 4424 Tanner.

757 4450 817 4514 S.
845 4452 1115 4517 Thomas
1139 4454 1352 4535 itaque
1381 4456 1437 4519 1.
1470 4457 1529 4518 2.
1551 4475 1609 4537 q.
1642 4458 1742 4519 72.
1774 4461 1890 4522 art.
1923 4459 1978 4521 1.
2001 4459 2077 4521 ad
2110 4460 2536 4541 quaestionem
2569 4484 2602 4517 α
2629 4460 2857 4525 Utrum
2885 4464 3128 4546 peccata

665 4553 952 4618 differant
984 4555 1183 4637 specie
1209 4557 1552 4622 secundum
1586 4559 1826 4625 obiecta
1853 4586 1912 4639 ι»,
1941 4561 2030 4625 sic
2053 4560 2411 4644 respondet:
2453 4588 2486 4619 ει
2511 4562 2871 4641 Dicendum,
2900 4563 3126 4646 quod...
