3529 5158
750 327 861 382 448
1394 340 1606 380 ‘rme-r.
1645 343 1735 381 111.
1780 342 1865 380 mr
1901 339 2181 382 nmmos.
2222 341 2421 381 estur
2459 341 2565 380 vu.
3080 326 3227 397 [471]

839 435 998 509 471.
1025 438 1307 502 Occurrit
1340 439 1552 500 autem
1599 456 1751 500 usus
1799 436 2094 520 epikeiae,
2134 456 2279 499 cum
2325 436 2490 501 ratio
2539 435 2697 520 legis
2742 438 2947 501 cessat
2983 442 3229 503 contra-

748 543 857 618 rie,
907 541 1073 623 quod
1117 540 1368 622 quidem
1405 539 1735 622 dupliciter
1783 539 2118 624 contingit:
2153 539 2253 603 vel
2283 539 2431 621 quia
2473 539 2539 603 in
2577 558 2650 604 eo
2687 557 2837 602 casu
2870 540 3226 606 observatio

748 644 906 728 Iegis
951 643 1238 707 evaderet
1283 643 1469 720 mala,
1521 643 1595 706 ut
1640 642 1694 705 si
1760 642 1950 707 velles
2012 661 2123 724 pro
2185 640 2492 706 audienda
2548 641 2740 707 missa
2800 641 3228 725 derelinquere

749 748 1076 831 aegrotum
1123 747 1233 810 tuo
1283 745 1513 810 auxilio
1562 744 1813 810 omnino
1861 743 2263 828 indigentem,
2313 744 2411 808 vel
2457 744 2607 826 quia
2666 744 3021 811 observatio
3070 746 3229 830 legis

746 848 957 913 evadit
999 847 1402 932 impossibilis
1449 847 1806 922 moraliter,
1855 846 1920 911 in
1952 846 2069 910 hac
2108 846 2272 910 enim
2304 846 2638 930 hypothesi
2674 865 2798 911 non
2828 846 3106 913 intendit
3148 849 3234 913 le-

743 952 1010 1036 gislator
1045 951 1201 1015 velle
1234 950 1530 1033 obligare,
1565 952 1663 1014 est
1700 949 1869 1013 enim
1900 948 2248 1031 proprietas
2285 948 2462 1033 legis,
2498 951 2572 1012 ut
2596 947 2684 1012 sit
2712 948 2787 1012 de
2818 968 2885 1013 re
2919 950 3227 1032 possibili.

834 1053 1029 1118 Addit
1059 1052 1285 1117 Suarez
1316 1053 1358 1116 1.
1385 1072 1436 1117 c.
1466 1073 1523 1116 n.
1563 1053 1664 1116 11.
1706 1052 1976 1116 ulterius
2008 1051 2218 1116 locum
2256 1069 2388 1116 esse
2424 1051 2723 1134 epikeiae,
2762 1051 2818 1115 si
2864 1070 2938 1116 ex
2968 1052 3234 1117 circum-

744 1156 994 1219 stantiis
1017 1156 1277 1219 iudicari
1294 1155 1515 1219 merito
1541 1156 1750 1238 potest
1774 1154 2222 1239 legislatorem,
2240 1153 2358 1217 etsi
2391 1152 2687 1236 potuerit,
2711 1153 2988 1219 noluisse
3015 1155 3230 1220 tamen

740 1257 804 1321 in
836 1259 1004 1321 certo
1035 1276 1183 1321 casu
1217 1257 1511 1341 obligare.
1545 1257 1780 1321 Munus
1828 1258 1994 1322 enim
2039 1256 2316 1339 epikeiae
2364 1257 2479 1332 est,
2521 1256 2975 1340 praetermissis
3026 1259 3233 1323 verbis

738 1360 897 1444 legis
927 1360 1332 1424 intentionem
1364 1359 1747 1443 legislatoris
1781 1359 1974 1441 sequi,
2002 1361 2077 1423 ut
2108 1359 2199 1423 ait
2230 1378 2279 1422 s.
2315 1358 2608 1423 Thomas.
2636 1356 2702 1423 Si
2733 1378 2880 1443 ergo
2916 1359 2991 1423 de
3024 1360 3231 1425 inten-

745 1462 915 1527 tione
945 1461 1324 1547 legislatoris
1347 1461 1629 1526 constare
1661 1464 1891 1544 potest,
1917 1461 2084 1544 quod
2114 1460 2389 1525 noluerit
2418 1460 2481 1523 in
2519 1479 2593 1526 eo
2624 1478 2774 1525 casu
2800 1461 3105 1546 obligare,
3131 1463 3230 1528 uti

742 1565 956 1630 licebit
991 1565 1231 1648 epikeia
1262 1564 1322 1628 h.
1363 1585 1414 1629 e.
1451 1564 1769 1647 aequitate
1800 1564 1913 1648 (a).

834 1668 916 1732 Et
946 1667 1036 1731 ita
1070 1669 1195 1733 tres
1239 1667 1410 1733 modi
1458 1668 1608 1731 sunt
1628 1666 1846 1732 utendi
1878 1666 2154 1750 epikeia:
2195 1665 2454 1748 primus,
2495 1666 2571 1729 ut
2615 1685 2946 1730 caveamus
2985 1667 3222 1749 aliquid

742 1771 1047 1854 iniquum,
1083 1772 1260 1848 alter,
1296 1773 1368 1834 ut
1412 1770 1682 1835 vitemus
1721 1769 2007 1833 acerbam
2055 1769 2120 1833 et
2162 1756 2463 1832 iniustam
2498 1767 2967 1852 obligationem,
3017 1770 3226 1851 qualis

742 1876 905 1938 esset
927 1874 1008 1937 de
1039 1892 1106 1938 re
1133 1874 1456 1938 moraliter
1492 1871 1887 1955 impossibili,
1939 1870 2163 1935 tertius
2210 1871 2461 1954 propter
2506 1869 2921 1934 coniectatam
2973 1871 3227 1956 legisla-

741 1976 897 2040 toris
927 1976 1340 2041 voluntatem.

832 2074 993 2141 Cum
1022 2077 1260 2140 clarum
1297 2077 1411 2151 est,
1462 2076 1901 2159 particularem
1936 2092 2150 2140 casum
2185 2074 2321 2158 lege
2354 2093 2477 2139 non
2508 2075 2963 2158 comprehendi,
2999 2076 3098 2141 fas
3128 2079 3227 2143 est

741 2178 997 2242 cuilibet
1033 2178 1277 2261 privato
1312 2197 1376 2242 se
1406 2178 1667 2242 eximere
1700 2179 1780 2242 ab
1820 2178 2202 2262 obligatione
2232 2177 2419 2261 legis;
2447 2177 2596 2260 quia
2630 2177 2694 2242 in
2720 2177 3075 2243 manifestis
3099 2198 3222 2245 non

741 2283 837 2345 est
875 2300 1030 2364 opus
1060 2280 1589 2364 interpretatione,
1624 2280 1730 2344 sed
1762 2280 2170 2358 exsecutione,
2205 2283 2279 2345 ut
2310 2281 2403 2345 ait
2426 2299 2476 2344 s.
2496 2280 2770 2345 Thomas
2802 2283 2863 2345 2.
2894 2283 2957 2346 2.
2975 2303 3039 2365 q.
3071 2284 3219 2347 120.

740 2403 795 2448 a.
833 2384 890 2447 l.
927 2384 999 2448 ad
1038 2384 1097 2447 3.

828 2485 893 2551 Si
937 2486 1126 2550 dubia
1172 2506 1269 2551 res
1316 2488 1412 2551 est
1458 2488 1522 2551 et
1563 2487 1640 2551 ad
1692 2486 2031 2570 principem
2079 2504 2362 2551 recursus
2409 2485 2623 2551 haberi
2660 2488 2888 2570 potest,
2949 2488 3030 2552 ad
3077 2508 3220 2553 eum

736 2590 1173 2655 recurrendum
1196 2591 1316 2655 erit
1344 2590 1695 2676 (Laymann
1743 2589 1818 2653 de
1849 2588 2132 2671 Legibus
2162 2609 2214 2653 c.
2252 2590 2356 2668 19,
2389 2609 2450 2653 n.
2490 2591 2596 2672 4):
2632 2590 2685 2654 si
2715 2609 2838 2654 non
2872 2594 3089 2675 potest
3123 2612 3217 2657 re-

737 2712 955 2757 cursus
1000 2692 1232 2769 haberi,
1267 2693 1480 2759 eodem
1526 2698 1706 2777 pacto
1764 2691 2075 2778 agendum
2129 2692 2265 2769 erit,
2324 2711 2398 2756 ac
2442 2691 2710 2757 diximus
2756 2695 3109 2760 tractantes
3143 2695 3216 2760 de

733 2795 1108 2860 conscientia
1140 2797 1347 2860 dubia.

1740 2973 2013 3040 CAPUT
2046 2975 2189 3039 VII.

1553 3100 1586 3138 *
1627 3117 1722 3163 nn
1771 3116 2200 3163 PRIVILEGI
2232 3115 2302 3163 1s
2340 3100 2373 3137 ‘¹‘

820 3280 1000 3354 472.
1051 3281 1475 3364 Privileyium
1506 3280 1823 3344 definitur:
1860 3279 2106 3363 privata
2130 3280 2228 3343 lex
2265 3278 2502 3361 aliquid
2539 3280 2801 3363 speciale
2835 3283 3208 3354 concedens:

737 3413 773 3444 «
803 3406 1000 3467 neque
1036 3386 1219 3461 enim,
1268 3384 1474 3466 inquit
1521 3382 1864 3446 Gratianus
1917 3381 1993 3445 ad
2040 3400 2091 3444 c.
2147 3382 2247 3445 16.
2299 3401 2356 3463 q.
2403 3381 2460 3444 1.
2495 3400 2663 3446 caus.
2708 3383 2839 3462 25„
2892 3386 3212 3468 aliquibus

727 3488 1055 3572 privilegia
1079 3487 1572 3560 concederentur,
1609 3485 1664 3549 si
1709 3485 1960 3568 praeter
2006 3483 2357 3568 generalem
2387 3484 2589 3568 legem
2612 3484 2771 3549 nulli
2804 3487 3049 3568 aliquid
3082 3508 3211 3573 spe-

728 3588 883 3654 ciale
929 3589 1362 3653 concederetur
1398 3613 1459 3651 ».
1501 3585 1776 3670 Speciale
1825 3586 1974 3669 quid
2021 3588 2134 3664 est,
2176 3585 2229 3649 si
2276 3584 2360 3649 sit
2389 3585 2559 3650 ultra
2596 3586 2694 3650 vel
2726 3591 2974 3670 praeter
3004 3591 3211 3677 legem

724 3710 835 3756 nec
883 3710 1036 3775 opus
1077 3693 1174 3756 est
1204 3693 1277 3755 ut
1325 3690 1410 3755 sit
1442 3691 1680 3755 contra.

818 3794 1224 3882 Privilegium
1270 3795 1367 3858 est
1404 3792 1636 3875 aliquid
1688 3793 1830 3875 plus
1879 3811 2067 3873 quam
2115 3791 2476 3856 beneficium
2525 3792 2839 3875 principis.
2882 3793 2982 3860 Sic
3036 3798 3211 3865 bene

725 3899 935 3965 ficium
983 3918 1112 3964 esse
1150 3899 1356 3982 potest
1389 3895 1762 3979 dispensatio
1814 3894 1891 3958 ab
1938 3894 2421 3978 irregularitate,
2463 3894 2774 3961 absolutio
2826 3915 2861 3961 a
2911 3918 3204 3972 censura:

724 4003 834 4085 qui
865 4004 1073 4066 tamen
1105 4019 1208 4066 eas
1241 3998 1598 4074 obtinuerit,
1629 3997 1755 4060 iam
1791 3996 1926 4080 agit
1957 4016 2029 4060 ex
2052 3996 2183 4061 iure
2209 3996 2549 4074 communi,
2583 4015 2705 4061 non
2740 4016 2813 4061 ex
2846 4000 3204 4088 privilegio.

811 4106 926 4171 Est
959 4106 1219 4186 privata
1267 4103 1403 4180 lex,·
1436 4102 1581 4184 quia
1629 4098 1991 4164 beneficium
2036 4098 2134 4163 vel
2166 4098 2263 4163 ius
2287 4097 2486 4163 alicui
2501 4119 2812 4179 personae
2853 4105 2965 4166 aut
3005 4104 3208 4170 alicui

708 4210 893 4289 parti
922 4206 1389 4275 communitatis
1423 4203 1813 4270 conceditur:
1843 4202 2031 4266 habet
2062 4203 2272 4266 tamen
2296 4202 2453 4286 legis
2484 4202 2811 4279 rationem,
2838 4224 2963 4269 non
2990 4209 3202 4273 solum

722 4312 870 4394 quia
900 4312 1041 4374 vult
1071 4310 1536 4394 privilegiatum
1568 4305 1899 4390 privilegio
1926 4323 2103 4387 posse
2127 4304 2269 4381 frui,
2308 4303 2413 4369 sed
2446 4304 2592 4386 quia
2628 4305 2986 4372 universam
3017 4313 3211 4378 socie·

721 4413 918 4477 tatem
957 4412 1196 4496 obligat
1229 4428 1470 4475 servare
1504 4408 1905 4492 privilegium
1938 4406 2052 4490 ipsi
2087 4407 2503 4492 privilegiato,

803 4598 867 4650 (a)
898 4596 1003 4639 Hoc
1035 4609 1191 4639 unum
1221 4596 1419 4650 proprie
1448 4595 1510 4638 ad
1540 4593 1806 4649 Epikeiam
1836 4597 2061 4648 spectare
2092 4593 2208 4635 vult
2237 4591 2559 4646 d’Annibale,
2590 4592 2755 4638 v01.1.
2778 4607 2832 4640 n.
2859 4597 2949 4640 187.
2968 4597 3043 4644 ⁸9.
