3529 5158
691 329 771 369 11.
1530 326 1745 365 Smenos
1782 324 2250 365 CHRONOLOGICA

1706 526 1931 585 NUM.
1967 527 2131 585 XII.

692 679 1165 757 Propositiones
1191 682 1289 737 31.
1318 679 1658 735 ᾱαηιηαταε
1681 677 2144 736 abAlez-amlro
2171 677 2376 737 VIII.
2404 679 2644 738 decreto
2673 679 3148 739 Sanctissimus

872 768 1201 829 Dominus
1240 770 1468 827 noster
1505 772 1614 824 ete.
1657 770 1711 824 7.
1748 766 1900 825 Dee.
1935 770 2123 826 1690.

785 962 844 1017 1.
887 959 968 1016 In
1005 960 1185 1017 statu
1228 958 1509 1015 naturae
1556 955 1784 1029 lapsae
1831 954 1914 1013 ad
1949 958 2291 1029 peccatum
2337 955 2614 1016 formale
2644 960 2715 1017 et
2751 956 3143 1017 demeritum

692 1047 938 1109 sufficit
971 1047 1086 1105 illa
1110 1045 1407 1121 libertas,
1442 1061 1577 1119 qua
1608 1044 2066 1103 voluntarium
2097 1062 2176 1104 ac
2206 1045 2490 1104 liberum
2522 1045 2653 1106 fuit
2678 1046 2746 1105 in
2772 1063 2974 1107 causa
3005 1064 3146 1123 sua,

691 1140 964 1213 peccato
995 1134 1302 1209 originali
1346 1138 1415 1192 et
1456 1132 1787 1193 voluntati
1825 1133 2072 1192 Adami
2111 1134 2471 1208 peccanti&

783 1228 845 1284 2.
887 1223 1176 1285 Tametsi
1210 1223 1408 1281 detur
1439 1222 1823 1297 ignorantia
1856 1221 2274 1282 invincibilis
2323 1222 2489 1281 iuris
2535 1228 2834 1301 naturae,
2883 1225 3048 1285 haec
3080 1224 3146 1284 in

693 1318 877 1376 statu
927 1317 1206 1373 naturae
1254 1313 1479 1386 lapsae
1525 1314 1912 1385 operantem
1962 1327 2043 1370 ex
2095 1311 2240 1387 ipsa
2286 1330 2416 1371 non
2467 1318 2745 1372 excusat
2790 1332 2831 1373 a
2879 1322 3150 1390 peccato

694 1403 978 1464 formali.

786 1496 848 1552 3.
900 1493 1047 1551 Non
1094 1490 1256 1550 licet
1301 1490 1486 1564 sequi
1538 1489 1912 1564 opinionem
1965 1489 2073 1548 vel
2122 1488 2299 1549 inter
2331 1491 2711 1565 probabiles
2758 1492 3153 1566 probabilis·

698 1582 955 1643 simam.

788 1674 848 1730 4.
886 1669 1092 1730 Dedit
1130 1668 1561 1743 semetipsum
1596 1666 1954 1743 (Christus)
1988 1684 2107 1741 pro
2141 1668 2336 1727 nobis
2367 1668 2767 1730 oblationem
2804 1671 2966 1748 Deo,
3015 1687 3149 1730 non

695 1777 818 1836 pro
856 1758 1015 1818 solis
1048 1758 1298 1834 electis,
1333 1757 1449 1817 sed
1490 1773 1611 1832 pro
1644 1756 1953 1816 omnibus
1985 1762 2056 1815 et
2088 1757 2249 1817 solis
2281 1758 2615 1818 fidelibus.

789 1852 849 1907 5.
884 1848 1163 1921 Pagani,
1214 1846 1455 1922 iudaei,
1506 1845 1824 1905 haeretici
1872 1846 2121 1920 aliique
2168 1846 2371 1907 huius
2418 1848 2684 1923 generis
2723 1850 2980 1908 nullum
3015 1865 3154 1909 om-

698 1938 860 1997 nino
906 1936 1245 2011 accipiunt
1290 1953 1330 1994 a
1376 1937 1534 1994 Iesu
1583 1934 1852 1994 Christo
1901 1934 2258 1994 influxum:
2309 1936 2611 2011 adeoque
2652 1937 2809 1997 hinc
2840 1943 3020 1999 recte
3051 1937 3154 1997 in-

700 2027 891 2103 fereS,
929 2025 997 2082 in
1030 2025 1164 2083 illis
1196 2040 1339 2083 esse
1370 2024 1783 2083 voluntatem
1821 2023 2066 2082 nudam
2096 2028 2165 2083 et
2194 2025 2511 2085 inermem
2545 2026 2687 2085 sine
2721 2027 2902 2086 omni
2935 2027 3156 2103 gratia

699 2114 1075 2176 sufficienti.

792 2206 851 2263 6.
881 2203 1117 2264 Gratia
1142 2201 1478 2262 sufficiens
1503 2202 1710 2261 statui
1740 2204 1970 2261 nostro
1995 2218 2126 2261 non
2161 2205 2291 2261 tam
2321 2205 2531 2281 utilis,
2559 2222 2755 2279 quam
2781 2205 3156 2280 perniciosa

699 2297 802 2355 est
855 2292 971 2371 sic,
1018 2298 1096 2352 ut-
1139 2291 1420 2366 proinde
1467 2290 1704 2350 merito
1752 2291 2081 2366 possimus
2129 2296 2383 2366 petere.
2437 2297 2502 2354 A
2542 2294 2762 2368 gratia
2799 2294 3154 2354 sufficienti

697 2384 910 2444 libera
941 2398 1083 2457 noe,
1118 2382 1425 2441 Domine.

793 2476 851 2533 7.
887 2471 1125 2532 Omnis
1174 2472 1463 2530 humana
1510 2470 1686 2530 actio
1714 2470 2085 2529 deliberata
2131 2475 2235 2531 est
2274 2472 2400 2531 Dei
2435 2472 2706 2532 dilectio
2746 2473 2855 2532 vel
2887 2472 3152 2532 mundi.

700 2564 756 2625 si
792 2562 941 2639 Dei,
976 2561 1220 2622 caritas
1252 2560 1476 2620 Patris
1508 2564 1645 2620 est:
1680 2559 1735 2620 si
1762 2559 2017 2637 mundi,
2053 2561 2593 2636 concupiscentia
2624 2561 2864 2637 carnis,
2899 2563 3024 2623 hoc
3053 2565 3158 2623 est

700 2653 874 2712 mala
908 2657 1028 2711 est.

792 2743 850 2800 8.
888 2741 1171 2799 Necesse
1202 2745 1324 2816 est,
1364 2738 1697 2797 infidelem
1733 2740 1800 2797 in
1837 2739 2013 2798 omni
2050 2756 2247 2813 opere
2282 2757 2574 2814 peccare.

792 2833 851 2889 9.
888 2829 1148 2888 Revera
1179 2833 1430 2905 peccat,
1465 2827 1583 2902 qui
1632 2828 1783 2886 odio
1817 2828 2020 2886 habet
2051 2833 2394 2902 peccatum
2432 2847 2612 2889 mere
2645 2830 2729 2889 ob
2760 2830 2907 2890 eius
2939 2829 3157 2905 turpi-

700 2917 1001 2979 tudinem
1034 2921 1104 2977 et
1139 2917 1785 2978 disconvenientiam
1835 2934 1983 2976 cum
2033 2921 2292 2996 natura,
2344 2918 2488 2977 sine
2521 2919 2657 2978 ullo
2690 2919 2774 2978 ad
2809 2919 3023 2978 Deum
3059 2917 3157 2978 of-

700 3006 961 3067 fensum
998 3011 1328 3082 respectu.

793 3100 897 3157 10.
933 3098 1251 3173 Intenti0‚
1286 3115 1419 3172 qua
1465 3096 1617 3172 quis
1664 3095 2036 3154 detestatur
2067 3097 2310 3155 malum
2353 3101 2422 3156 et
2452 3097 2877 3172 prosequitur
2908 3097 3156 3157 bonnm

702 3204 876 3247 mere
905 3189 979 3245 ut
1003 3188 1351 3246 caelestem
1386 3186 1690 3246 obtineat
1720 3183 2021 3262 gloriam,
2048 3202 2178 3244 non
2206 3191 2311 3246 est
2339 3190 2522 3245 recta
2549 3203 2670 3245 nec
2693 3187 2838 3247 Deo
2861 3188 3153 3262 placem.

793 3279 897 3335 11.
948 3275 1161 3335 Omne
1212 3276 1389 3350 quod
1439 3292 1572 3335 non
1610 3278 1713 3334 est
1743 3291 1828 3333 ex
1858 3273 1988 3332 fide
2037 3274 2403 3336 christiana
2441 3276 2955 3353 supernaturali,
2982 3291 3158 3350 quae

699 3381 820 3439 per
850 3365 1273 3424 dilectionem
1317 3369 1653 3439 operatur,
1691 3368 2040 3437 peccatum
2077 3367 2198 3424 est.

794 3456 898 3511 1·.
858 3456 875 3490 ’
936 3453 1219 3524 Quando
1267 3454 1334 3511 in
1382 3453 1644 3528 magnis
1682 3453 2145 3525 peccatoribus
2179 3454 2404 3513 deficit
2440 3453 2657 3514 omnis
2694 3470 2897 3529 amor,
2932 3453 3158 3514 deficit

702 3542 900 3601 etiam
944 3541 1106 3599 fides
1154 3546 1223 3599 et
1254 3541 1513 3600 etiamsi
1564 3540 1876 3600 videatur
1909 3542 2194 3618 credere,
2235 3559 2368 3603 non
2404 3547 2504 3604 est
2539 3542 2703 3603 fides
2734 3543 2987 3617 divina,
3037 3541 3154 3602 sed

704 3631 1015 3689 hnmana.

794 3722 898 3778 13.
953 3718 1275 3793 Quisquis
1321 3718 1516 3778 etiam
1569 3721 1880 3779 aeternae
1927 3720 2248 3778 mercedis
2289 3720 2540 3780 intuitu
2577 3722 2721 3780 Deo
2768 3721 3153 3794 famulatur,

704 3808 981 3869 caritate
1016 3807 1068 3868 si
1107 3808 1414 3883 caruerit,
1469 3806 1633 3866 vitio
1666 3825 1797 3866 non
1832 3813 2031 3885 caret,
2074 3809 2355 3887 quoties,
2392 3810 2643 3870 intuitu
2679 3810 2836 3870 licet
2867 3809 3160 3869 beatitu-

705 3897 901 3974 dinis,
937 3903 1271 3973 operatur.

798 3991 901 4047 14.
939 3987 1161 4046 Timor
1198 3987 1542 4061 gehennae
1580 4001 1713 4043 nou
1748 3991 1852 4043 est
1882 3988 2431 4061 supernaturalis.

797 4080 901 4135 15.
940 4074 1247 4153 Attritio,
1283 4091 1453 4149 quae
1492 4075 1840 4148 gehennae
1873 4079 1943 4134 et
1971 4093 2333 4150 poenarum
2369 4081 2554 4137 metu
2585 4077 2978 4154 concipitur,
3013 4076 3162 4137 sine

705 4164 1061 4224 dilectione
1100 4163 1603 4223 benevolentiae
1650 4162 1781 4221 Dei
1811 4169 2084 4239 propter
2117 4183 2206 4242 se,
2258 4183 2388 4225 non
2427 4169 2532 4226 est
2569 4165 2782 4225 bonus
2814 4168 3037 4226 motus
3082 4184 3163 4227 ac

704 4252 1255 4328 supernaturalis.

795 4346 899 4402 16.
916 4342 1231 4402 Ordinem
1261 4342 1728 4416 praemittendi
1755 4342 2274 4403 satisfactionem
2299 4343 2704 4404 absolutioni
2733 4343 3004 4404 induxit
3026 4362 3160 4404 non

704 4432 941 4506 politia
964 4435 1082 4490 aut
1106 4431 1446 4490 institutio
1467 4433 1824 4510 Ecclesiae,
1862 4433 1978 4492 sed
2013 4434 2157 4508 ipsa
2182 4431 2435 4492 Christi
2461 4434 2566 4491 lex
2601 4436 2670 4492 et
2701 4433 3160 4510 praescriptio,

705 4525 948 4581 natura
985 4521 1077 4578 rei
1116 4521 1179 4578 id
1215 4521 1430 4596 ipsum
1475 4521 1961 4595 quodammodo
1995 4522 2311 4581 dictante.
