3529 5158
693 366 971 408 LXXXVIII
1580 367 1791 408 snmus
1829 362 2297 406 CHRONOLOGICA

694 481 822 526 usu
870 465 1115 526 iurium
1172 466 1256 526 ad
1311 466 1830 526 ecclesiasticam
1900 464 2394 524 immunitatem
2450 462 2942 538 pertinentium
3000 480 3152 525 cum

698 554 869 615 Sede
908 555 1300 631 Apostolica
1323 555 1546 630 initae,
1581 555 1723 615 sine
1742 555 1946 614 huius
1969 569 2319 629 consensu,
2356 553 2488 612 imo
2523 556 2593 611 et
2614 567 2694 611 ea
2726 553 3153 613 reclamante.

876 645 1092 704 Alloc.
1134 644 1220 703 In
1275 643 1704 703 covw<ictoriali
1753 647 1812 703 1.
1864 641 2261 703 Novembris
2302 644 2501 701 1850.
2539 674 2614 683 —·
2661 641 2876 701 Alloc.
2930 640 3160 701 Mul-tic

964 733 1378 811 gravibusque
1426 735 1530 792 17.
1574 732 1962 793 Decembris
2003 734 2198 791 1860.

789 826 893 882 44.
946 822 1182 883 Civilis
1229 821 1596 883 auctoritas
1643 826 1867 897 potest
1914 837 1986 881 se
2034 820 2401 880 immiscere
2450 819 2671 898 rebuS,
2722 836 2896 894 quae
2931 820 3017 879 ad
3055 836 3159 880 re-

695 911 1032 989 ligionem,
1063 927 1272 971 mores
1294 916 1366 971 et
1396 911 1695 987 regimen
1719 910 2072 986 spirituale
2095 910 2457 985 pertinent.
2488 908 2667 967 Hinc
2698 910 2924 983 potest
2946 907 3028 968 de
3057 909 3160 968 in-

696 1000 1182 1062 structionibus
1205 999 1521 1077 iudicare,
1558 1016 1724 1076 quas
1758 1000 2097 1060 Ecclesiae
2122 999 2435 1059 Pastores
2467 997 2552 1057 ad
2598 998 3158 1057 conscientiarum

696 1106 993 1151 normam
1041 1106 1161 1165 pro
1208 1105 1330 1150 suo
1376 1105 1649 1150 munere
1683 1088 1925 1165 edunt3
1964 1088 2129 1163 quin
2162 1087 2364 1147 etiam
2397 1089 2622 1162 potest
2652 1086 2738 1146 de
2771 1086 3160 1146 divinorum

698 1179 1274 1240 Sacramentorum
1334 1178 1916 1239 administratione
1965 1181 2036 1237 et
2089 1175 2644 1252 dispositionibus
2691 1175 2777 1234 ad
2825 1191 2906 1235 ea
2952 1176 3161 1236 susci-

697 1268 941 1344 pienda
988 1267 1385 1328 necessariis
1435 1268 1808 1328 decernere.

878 1356 1094 1417 Alloc.
1130 1355 1219 1415 In
1265 1357 1694 1416 consistoriali
1739 1356 1795 1417 I.
1836 1354 2217 1416 novembris
2252 1357 2445 1414 1850.
2499 1384 2580 1397 -
2615 1353 2833 1412 Alloc.
2870 1352 3162 1413 Maoeima
3193 1378 3196 1381 ·

972 1446 1216 1521 quidem
1251 1449 1310 1505 9.
1347 1446 1529 1505 Iunii
1562 1447 1755 1505 1862.

788 1540 891 1596 45.
942 1536 1186 1594 Totum
1220 1535 1593 1594 scholarum
1627 1534 2046 1609 publicarum
2080 1533 2396 1609 regimen,
2432 1532 2503 1591 in
2542 1531 2791 1607 quibus
2835 1530 3162 1592 iuventus

698 1624 1103 1686 christianae
1151 1623 1436 1683 alicuius
1483 1623 1921 1699 Reipublicae
1991 1622 2393 1698 instituitur,
2443 1619 2937 1696 episcopalibus
2991 1620 3162 1679 dun-

698 1717 887 1775 taxat
933 1712 1308 1773 seminariis
1341 1712 1581 1788 aliqua
1612 1712 1872 1773 ratione
1901 1711 2219 1789 exceptis,
2253 1712 2478 1786 potest
2516 1727 2595 1770 ac
2632 1709 2835 1769 debet
2880 1709 3162 1769 attribui

697 1802 1079 1862 auctoritati
1115 1801 1300 1861 civili
1332 1806 1401 1861 et
1431 1802 1529 1861 ita
1560 1802 1828 1877 quidem
1862 1800 2167 1879 attribui,
2209 1803 2288 1859 ut
2318 1800 2577 1858 nullum
2611 1799 2726 1858 alii
2766 1797 3164 1872 cuicumque

699 1890 1084 1951 auctoritati
1116 1893 1635 1965 recognoscatur
1668 1891 1773 1950 ius
1806 1889 2225 1950 immiscendi
2274 1906 2345 1949 se
2391 1888 2459 1946 in
2502 1887 2862 1962 disciplina
2909 1887 3163 1946 schola-

698 1998 866 2052 rum,
903 1979 970 2036 in
1018 1979 1345 2054 regimine
1400 1979 1794 2056 studiorum,
1844 1979 1913 2037 in
1964 1978 2293 2056 graduum
2355 1977 2728 2055 collatione,
2777 1976 2848 2035 in
2897 1975 3163 2035 delectu

698 2073 818 2128 aut
864 2067 1344 2143 approbatione
1391 2068 1883 2142 magistrorum.

884 2157 1097 2216 Alloc.
1135 2155 1221 2215 In
1270 2157 1701 2216 consistoria-li
1749 2159 1810 2215 1.
1862 2155 2260 2216 Novembris
2311 2158 2503 2215 1850.
2540 2187 2626 2201 —
2658 2154 2877 2214 Alloc.
2926 2153 3162 2228 Quibus

976 2246 1454 2306 luctuosae-niis
1487 2249 1545 2306 5.
1584 2245 1997 2321 Septembris
2037 2248 2230 2305 1851.

790 2338 894 2396 46.
954 2336 1097 2395 Imo
1144 2336 1215 2395 in
1264 2335 1430 2411 ipsis
1479 2335 1882 2396 Clericorum
1943 2334 2321 2395 seminariis
2368 2333 2723 2393 methodus
2781 2333 3156 2394 studiorum

698 2424 1081 2485 adhibenda
1128 2424 1314 2485 civili
1362 2424 1749 2485 auctoritati
1798 2424 2174 2484 subiicitur.

880 2515 1097 2574 Alloc.
1134 2512 1477 2590 Nunquam.
1510 2514 1664 2591 fore
1698 2517 1802 2573 15.
1839 2512 2227 2573 Decembris
2267 2513 2460 2573 1856.

790 2608 895 2664 47.
932 2603 1241 2662 Postulat
1272 2603 1525 2678 optima
1563 2603 1786 2663 civilis
1811 2604 2153 2664 societatis
2178 2603 2371 2681 ratio,
2411 2605 2493 2661 ut
2513 2601 2874 2676 populares
2896 2602 3162 2662 scholae

700 2709 871 2768 quae
917 2696 1153 2767 patent
1200 2691 1510 2751 omnibus
1542 2693 1868 2766 cuiusque
1913 2708 1950 2751 6
1981 2693 2229 2767 populo
2254 2691 2486 2752 classis
2517 2690 2744 2765 pueris
2780 2707 2859 2749 ac
2890 2691 3163 2765 publiea

702 2782 1068 2841 universim
1116 2780 1462 2857 Instituta,
1513 2797 1682 2855 quae
1715 2780 1962 2839 litteris
2002 2780 2584 2855 severioribusque
2615 2779 2991 2854 disciplinis
3023 2784 3162 2840 tra·

700 2869 939 2930 dendis
963 2872 1032 2929 et
1056 2868 1433 2929 educationi
1459 2869 1834 2928 iuventutis
1859 2870 2195 2929 curandae
2220 2873 2381 2929 sunt
2402 2868 2760 2944 destinata,
2780 2869 3161 2933 eximantur

702 2959 788 3020 ab
834 2959 1014 3017 omni
1064 2958 1399 3018 Ecclesiae
1444 2958 1869 3036 auctoritate,
1919 2958 2356 3019 moderatrice
2381 2958 2453 3017 vi
2485 2961 2554 3017 et
2599 2956 2977 3032 ingerentia
3021 2959 3162 3034 ple-

701 3065 922 3124 noque
969 3047 1191 3108 civilis
1213 3063 1291 3107 ac
1323 3047 1634 3122 politicae
1665 3047 2090 3108 auctoritatis
2121 3047 2400 3108 arbitrio
2433 3045 2877 3107 subiiciantur
2923 3048 3010 3107 ad
3041 3048 3162 3107 im-

700 3138 1081 3214 perantium
1130 3136 1380 3211 placita
1410 3142 1478 3197 et
1511 3136 1596 3197 ad
1630 3136 2083 3197 communium
2116 3137 2360 3197 aetatis
2393 3136 2782 3211 opinionum
2820 3137 3158 3198 amussim.

880 3227 1098 3303 Epist.
1140 3225 1225 3286 ad
1261 3227 1577 3302 Archiep.
1621 3226 1930 3302 Friburg.
1974 3226 2178 3300 Quum
2211 3242 2338 3284 noa
2368 3225 2505 3284 sinc
2542 3228 2646 3283 14.
2683 3224 2840 3283 Iulii
2874 3228 3069 3286 1864.

793 3320 897 3376 48.
937 3315 1302 3377 Catholicis
1343 3316 1509 3376 viris
1548 3315 1813 3391 probari
1861 3319 2085 3390 potest
2144 3332 2223 3374 ea
2276 3314 2651 3373 iuventutis
2705 3312 3165 3375 instituendae

702 3405 891 3481 rati0,
943 3421 1113 3479 quae
1149 3405 1239 3463 sit
1270 3422 1310 3463 a
1341 3406 1670 3464 catholica
1702 3404 1868 3463 Fide
1907 3407 1976 3464 et
2005 3405 2090 3463 ab
2123 3402 2462 3464 Ecclesiae
2491 3406 2827 3478 potestate
2858 3404 3164 3464 seiuncta

699 3508 1003 3567 quaeque
1050 3507 1268 3551 rerum
1316 3492 1669 3552 dumtaxat
1716 3493 2122 3552 naturalium
2173 3493 2522 3552 scientiam
2569 3507 2646 3550 ac
2701 3495 3007 3553 terrenae
3054 3510 3158 3554 so—

699 3581 888 3641 cialis
920 3581 1102 3640 vitae
1151 3581 1313 3640 fines
1360 3581 1823 3640 tantummodo
1869 3583 1976 3640 vel
2027 3583 2264 3640 saltem
2310 3581 2626 3656 primario
2672 3587 2947 3654 spectet.

879 3670 1092 3745 Epist.
1127 3669 1214 3728 ad
1249 3670 1565 3745 Archiep.
1602 3670 1912 3744 Friburg.
1956 3670 2160 3743 Quum
2193 3687 2320 3728 non
2356 3671 2492 3729 sinc
2526 3672 2628 3730 14.
2672 3669 2830 3730 Iulii
2867 3674 3066 3731 1864.

792 3762 894 3818 49.
932 3758 1169 3818 Civilis
1216 3759 1578 3818 auctoritas
1625 3762 1851 3833 potest
1882 3757 2206 3832 impedire
2243 3759 2600 3833 quominus
2632 3775 2971 3820 sacrorum
3012 3764 3158 3821 An-

701 3847 953 3907 tistites
999 3851 1068 3907 et
1114 3846 1342 3906 fideles
1388 3848 1622 3923 populi
1655 3864 1804 3906 cum
1854 3848 2153 3907 Romano
2201 3848 2528 3908 Pontiflce
2574 3848 2782 3908 libere
2813 3866 2891 3910 ac
2921 3854 3154 3910 mutuo

703 3938 1212 3997 communicent.

882 4027 1098 4086 Alloc.
1136 4025 1425 4084 Mariana.
1472 4026 1719 4100 quidem
1754 4028 1813 4084 9.
1855 4025 2031 4086 Iunii
2072 4029 2265 4087 1862.

795 4119 898 4174 50.
936 4116 1134 4175 Laica
1157 4113 1520 4174 auctoritas
1545 4115 1747 4175 habet
1786 4131 1906 4190 per
1937 4132 2008 4174 se
2042 4117 2145 4177 ius
2181 4116 2654 4192 praesentandi
2695 4117 3062 4192 Episcopos
3092 4121 3166 4178 et

701 4208 923 4278 potest
969 4204 1051 4262 ab
1099 4203 1234 4262 illis
1282 4202 1547 4278 exigere
1599 4209 1675 4264 ut
1721 4204 1959 4264 ineant
2006 4205 2410 4266 dioecesium
2459 4206 2994 4280 procurationem
3043 4224 3163 4266 an-

700 4299 969 4367 tequam
1018 4292 1037 4350 i
1046 4293 1146 4366 psi
1194 4292 1581 4352 canonicam
1627 4311 1667 4354 a
1713 4311 1763 4355 s.
1820 4294 1993 4355 Sede
2062 4295 2556 4356 institutionem
2605 4299 2676 4354 et
2731 4295 3163 4370 Apostolicas

703 4381 993 4440 Litteras
1040 4380 1394 4455 accipiant.

886 4470 1099 4529 Alloc.
1138 4469 1480 4547 Nunquam
1517 4471 1657 4540 fore
1690 4475 1794 4532 15.
1833 4473 2220 4534 Decembris
2254 4476 2448 4533 1856.

791 4561 895 4618 51.
939 4560 1081 4618 Imo
1129 4559 1367 4619 laicum
1419 4561 1836 4622 Gubernium
1889 4564 2093 4622 habet
2141 4564 2248 4622 ius
2295 4563 2671 4637 deponendi
2719 4563 2805 4623 ab
2842 4565 3168 4626 exercitio
