3529 5158
707 392 816 447 542
1105 406 1316 447 macr.
1357 406 1438 446 iv.
1477 405 1562 445 nn
1598 405 1904 447 moeurs.
1943 406 2142 448 oAPur
2177 407 2216 446 1.
2255 407 2396 448 nun.
2434 407 2499 448 11.
2539 407 2678 446 ΛΒΤ.
2720 407 2781 446 11.
3025 391 3168 466 [601]

800 503 966 586 Ergo
997 503 1105 567 isti
1137 521 1346 568 omnes
1370 503 1658 567 videntur
1679 502 1742 566 id
1768 503 2136 581 admississe,
2164 503 2331 586 quod
2361 505 2515 568 satis
2552 504 2638 569 sit
2658 503 3071 587 displicentia,
3096 508 3170 570 ut

713 605 923 669 adesse
961 606 1207 670 dicatur
1237 606 1507 689 positiva
1528 606 1902 671 resistentia.
1935 605 2018 670 Et
2046 606 2248 689 reipsa
2285 607 2478 671 talem
2509 624 2640 671 esse
2676 607 2904 671 horum
2932 610 3171 672 senten-

710 707 890 784 tiam,
931 708 1052 790 ipsi
1083 707 1599 772 Salmanticenses
1630 707 1906 772 indicant
1933 709 1977 772 1.
2012 727 2063 771 c.

803 806 958 881 601.
995 811 1231 876 Verum
1260 831 1333 876 ex
1371 812 1536 875 hisce
1566 811 1801 892 liquere
1830 810 2029 885 debet,
2058 811 2268 874 actum
2305 812 2609 893 positivae
2653 811 3064 890 resistentiae,
3096 811 3168 876 de

712 912 893 977 cuius
910 914 1240 978 omissione
1257 914 1420 978 inter
1437 914 1733 978 Doctores
1756 914 2135 996 disputatur,
2147 912 2486 977 venialisne
2507 912 2592 977 sit
2612 913 3073 989 tantummodo,
3093 931 3167 976 an

711 1035 858 1081 vero
882 1018 1168 1082 mortalis
1192 1017 1394 1100 culpa,
1412 1035 1538 1080 non
1559 1035 1690 1080 esse
1705 1035 1947 1080 merum
1961 1016 2143 1080 illum
2167 1017 2375 1079 actum
2401 1013 2833 1094 displiceam
2848 1014 3170 1095 simplicis,

713 1119 824 1199 qui
857 1122 1032 1184 actus
1066 1120 1150 1183 sit
1178 1119 1427 1201 quidem
1450 1119 1664 1182 efficax
1697 1118 1774 1182 ad
1805 1118 2214 1183 cohibendum
2243 1136 2628 1195 consensum,
2654 1117 2761 1182 sed
2781 1118 3061 1182 inefficax
3085 1117 3171 1182 sit

722 1221 799 1285 ad
823 1221 990 1304 ipsos
1005 1223 1216 1285 motus
1239 1221 1619 1304 appetitivae
1635 1222 1830 1304 partis
1853 1219 2348 1304 compescendos3
2369 1219 2473 1284 sed
2488 1238 2619 1284 esse
2643 1219 2816 1284 aliud
2831 1219 3169 1304 quidpiam,

718 1309 883 1404 quod
917 1324 994 1387 ad
1026 1325 1192 1406 ipsos
1221 1326 1433 1388 motus
1457 1322 1762 1388 inferioris
1794 1324 1990 1407 partis
2013 1343 2122 1387 seu
2154 1322 2625 1388 delectationem
2645 1323 2960 1387 carnalem
2982 1325 3173 1407 repri-

717 1425 1006 1490 mendam
1042 1426 1337 1504 conferat‚
1371 1446 1428 1489 v.
1468 1447 1563 1510 gr.
1598 1445 1675 1490 an
1708 1427 1974 1490 tenearis
2000 1427 2149 1490 tnnc
2177 1426 2448 1489 mentem
2479 1425 2557 1489 ad
2590 1424 2716 1489 alia
2745 1424 3070 1502 divertere,
3096 1445 3171 1490 an

720 1545 877 1610 opus
922 1528 1387 1611 interrumpere,
1437 1528 1491 1591 si
1534 1528 1716 1592 facile
1762 1529 1980 1610 possis,
2032 1547 2110 1591 an
2157 1546 2470 1592 assumere
2514 1529 3005 1611 occupationem,
3053 1548 3174 1610 qua

722 1629 1107 1708 distraharis
1158 1649 1235 1694 an
1281 1631 1488 1695 locum
1536 1633 1648 1694 aut
1693 1631 1886 1694 situm
1932 1631 2197 1706 mutare,
2249 1648 2326 1693 an
2375 1629 2451 1693 ad
2505 1647 2713 1712 preces
2757 1648 3068 1694 recurrere
3112 1633 3175 1694 et

716 1735 1074 1800 huiusmodi
1106 1736 1441 1818 quodpiam
1474 1755 1786 1800 assumere
1823 1735 2115 1813 medium,
2149 1755 2273 1817 quo
2304 1737 2515 1799 motus
2551 1734 2695 1799 illos
2726 1736 3074 1800 contundes
3107 1755 3176 1799 ac

716 1839 1000 1920 repellaS,
1036 1840 1099 1902 et
1130 1839 1413 1920 quaestio
1438 1839 1552 1914 est,
1581 1857 1655 1902 an
1691 1838 1957 1902 tenearis
1984 1837 2059 1901 ad
2093 1837 2410 1920 quidpiam
2440 1836 2708 1902 istorum
2740 1838 2858 1902 sub
2888 1839 3071 1922 gravi
3101 1856 3175 1901 an

726 1941 843 2004 sub
874 1941 995 2004 levi
1032 1942 1280 2004 tantum
1312 1942 1563 2023 peccato
1596 1941 1803 2022 sisque
1832 1959 1975 2004 reus
2010 1940 2165 2003 levis
2197 1942 2309 2002 aut
2338 1939 2548 2023 gravis
2578 1939 2815 2022 culpae,
2841 1940 2899 2003 si
2935 1940 3177 2023 passive

717 2045 783 2105 te
828 2041 1107 2106 habendo
1158 2062 1227 2105 ac
1265 2042 1622 2124 permissive
1655 2042 2111 2124 quodammodo
2158 2041 2325 2105 sinas
2371 2041 2529 2105 tales
2564 2044 2777 2107 motus
2810 2061 2883 2106 ac
2914 2043 3181 2108 delecta-

717 2144 921 2208 tiones
968 2163 1372 2227 perseverare,
1423 2144 1614 2209 donec
1660 2164 1767 2227 per
1812 2163 1877 2208 se
1923 2146 2308 2209 evanescant.

808 2242 987 2317 8⁰2.
1024 2246 1105 2311 Et
1134 2247 1558 2328 quaestionem
1605 2247 1763 2310 hanc
1809 2246 2057 2328 quidem
2104 2245 2271 2310 haud
2316 2245 2707 2311 mediocriter
2736 2249 3183 2330 perturbarunt

728 2347 1265 2426 SalmanticenseS,
1299 2350 1449 2413 dum
1481 2351 1559 2414 ad
1589 2349 1984 2415 evincendam
2023 2349 2508 2413 communiorem
2537 2350 2933 2426 sententiam,
2967 2369 3185 2433 nempe

724 2453 964 2536 peccari
1008 2455 1259 2516 tantum
1300 2453 1525 2544 leviter
1570 2471 1642 2516 ea
1675 2452 2022 2527 omissione,
2071 2451 2197 2515 illis
2246 2452 2630 2534 argumentis
2678 2453 2776 2515 usi
2821 2453 2993 2529 sunt,
3026 2471 3184 2534 quae

724 2557 1180 2623 controversiae
1216 2557 1435 2621 faciem
1467 2557 1711 2621 facilem
1741 2556 2101 2621 immutant.

810 2660 894 2723 Et
917 2679 1063 2723 sane
1081 2661 1264 2723 tract.
1285 2661 1389 2723 20.
1416 2679 1549 2743 cap.
1573 2661 1674 2723 13.
1702 2681 1759 2723 n.
1785 2659 1887 2722 16.
1915 2658 2064 2722 dum
2089 2658 2311 2723 volunt
2327 2659 2604 2740 probare,
2638 2677 2761 2723 non
2777 2677 2911 2723 esse
2934 2661 3184 2744 culpam

723 2761 978 2825 letalem
1010 2780 1131 2825 non
1156 2762 1481 2844 reprimere
1505 2763 1713 2826 motus
1736 2761 2009 2837 illicitos,
2037 2760 2146 2824 ubi
2171 2760 2334 2824 absit
2357 2760 2698 2842 periculum
2719 2780 3079 2839 consensus,
3101 2763 3186 2826 sic

726 2866 1030 2947 arguunt:
1072 2888 1108 2923 «
1127 2862 1194 2928 Si
1208 2864 1394 2929 homo
1419 2866 1733 2929 teneretur
1749 2882 1854 2927 eos
1876 2863 2224 2945 reprimere,
2243 2865 2558 2927 teneretur
2571 2864 2762 2928 etiam
2786 2865 2907 2928 sub
2929 2865 3182 2930 mortali

733 2966 941 3031 omnia
973 2986 1352 3049 praecavere,
1388 2987 1457 3031 ex
1489 2966 1713 3048 quibus
1745 2964 2172 3048 praevidemus
2205 2965 2304 3029 vel
2337 2965 2629 3030 debemus
2659 2966 3035 3048 praevidere,
3070 2967 3180 3032 hos

723 3074 936 3135 motus
967 3091 1097 3135 esse
1135 3070 1550 3135 excitandos...
1588 3068 1762 3134 Unde
1793 3070 1848 3134 si
1880 3069 2179 3153 agnoscat
2208 3068 2414 3145 homo,
2447 3070 2562 3133 hos
2598 3070 2810 3134 motus
2848 3090 2922 3135 ex
2968 3089 3041 3135 eo
3087 3090 3183 3136 su·

724 3174 960 3249 scitari,
996 3174 1161 3255 quod
1210 3174 1323 3237 tali
1370 3172 1467 3236 vel
1513 3172 1630 3236 tali
1674 3171 1858 3235 modo
1906 3172 2186 3248 accubat,
2218 3170 2531 3235 tenebitur
2576 3172 2759 3237 aliter
2797 3172 3178 3251 decumbere,

722 3278 853 3341 imo
896 3295 1147 3361 surgere
1179 3278 1241 3340 et
1273 3295 1338 3341 se
1369 3275 1720 3351 verberare3
1756 3274 1921 3356 quod
1960 3273 2361 3338 durissimum
2393 3275 2506 3337 est.
2540 3271 2841 3340 Similiter
2871 3277 3182 3340 teneretur

722 3379 1022 3443 feminam
1068 3398 1190 3443 non
1239 3377 1475 3459 alloqui
1519 3397 1631 3443 nec
1676 3377 1881 3441 videre
1928 3376 2174 3457 aliaque
2218 3374 2446 3439 similia
2493 3377 2800 3453 omittere,
2839 3396 2912 3441 ex
2958 3379 3181 3460 quibus

726 3481 1031 3563 agnoscit,
1072 3481 1185 3545 hos
1235 3481 1445 3545 motus
1493 3480 1777 3544 excitari:
1823 3478 1989 3561 quod
2037 3497 2181 3542 sane
2226 3477 2664 3543 difficillimum
2710 3481 2808 3543 est
2841 3480 3179 3563 iugumque

728 3578 965 3645 Christi
995 3582 1351 3647 redderetur
1382 3600 1504 3646 non
1528 3600 1745 3659 suave,
1774 3581 1879 3646 sed
1901 3582 2124 3646 durum
2151 3605 2212 3643 ».
2239 3579 2321 3644 Et
2343 3579 2481 3643 dein
2513 3580 2916 3645 concludunt:
2956 3606 2991 3639 «ι
3014 3581 3179 3666 Ergo

726 3685 968 3748 certum
1000 3687 1112 3760 est,
1150 3704 1272 3749 non
1305 3684 1495 3748 teneri
1544 3685 1659 3748 sub
1704 3684 1960 3749 mortali
1992 3683 2302 3748 hominem
2327 3701 2430 3747 eos
2459 3683 2789 3766 reprimere
2813 3709 2876 3746 ».
2902 3685 2992 3748 At
3021 3685 3178 3749 enim

725 3804 927 3851 nonne
960 3787 1169 3850 vident
1200 3788 1346 3850 boni
1386 3787 1522 3853 viri.
1572 3787 1661 3851 sic
1698 3788 1965 3869 probari,
2017 3787 2227 3850 abesse
2273 3784 2575 3849 venialem
2611 3804 2858 3868 quoque
2888 3786 3180 3870 culpam?

725 3891 1041 3970 praeterea
1082 3906 1278 3953 nonne
1315 3889 1712 3953 notissimum
1741 3890 1856 3961 est.
1897 3889 2204 3955 neminem
2234 3887 2428 3952 teneri
2466 3887 2542 3951 ad
2573 3888 2863 3957 vitandas
2911 3890 3180 3954 actiones

726 3989 889 4068 illas,
924 4011 999 4055 ne
1036 3993 1247 4055 motus
1281 3991 1644 4056 oboriantur
1674 3993 1786 4055 aut
1816 3993 1890 4055 ut
1919 3992 2353 4074 reprimantur.

817 4093 1097 4177 Idipsum
1144 4093 1466 4158 dicendum
1514 4094 1588 4158 de
1636 4095 1758 4159 alio
1816 4095 2203 4178 argumento,
2260 4095 2425 4176 quod
2476 4093 2834 4159 huiusmodi
2882 4098 3014 4160 est:
3051 4119 3087 4154 α
3116 4092 3184 4159 Si

726 4197 917 4261 homo
956 4197 1270 4261 teneretur
1303 4197 1468 4263 omni
1501 4197 1701 4261 motui
1741 4196 2057 4280 appetitus
2088 4198 2368 4263 sensitivi
2397 4197 2660 4280 positive
2696 4197 3003 4273 resistere,
3036 4196 3184 4261 obli-

728 4302 984 4383 garetur
1026 4300 1142 4363 sub
1171 4300 1425 4363 mortali
1473 4300 1551 4363 ad
1586 4300 2083 4383 impossibilia...;
2117 4318 2263 4363 nam
2300 4318 2511 4364 omnes
2556 4300 2712 4363 istos
2756 4302 2973 4364 motus
3010 4299 3188 4365 colle—

729 4402 893 4467 ctive
917 4404 1201 4484 sumptos
1222 4404 1319 4465 est
1348 4402 1728 4484 impossibile
1752 4403 1951 4466 vitare
1973 4404 2088 4466 etc.
2117 4427 2177 4465 ».
2205 4401 2328 4467 Ubi
2357 4404 2424 4465 1⁰
2452 4400 2854 4467 confunditur
2884 4401 3186 4485 obligatio

728 4503 1109 4586 reprimendi
1145 4522 1252 4567 seu
1285 4503 1605 4567 resistendi
1631 4523 1774 4568 cum
1800 4504 2181 4587 obligatione
2211 4504 2478 4579 vitandi3
2512 4503 2677 4586 quod
2699 4503 2950 4585 quidem
2982 4503 3192 4569 absur-

732 4605 1061 4669 dissimum
1095 4609 1190 4669 est
1221 4604 1425 4688 quoad
1459 4624 1562 4670 eos
1599 4608 1828 4683 motuS,
1868 4608 1977 4689 qui
2023 4626 2094 4671 ex
2132 4610 2354 4671 natura
2404 4624 2518 4670 sua
2563 4605 2972 4689 praeveniunt
3002 4606 3195 4671 omni·
