3529 5158
680 397 783 437 XIV
1551 393 1763 435 snmus
1802 392 2276 435 CHRONOLOGICA

772 501 876 558 11.
926 498 1074 557 Non
1125 500 1389 573 oportet
1436 495 1721 571 credere,
1774 493 1954 569 quod
2003 495 2150 572 iste,
2200 497 2606 574 quicumque
2673 508 2777 562 est
2831 519 3145 567 romanus

683 586 1018 664 Pontifex,
1072 586 1161 646 sit
1209 588 1413 661 caput
1457 583 1936 658 cuiuscumque
1980 586 2412 659 particularis
2458 588 2798 652 Ecclesiae
2851 599 3140 673 sauctae,

679 677 808 736 nisi
858 676 1046 735 Deus
1092 691 1243 735 eum
1292 672 1916 750 praedestinaverit.

769 767 873 825 12.
922 766 1131 825 Nemo
1171 764 1346 840 gerit
1393 764 1607 823 vicem
1648 762 1903 823 Christi
1952 766 2061 823 vel
2111 763 2318 841 Petri,
2370 765 2498 825 nisi
2534 773 2859 843 sequatur
2889 788 3041 830 eum
3067 773 3138 832 in

678 854 1001 915 moribus:
1052 870 1200 914 cum
1252 852 1438 912 nulla
1484 851 1619 912 alia
1665 852 1938 927 sequela
1983 854 2074 913 sit
2126 854 2575 929 pertinentior
2620 873 2744 917 nec
2792 859 2992 919 aliter
3037 878 3138 921 re-

677 945 885 1019 cipiat
930 961 971 1004 a
1017 943 1162 1005 Deo
1211 941 1737 1019 procuratoriam
1786 946 2229 1021 potestatem3
2278 942 2440 1019 quia
2487 944 2571 1005 ad
2623 946 2793 1008 illud
2849 950 3138 1009 officium

676 1033 1043 1095 vicariatus
1102 1031 1472 1108 requiritur
1516 1034 1587 1092 et
1646 1048 1903 1091 morum
1952 1032 2383 1093 conformitas
2430 1037 2500 1093 et
2549 1034 2974 1098 instituentis
3020 1056 3139 1099 au-

675 1123 970 1183 ctoritaS.

765 1214 869 1272 13.
919 1213 1107 1287 Papa
1152 1228 1286 1271 non
1337 1213 1439 1270 est
1485 1227 1688 1271 verus
1734 1212 1805 1269 et
1849 1210 2248 1271 manifestus
2296 1227 2636 1273 successor
2681 1216 3133 1289 apostolorum

673 1301 994 1377 principis
1041 1301 1250 1380 Petri,
1299 1298 1354 1359 si
1402 1297 1581 1360 vivit
1626 1298 1925 1359 moribus
1971 1300 2325 1359 contrariis
2373 1300 2604 1380 Petr03
2646 1307 2715 1363 et
2770 1305 2828 1363 si
2875 1306 3139 1380 quaerit

673 1391 1045 1469 avaritiam,
1094 1395 1259 1450 tunc
1305 1391 1409 1449 est
1458 1387 1748 1448 vicarius
1799 1387 2008 1448 Iudae
2055 1388 2404 1450 Iscarioth.
2455 1391 2545 1450 Et
2592 1392 2736 1466 pari
2794 1394 3138 1455 evidentia

674 1480 1062 1541 Cardinales
1100 1495 1234 1539 non
1269 1481 1432 1540 sunt
1456 1477 1599 1538 veri
1626 1480 1695 1537 et
1719 1475 2064 1539 manifesti
2091 1494 2502 1539 successores
2534 1480 2818 1557 Collegii
2851 1483 3134 1543 aliorum

673 1569 1121 1645 apostolorum
1173 1567 1445 1644 Christi,
1496 1565 1629 1626 nisi
1676 1566 1976 1628 vixerint
2022 1583 2203 1627 more
2250 1569 2722 1648 apostolorum,
2784 1577 3134 1633 servantes

675 1657 989 1719 mandata
1036 1663 1105 1718 et
1152 1656 1433 1718 consilia
1478 1656 1750 1716 Domini
1797 1656 2011 1717 nostri
2062 1657 2216 1717 Iesu
2265 1657 2536 1718 Christi.

764 1752 867 1808 14.
909 1749 1234 1809 Doctores
1279 1751 1607 1822 ponentes
1654 1746 1834 1821 quod
1883 1746 2131 1821 aliquis
2179 1763 2298 1821 per
2344 1763 2690 1807 censuram
2733 1749 3133 1810 ecclesiasti-

670 1856 813 1898 cam
860 1836 1335 1914 emendandus,
1386 1836 1441 1896 si
1491 1836 1735 1911 corrigi
1769 1836 2080 1913 noluerit,
2123 1836 2407 1896 seculari
2439 1836 2687 1897 iudicio
2719 1844 2824 1898 est
2862 1839 3131 1900 traden-

670 1927 815 2006 duS,
865 1944 987 2003 pro
1033 1931 1214 1986 certo
1262 1930 1642 2000 sequuntur
1687 1924 1756 1982 in
1792 1925 1919 1984 hoc
1949 1925 2319 2003 pontifices,
2348 1927 2601 1987 scribas
2625 1931 2694 1986 et
2724 1928 3130 2006 pharisaeos,

670 2017 786 2091 qui
812 2016 1157 2076 Christum
1184 2032 1315 2075 non
1343 2014 1678 2075 volentem
1706 2012 1804 2071 eis
1829 2012 2098 2072 obedire
2135 2013 2199 2070 in
2235 2015 2567 2091 omnibus,
2602 2015 2900 2076 dicentes
2932 2018 3132 2075 Nobis

670 2125 790 2165 mm
844 2106 985 2165 lv‘cet
1015 2106 1364 2180 interficere
1394 2118 1785 2179 quemquam,
1823 2102 2044 2176 ipsum
2077 2101 2358 2160 seculari
2389 2102 2636 2161 iudicio
2669 2105 3150 2164 tradideruntt.

668 2206 737 2255 et
784 2195 964 2270 quod
1012 2195 1181 2254 tales
1228 2194 1367 2253 sint
1413 2190 1787 2251 homicidae
1835 2190 2196 2267 graviores,
2246 2208 2447 2264 quam
2495 2191 2778 2251 Pilatus

761 2287 864 2344 15.
916 2283 1318 2344 Obedientia
1365 2280 1817 2342 ecclesiastica
1854 2286 1956 2339 est
1990 2278 2370 2338 obedient-ia
2406 2281 2771 2340 secundum
2806 2281 3131 2343 adinven-

668 2374 914 2434 tionem
941 2373 1358 2435 sacerdotum
1385 2370 1725 2432 Ecclesiae
1750 2372 2018 2445 praeter
2043 2384 2424 2444 expressam
2450 2370 2921 2431 auctoritatem
2956 2372 3130 2433 Scri-

668 2468 926 2537 pturae.

757 2555 860 2614 16.
911 2550 1179 2612 Divisio
1226 2548 1611 2610 immediata
1658 2548 2100 2608 humanorum
2133 2562 2406 2622 operum
2442 2551 2564 2627 est,
2613 2549 2793 2624 quod
2828 2554 2984 2611 sunt
3017 2552 3129 2612 vel

664 2642 970 2701 virtuosa
1015 2641 1125 2700 vel
1162 2639 1432 2699 vitiosa:
1467 2638 1628 2713 quia
1675 2637 1732 2697 si
1764 2637 1962 2697 homo
1993 2641 2097 2698 est
2136 2637 2422 2698 vitiosus
2453 2643 2524 2699 et
2558 2640 2705 2714 agit
2735 2641 3124 2720 quidquam,

664 2735 827 2791 tunc
872 2729 1018 2806 agit
1064 2728 1315 2790 vitiose
1361 2732 1432 2787 et
1478 2726 1535 2786 si
1570 2731 1674 2787 est
1705 2726 2050 2787 virtuosus
2083 2732 2153 2786 et
2184 2726 2328 2803 agit
2362 2727 2750 2809 quidquam,
2791 2735 2954 2790 tunc
2986 2731 3128 2807 agit

663 2820 1000 2895 virtuose3
1037 2818 1198 2893 quia
1228 2818 1404 2878 sicut
1436 2816 1701 2893 vitium,
1738 2815 1919 2892 quod
1952 2815 2198 2877 crimen
2233 2816 2482 2877 dicitur
2514 2834 2634 2878 seu
2667 2821 2942 2880 mortale
2974 2837 3124 2895 pec-

662 2913 905 2986 catum,
955 2907 1170 2967 inficit
1215 2905 1694 2966 universaliter
1741 2909 1933 2966 actus
1978 2906 2268 2966 hominis
2315 2906 2564 2985 vitiosi,
2616 2908 2711 2968 sic
2757 2909 2976 2970 virtus
3023 2908 3124 2968 vi-

661 2998 889 3057 vificat
936 3012 1165 3056 omnes
1211 3000 1403 3056 actus
1442 2995 1731 3055 hominis
1779 2994 2083 3056 virtuosi.

753 3089 856 3147 17.
886 3086 1279 3147 Sacerdotes
1306 3084 1578 3161 Christi,
1615 3084 1927 3144 viventes
1952 3085 2315 3145 secundum
2350 3084 2566 3162 legem
2601 3085 2747 3146 eius
2772 3090 2840 3145 et
2875 3086 3122 3145 haben-

662 3182 763 3237 tes
811 3176 1200 3251 Scripturae
1246 3174 1556 3235 notitiam
1605 3177 1673 3233 et
1720 3174 2036 3235 affectum
2092 3176 2178 3234 ad
2241 3173 2725 3235 aedificandum
2775 3174 3118 3251 populum,

660 3265 909 3327 debent
974 3263 1377 3342 praedicare,
1429 3280 1562 3323 non
1611 3263 1923 3324 obstante
1991 3267 2348 3340 praetensa
2416 3261 3117 3322 excommunicatione.

662 3356 857 3428 Quod
889 3355 940 3415 si
978 3356 1165 3429 Papa
1196 3355 1305 3415 vel
1337 3353 1581 3429 aliquis
1614 3354 1956 3428 praelatus
1991 3353 2262 3412 mandat
2296 3350 2622 3411 sacerdoti
2664 3349 2761 3409 sic
2793 3349 3119 3425 disposito

662 3461 795 3504 non
842 3443 1246 3522 praedicare,
1298 3461 1429 3504 non
1481 3441 1682 3503 debet
1729 3442 2044 3503 subditus
2092 3439 2380 3501 obedire.

751 3536 853 3593 18.
907 3533 1209 3606 Quilibet
1256 3531 1709 3609 praedicantis
1748 3532 2035 3592 officium
2085 3529 2167 3589 de
2214 3527 2531 3588 mandato
2563 3526 2830 3605 accipit,
2879 3528 2997 3601 qui
3028 3528 3116 3588 ad

661 3623 1119 3683 Sacerdotium
1152 3625 1408 3684 accedit
1445 3628 1514 3683 et
1562 3620 1732 3680 illud
1766 3619 2154 3678 mandatum
2190 3617 2390 3677 debet
2436 3616 2731 3695 exsequi,
2765 3621 3122 3692 praetensa

659 3713 1343 3773 excommunicatione
1378 3729 1509 3772 non
1544 3710 1879 3771 obstant-e.

750 3805 853 3863 19.
883 3803 1013 3864 Per
1046 3819 1359 3864 censuras
1393 3797 1875 3861 ecclesiasticas
1909 3793 2635 3870 excommunicationis,
2662 3794 3120 3877 suspensionis

656 3899 727 3951 et
773 3892 1118 3953 interdicti
1165 3891 1250 3952 ad
1295 3890 1401 3951 sui
1458 3885 1936 3949 exaltationem
1985 3883 2203 3943 clerus
2249 3883 2572 3959 populum
2631 3882 2931 3943 laicalem
2989 3885 3116 3945 sibi

657 3983 1066 4058 suppeditat,
1102 3980 1455 4041 avaritiam
1494 3974 1792 4052 protegit
1823 3978 1893 4034 et
1925 3972 2106 4032 viam
2138 3975 2494 4048 praeparat
2527 3972 2976 4033 Antichristo·
3016 3974 3117 4034 Si-

657 4089 860 4147 gnum
910 4077 1137 4132 autem
1183 4068 1462 4130 evidens
1510 4071 1612 4124 est
1660 4063 1840 4138 quod
1886 4062 1971 4122 ab
2028 4061 2456 4122 Antichristo
2513 4063 2685 4122 tales
2746 4062 3119 4137 procedunt

655 4178 993 4238 censurae,
1044 4175 1211 4234 quas
1258 4159 1506 4216 vocant
1554 4154 1623 4212 in
1658 4152 1798 4213 suis
1831 4151 2252 4228 processibus
2291 4151 2818 4229 fulminationes,
2869 4152 3117 4227 quibus

655 4250 872 4311 clerus
902 4245 1459 4324 principalissinie
1507 4241 1814 4318 procedit
1861 4247 2094 4303 contra
2126 4241 2296 4320 illos,
2338 4242 2456 4318 qui
2496 4241 2846 4302 denudant
2885 4243 3119 4317 nequi-

655 4341 817 4400 tiam
854 4335 1282 4410 Antichristi,
1320 4333 1433 4408 qui
1470 4334 1716 4392 clerum
1768 4349 1887 4408 pro
1920 4349 1993 4392 se
2025 4332 2309 4391 maxime
2343 4331 2720 4407 usurpabit.

745 4431 850 4487 20.
887 4427 957 4486 Si
1006 4427 1194 4500 Papa
1226 4426 1329 4484 est
1377 4423 1592 4483 malus
1626 4425 1696 4482 et
1728 4421 2120 4498 praesertim
2160 4421 2214 4481 si
2264 4428 2368 4481 est
2398 4421 2792 4500 praescitus,
2827 4425 2990 4481 tunc
3037 4424 3118 4481 ut

658 4517 880 4595 Iudas,
929 4513 1275 4590 apostolus
1322 4517 1425 4574 est
1473 4512 1742 4590 diaboli,
1795 4512 1906 4573 fur
1951 4517 2020 4573 et
2069 4511 2246 4571 filius
2294 4511 2694 4588 perditionis
2742 4515 2811 4571 et
2843 4527 2978 4570 nou
3011 4516 3118 4571 est

656 4610 859 4680 caput
891 4608 1159 4666 sanctae
1194 4603 1549 4666 militantis
1582 4602 1938 4680 Ecclesiae,
1975 4619 2124 4662 cum
2173 4618 2296 4661 nec
2335 4602 2422 4661 sit
2457 4601 2824 4661 membrum
2858 4600 3022 4661 eius.
