3529 5158
713 357 821 414 570
1085 372 1298 413 macr.
1336 374 1416 414 ιν.
1455 373 1540 412 nn
1579 370 1884 413 moeurs.
1925 371 2126 415 capu‘r
2161 372 2201 411 1.
2239 372 2384 413 nun.
2421 371 2512 412 111.
2555 372 2694 412 aar.
2733 371 2799 411 11.
3037 357 3184 433 [639]

803 467 973 541 639.
1014 468 1204 534 Addit
1237 489 1284 532 S.
1326 468 1682 551 Alphonsus
1715 488 1774 531 n.
1805 468 1910 532 46.
1952 470 2133 552 plura
2173 471 2424 552 peccata
2455 468 2846 533 committere
2882 489 3047 547 eum,
3074 470 3184 552 qui

711 574 890 638 unico
917 574 1063 636 actu
1086 570 1367 655 pluribus
1394 569 1641 635 furatur
1666 591 1777 635 seu
1808 570 2106 635 damnum
2129 570 2334 635 infert.
2353 571 2770 636 Praemiserat
2795 574 3007 636 tamen
3031 571 3179 635 ibid.

718 700 753 733 ‹
770 694 944 739 secus
970 694 1100 739 esse
1124 673 1468 751 dicendum,
1485 673 1536 737 si
1561 673 1700 755 quis
1722 673 1995 738 laederet
2017 674 2198 751 bona,
2215 693 2374 756 quae
2406 673 2681 757 possidet
2704 674 2918 756 aliqua
2933 674 3178 751 civitas,

711 777 1157 843 monasterium
1191 777 1304 840 aut
1332 776 1679 859 capitulum
1712 776 1775 839 in
1807 776 2139 840 communi.
2175 776 2349 841 Tunc
2391 776 2555 841 enim
2586 794 2709 840 non
2747 776 3051 858 competit
3081 775 3182 839 ius

711 881 1063 957 individuis,
1098 879 1202 943 sed
1240 882 1490 944 tantum
1523 879 1645 943 toti
1678 879 2142 955 communitati;
2179 879 2338 943 unde
2369 899 2566 944 unum
2596 877 2696 943 ius
2726 879 2999 943 laeditur
3022 903 3084 941 ».

800 984 892 1047 De
938 983 1053 1047 hae
1099 1002 1164 1046 re
1209 982 1356 1059 iam,
1407 981 1503 1045 uti
1551 982 1707 1046 alias
1738 982 2100 1047 notavimus
2139 1001 2275 1065 sup.
2327 1002 2384 1046 n.
2437 983 2609 1057 636„
2643 1000 2721 1047 ne
2751 982 2883 1065 ipse
2929 981 3179 1063 quidem

710 1086 994 1168 Vasquez
1028 1084 1345 1148 contendit
1389 1082 1612 1166 duplex
1650 1082 1892 1147 furtum
1942 1086 2055 1148 aut
2101 1083 2323 1167 duplex
2371 1086 2714 1167 peccatum.
2765 1081 2942 1162 Quod
2988 1083 3174 1159 enim,

712 1191 786 1254 ut
808 1189 937 1271 ipse
984 1186 1186 1268 inquit
1235 1185 1397 1270 apud
1443 1185 1621 1270 Lugo
1664 1186 1820 1268 disp.
1861 1186 1962 1249 16.
1998 1206 2057 1250 11.
2098 1187 2266 1263 137.,
2308 1187 2515 1270 plures
2546 1187 2704 1250 illud
2742 1186 3039 1251 damnum
3073 1205 3182 1269 pa-

712 1291 970 1363 tiantur,
1003 1307 1127 1352 non
1157 1287 1538 1371 multiplicat
1568 1290 1940 1370 respectum,
1977 1291 2051 1353 ut
2087 1288 2310 1372 duplex
2342 1290 2428 1353 sit
2463 1289 2724 1353 furtum.

802 1393 1001 1455 Diana
1023 1409 1287 1473 quoque,
1308 1391 1415 1472 qui
1441 1391 1716 1472 alioquin
1735 1391 2055 1473 principiis
2080 1409 2128 1455 s.
2148 1392 2334 1475 Alph.
2349 1391 2742 1469 adhaerebat,
2762 1391 2837 1457 de
2861 1411 3007 1456 casu
3024 1391 3181 1455 furti

712 1515 783 1559 ex
806 1513 928 1576 qno
952 1494 1160 1577 plures
1184 1492 1507 1575 patiantur
1530 1492 1854 1569 damnum,
1884 1492 2100 1557 scribit
2123 1495 2274 1558 tom.
2304 1495 2360 1556 1.
2388 1494 2568 1557 tract.
2601 1494 2658 1556 7.
2677 1493 2861 1558 resol.
2893 1494 2995 1557 18.
3023 1513 3086 1557 n.
3119 1494 3179 1557 8.

720 1622 756 1656 ‹
778 1595 877 1660 Sic
908 1597 960 1660 si
993 1596 1131 1677 quis
1163 1594 1377 1659 eodem
1402 1596 1550 1659 actu
1575 1594 1849 1659 auferret
1881 1595 2004 1660 tria
2038 1615 2190 1660 vasa
2216 1597 2508 1680 argentea
2530 1596 2726 1660 trium
2756 1594 3174 1672 dominorum,

712 1718 907 1763 unum
939 1700 1260 1782 peccatum
1292 1697 1711 1761 committeret
1743 1699 1808 1761 et
1837 1697 2218 1762 sufficienter
2264 1698 2680 1774 confiteretur,
2716 1698 2952 1763 dicens:
2983 1695 3184 1761 Semel

710 1803 963 1881 furatus
1007 1822 1146 1865 sum
1188 1801 1519 1863 materiam
1563 1819 1896 1881 qravem».
1932 1800 2053 1865 Pro
2102 1820 2225 1883 qua
2272 1801 2648 1866 resolutione
2695 1801 2932 1885 allegat
2981 1801 3183 1865 Verri·
3238 1804 3256 1819 ⁹

711 1905 957 1969 cellium
991 1906 1053 1967 et
1088 1903 1437 1966 Martinum
1478 1922 1513 1965 a
1548 1921 1596 1965 S.
1640 1902 1929 1985 Iosepho.

802 2007 979 2086 Quod
1026 2025 1168 2070 vero
1219 2026 1266 2068 s.
1315 2004 1672 2087 Alphonsus
1706 2004 2063 2088 distinguat
2107 2004 2350 2069 furtum
2387 2005 2624 2069 factum
2654 2005 3101 2070 communitati
3146 2024 3181 2068 a

709 2110 895 2174 furtis
933 2108 1112 2172 factis
1151 2108 1213 2172 in
1251 2108 1525 2190 plurium
1558 2107 1875 2184 damnum,
1911 2108 2119 2172 nescio
2147 2127 2225 2171 an
2249 2107 2512 2171 libenter
2549 2107 2837 2172 audirent
2860 2105 3179 2185 Canonici,

710 2213 816 2295 qui
849 2211 1119 2276 dividere
1142 2210 1433 2275 deberent
1455 2210 1619 2273 inter
1653 2228 1716 2272 se
1742 2228 2017 2274 massam
2050 2210 2363 2274 frumenti.
2380 2208 2560 2274 Certe
2591 2210 2771 2295 Lugo
2803 2229 2928 2275 non
2955 2204 3183 2293 reperit

710 2316 1139 2380 cohaerentem
1169 2315 1328 2377 hanc
1357 2311 1802 2376 resolutionem
1850 2332 1992 2376 cum
2033 2313 2178 2387 alia,
2205 2331 2328 2394 qua
2367 2314 2680 2391 statuunt,
2716 2313 2899 2396 plura
2930 2316 3184 2395 peccata

710 2418 923 2482 haberi
966 2416 1030 2479 in
1077 2416 1458 2480 detractione
1504 2414 1691 2478 unius
1724 2413 2021 2478 familiae.
2052 2415 2152 2478 Ita
2185 2414 2290 2480 ille
2329 2414 2484 2498 disp.
2530 2416 2631 2478 16.
2666 2435 2725 2479 11.
2765 2416 2942 2479 137.;
2983 2439 3020 2473 ‹
3050 2414 3182 2479 Nec

708 2522 883 2586 video
916 2519 1225 2602 quomodo
1258 2519 1342 2583 sit
1372 2518 1575 2603 magis
1615 2517 1917 2581 damnum
1966 2517 2316 2600 multiplex,
2352 2517 2597 2600 quando
2639 2518 2866 2601 aliquis
2896 2518 3184 2602 loquitur

708 2624 870 2687 male
918 2622 991 2686 de
1039 2624 1175 2686 tota
1221 2621 1481 2696 familia,
1532 2640 1675 2684 cum
1720 2620 1817 2683 illi
1865 2621 2055 2684 etiam
2089 2620 2445 2702 possideant
2489 2619 2723 2685 famam
2771 2624 2835 2686 et
2881 2621 3183 2687 honorem

708 2725 1174 2790 communitatis
1220 2723 1399 2805 quasi
1446 2743 1556 2805 pro
1607 2723 1896 2798 indiviso,
1935 2724 2100 2787 sicut
2131 2722 2382 2787 heredes
2422 2722 2739 2805 possident
2769 2741 2879 2807 pro
2913 2724 3182 2788 indiviso

712 2826 1149 2900 hereditatem3
1186 2828 1248 2889 et
1282 2827 1486 2888 tamen
1534 2826 1665 2908 ipse
1712 2825 1999 2906 Vasquez
2048 2826 2326 2891 concedit
2357 2828 2680 2908 peccatum
2710 2827 3182 2892 maledicentiae

709 2930 774 2992 in
819 2948 1009 2993 unam
1054 2927 1359 2993 familiam
1406 2948 1535 2992 esse
1582 2929 1911 3011 multiplex
1961 2930 2281 3011 peccatum
2330 2931 2393 2993 et
2439 2928 2664 2994 inferre
2700 2930 2904 2994 multa
2955 2930 3181 2994 damna

708 3033 954 3115 propter
989 3035 1336 3114 respectum
1377 3031 1454 3095 ad
1494 3031 1768 3096 diversas
1811 3050 2124 3113 ρει-0011113,
2161 3051 2317 3113 quas
2353 3032 2592 3098 familia
2624 3033 2905 3097 continet
2931 3058 2996 3097 ».
3032 3031 3186 3098 Con·

708 3134 902 3198 clusio
949 3134 1202 3217 proinde
1248 3133 1454 3215 quoad
1501 3133 1975 3216 interrogandos
2026 3133 2428 3216 poenitentes

797 3235 1020 3301 Subdit
1065 3256 1113 3300 s.
1163 3236 1519 3318 Alphonsus
1568 3256 1625 3298 n.
1663 3235 1768 3297 47.
1813 3235 2003 3298 aliam
2036 3235 2498 3312 resolutionem,
2533 3255 2657 3300 non
2688 3255 2820 3300 esse
2868 3235 3183 3320 improba-

708 3338 847 3416 bile,
882 3338 1047 3421 quod
1078 3339 1299 3402 docent
1331 3336 1691 3400 Salmantic.
1729 3338 1794 3400 et
1829 3337 2250 3412 Reiffenstuel,
2285 3356 2448 3415 cum,
2476 3338 2584 3419 qui
2615 3337 2797 3403 unico
2832 3341 2983 3404 actu
3015 3339 3180 3402 blas·

706 3441 959 3523 phemat
981 3439 1302 3504 duodecim
1326 3439 1681 3522 Apostolos
1703 3459 1899 3503 unum
1926 3440 2316 3504 committere
2333 3442 2673 3523 peccatum.
2695 3467 2730 3498 ‹
2749 3439 2932 3520 Quia,
2953 3441 3180 3523 inquit.

708 3560 849 3605 cum
883 3559 1092 3604 omnes
1125 3541 1543 3623 blasphemiae
1568 3541 1631 3604 in
1658 3539 1919 3605 Sanctos
1943 3542 2255 3606 malitiam
2279 3541 2609 3606 desumant
2632 3561 2704 3606 ex
2729 3561 2854 3607 una
2880 3543 3184 3607 relatione

710 3643 788 3706 ad
835 3643 1055 3716 Deum,
1089 3644 1409 3707 moraliter
1454 3643 1783 3723 loquendo,
1831 3643 2011 3707 unica
2056 3644 2286 3708 iniuria
2334 3664 2441 3728 per
2486 3645 2679 3710 talem
2725 3645 3181 3728 blasphemiam

708 3746 974 3811 mediate
1021 3747 1150 3811 Deo
1199 3747 1463 3811 infertur
1496 3771 1556 3808 ».

798 3850 931 3914 Hac
963 3849 1241 3915 doctrina
1277 3848 1371 3912 uti
1402 3848 1633 3930 poterit
1664 3847 2108 3926 Confessarius,
2144 3869 2217 3914 ne
2250 3852 2448 3933 putet,
2485 3870 2548 3915 se
2582 3851 2849 3935 obligari
2883 3851 2963 3916 ad
2997 3853 3181 3916 inter-

706 3951 1049 4036 rogandum
1077 3951 1513 4034 poenitentem,
1535 3970 1612 4013 an
1639 3951 1849 4032 aliqua
1875 3971 1945 4015 ex
1970 3952 2231 4034 prolatis
2257 3953 2655 4035 blasphemiis
2683 3953 2892 4037 plures
2916 3952 3180 4019 Sanctos

709 4055 959 4122 afficiat.
997 4075 1053 4117 v.
1087 4075 1180 4137 gr.
1215 4054 1435 4116 choros
1462 4053 1861 4136 Angelorum.
1890 4055 1977 4118 At
2010 4053 2262 4120 adestne
2292 4056 2684 4120 cohaerentia
2704 4060 2733 4120 ἶν’
2763 4054 2985 4120 Nonne
3019 4055 3177 4118 blas-

704 4158 949 4239 phemia
980 4157 1130 4220 haec
1161 4155 1354 4219 laedit
1386 4156 1699 4230 honorem,
1734 4156 1810 4220 ad
1836 4176 2020 4238 quem
2052 4157 2284 4240 singuli
2316 4158 2418 4222 ius
2451 4159 2729 4222 habent?
2761 4156 3006 4222 Scilicet
3031 4174 3182 4220 con·

706 4259 900 4323 clusio
924 4259 1173 4323 ducitur
1197 4277 1268 4322 ex
1296 4258 1390 4332 iis,
1420 4278 1578 4339 quae
1604 4258 2008 4341 disputantur
2035 4259 2101 4322 in
2134 4259 2439 4325 Tractatu
2469 4260 2542 4324 de
2573 4260 2750 4324 cultu
2784 4259 3179 4335 Sanctorum,

708 4379 857 4423 num
902 4362 1070 4425 culto
1121 4361 1428 4436 absoluto,
1482 4380 1558 4424 an
1612 4361 1818 4424 solum
1864 4362 2126 4425 relativo
2174 4362 2478 4426 colantur.
2514 4362 2746 4427 Exinde
2789 4364 2898 4445 qui
2945 4363 3180 4434 tenent,

707 4460 962 4524 Sanctos
988 4462 1279 4526 honorari
1311 4462 1481 4525 culta
1508 4461 1790 4535 relative,
1826 4464 2080 4528 unicum
2106 4464 2303 4547 specie
2327 4467 2649 4548 peecatum
2681 4466 2936 4542 habent,
2964 4469 3103 4530 tum
3127 4463 3182 4528 si

710 4564 771 4626 in
799 4564 1016 4632 Deum,
1045 4566 1181 4626 tum
1214 4564 1266 4628 si
1298 4565 1359 4627 in
1397 4564 1675 4639 Sanctos‚
1705 4568 1843 4629 tum
1876 4566 2017 4630 siin
2051 4567 2122 4630 B.
2160 4566 2234 4630 V.
2270 4567 2686 4650 blasphemias
2712 4568 2854 4650 quis
2880 4567 3176 4651 proferat.
