3529 5158
366 394 510 470 [485]
797 409 949 457 Qum
985 406 1324 450 Paeonum.
1366 409 1448 448 AN
1485 408 1794 448 mnu-meu
1833 411 1872 449 A
1909 408 2125 464 cunm,
2164 409 2205 449 A
2243 409 2412 450 uano
2717 394 2826 448 459

370 507 521 571 artis
554 505 630 570 dc
662 505 827 569 Mal.
861 525 920 588 q.
960 506 1021 569 3.
1056 508 1172 569 art.
1202 506 1283 579 1.;
1317 531 1352 563 «
1376 505 1709 568 Peccatum
1742 507 2155 570 communiter
2190 506 2446 584 dictum,
2482 505 2820 570 secundum

366 608 531 691 quod
570 608 634 672 in
682 609 863 672 rebus
906 608 1298 672 naturalibus
1345 610 1409 672 et
1455 607 1885 673 artificialibus
1923 609 2253 686 invenitur,
2296 627 2367 674 ex
2404 627 2475 673 eo
2514 606 2819 691 provenit,

367 711 531 794 quod
570 710 798 793 aliquis
819 709 884 773 in
916 711 1154 794 agendo
1190 729 1312 774 non
1345 709 1608 794 attingit
1635 710 1709 775 ad
1742 711 1948 789 finem,
1974 711 2224 794 propter
2255 730 2439 792 quem
2462 711 2631 794 agit3
2658 709 2825 791 quod

364 812 676 897 contingit
709 833 787 875 θα)
832 810 1068 891 defectu
1112 813 1303 875 activi-
1334 813 1682 892 principii:
1709 813 1872 876 sicut
1919 813 1969 876 si
2008 812 2455 897 grammaticus
2488 830 2609 876 non
2656 812 2820 875 recte

367 915 614 992 scribat,
650 914 959 998 contingit
988 934 1060 978 ex
1090 913 1331 978 defectu
1369 915 1542 991 artis,
1576 915 1629 978 si
1675 917 1885 979 tamen
1930 916 2094 979 recte
2141 916 2401 980 scribere
2437 913 2723 988 intendit,
2758 914 2823 975 et

365 1016 529 1099 quod
560 1019 789 1080 natura
820 1017 1026 1099 peccet
1054 1016 1117 1080 in
1148 1016 1519 1080 formatione
1552 1017 1858 1094 animalis,
1887 1018 2048 1081 sicut
2077 1017 2387 1101 contingit
2419 1017 2483 1081 in
2515 1014 2818 1098 partubus

367 1119 796 1194 monstruosis,
822 1119 1128 1203 contingit
1163 1138 1235 1183 ex
1273 1117 1513 1183 defectu
1552 1119 1792 1183 activae
1824 1119 2077 1183 virtutis
2114 1120 2178 1183 in
2209 1119 2458 1183 semine.
2484 1119 2819 1182 Peccatum

369 1241 509 1286 vero
525 1221 864 1286 secundum
888 1221 1051 1303 quod
1076 1222 1318 1304 proprie
1341 1222 1405 1285 in
1424 1220 1766 1284 moralibus
1788 1221 2034 1300 dicitur,
2061 1222 2249 1286 habet
2272 1222 2578 1286 rationem
2601 1217 2818 1297 culpae

366 1325 429 1388 et
459 1324 748 1407 provenit
782 1343 854 1388 ex
885 1343 976 1398 eo,
1008 1323 1173 1406 quod
1204 1323 1495 1387 voluntas
1527 1322 1733 1387 deficit
1766 1343 1801 1387 a
1839 1323 2046 1388 debito
2078 1324 2215 1400 fine,
2257 1343 2365 1406 per
2394 1325 2512 1387 hoc
2545 1322 2712 1404 quod
2745 1321 2823 1386 ad

364 1426 711 1491 indebitum
743 1426 927 1490 finem
957 1425 1157 1490 tendit
1188 1451 1249 1489 ».

456 1529 754 1593 Doctrina
800 1547 946 1612 ergo
994 1547 1041 1592 s.
1091 1527 1365 1592 Thomae
1412 1531 1525 1604 est,
1574 1527 1740 1611 quod
1787 1531 2107 1611 peccatum
2169 1528 2447 1612 generice
2500 1529 2822 1609 sumptum

364 1634 618 1696 eatenus
650 1630 845 1695 latius
874 1631 1066 1714 patet,
1102 1650 1288 1712 quam
1321 1630 1522 1713 culpa,
1558 1632 1866 1712 quatenus
1899 1631 2072 1694 notio
2105 1630 2339 1713 peccati
2387 1629 2822 1713 complectitur

369 1737 434 1799 1⁰
464 1736 717 1819 peccata
764 1737 1049 1817 naturae,
1098 1735 1169 1796 2⁰
1213 1734 1464 1816 peccata
1507 1733 1671 1796 artis
1717 1735 1782 1796 et
1828 1734 1898 1794 3⁰
1935 1735 2186 1816 peccata
2230 1733 2456 1795 moris:
2505 1751 2625 1796 non
2677 1748 2818 1794 vero

363 1839 558 1917 docet,
584 1836 753 1920 quod
784 1837 1105 1921 peccatum
1128 1837 1321 1899 moris
1342 1836 1630 1899 bifariam
1661 1834 1978 1899 dividatur
2000 1837 2062 1899 in
2088 1834 2243 1898 duas
2268 1835 2519 1917 species
2547 1853 2813 1918 quarum

363 1941 557 2005 altera
589 1940 1042 2023 complectatur
1077 1940 1254 2003 actus
1292 1938 1635 2002 voluntatis
1682 1940 1899 2002 contra
1927 1939 2128 2023 legem
2177 1937 2519 2001 necessario
2554 1936 2816 2020 agentiS,

362 2044 466 2126 qui
498 2044 892 2128 appellentur
936 2062 1099 2106 mere
1137 2043 1406 2124 peccata,
1441 2041 1637 2104 altera
1684 2059 1829 2104 vero
1862 2040 2338 2124 comprehendat
2376 2040 2551 2103 actus
2597 2038 2814 2102 volun·

364 2146 511 2210 tatis
544 2148 765 2210 contra
802 2145 1004 2229 legem
1039 2145 1229 2208 libere
1268 2143 1530 2228 agentis,

460 2245 642 2319 485.
695 2248 972 2331 Idipsum
1016 2246 1505 2311 luculentissime
1552 2246 1752 2310 elucet
1798 2265 1870 2308 ex
1925 2244 2205 2309 doctrina
2261 2246 2592 2310 communi.
2644 2264 2802 2327 quae

365 2353 591 2416 omissa
639 2350 1035 2414 distinctione
1079 2349 1231 2413 mali
1263 2369 1297 2412 a
1339 2350 1607 2431 peccato,
1642 2348 1976 2432 distinguit
2012 2348 2250 2412 malum
2282 2349 2388 2425 sic,
2424 2350 2499 2411 ut
2535 2348 2706 2412 aliud
2739 2349 2824 2412 sit

365 2455 599 2518 malum
633 2471 884 2536 poenae,
919 2451 1089 2515 aliud
1136 2452 1373 2514 malum
1410 2450 1645 2534 culpae.
1682 2452 1753 2514 In
1801 2469 1924 2532 quo
1959 2451 2121 2514 enim
2170 2451 2356 2515 huius
2402 2450 2818 2516 distinctionis

361 2561 635 2626 membro
675 2577 839 2622 nova
870 2557 1019 2621 haec
1050 2556 1439 2639 philosophia
1471 2555 1703 2621 locabit
1742 2574 1856 2621 sua
1894 2555 2004 2620 illa
2037 2557 2286 2639 peccata
2319 2556 2665 2622 necessaria
2688 2560 2718 2620 ⁴?

447 2664 741 2729 Ceterum
773 2662 846 2726 de
893 2681 964 2726 ea
995 2661 1387 2726 distinctione
1432 2661 1523 2725 ita
1570 2681 1617 2724 s.
1654 2660 1874 2725 Thom.
1908 2662 1958 2725 Ι.
1995 2681 2053 2744 q.
2088 2661 2195 2724 48.
2225 2662 2341 2725 art.
2379 2662 2462 2725 5.:
2501 2686 2537 2720 «
2570 2662 2810 2726 Malum

363 2766 574 2850 igitur,
601 2765 769 2848 quod
803 2765 898 2828 est
928 2784 1033 2847 per
1064 2763 1476 2827 sublationem
1514 2763 1748 2827 formae
1774 2765 1838 2827 et
1865 2764 2249 2848 integritatis
2275 2763 2382 2839 rei,
2409 2764 2597 2828 habet
2627 2765 2815 2828 ratio-

363 2888 496 2934 nem
527 2887 765 2952 poenae
812 2869 876 2931 et
906 2867 1229 2950 praecipue
1266 2866 1607 2949 supposito,
1648 2866 1813 2947 quod
1862 2868 2068 2932 omnia
2100 2867 2345 2931 divinae
2390 2867 2812 2950 providentiae

364 2972 425 3036 et
452 2971 738 3035 iustitiae
762 2969 1171 3033 subdantur...
1200 2969 1288 3032 De
1319 2969 1558 3032 ratione
1591 2969 1753 3032 enim
1786 2989 2015 3052 poenae
2048 2972 2162 3045 est,
2189 2970 2354 3051 quod
2387 2970 2472 3033 sit
2502 2971 2814 3034 contraria

364 3073 695 3139 voluntati.
728 3071 972 3135 Malum
1024 3074 1253 3145 autem,
1287 3070 1454 3151 quod
1495 3071 1782 3132 consistit
1826 3072 1895 3133 in
1939 3072 2358 3133 subtractione
2406 3071 2646 3133 debitae
2684 3091 2817 3149 ope-

364 3178 631 3240 rationis
664 3177 733 3239 in
762 3174 1153 3247 voluntariis,
1178 3174 1365 3238 habet
1396 3174 1700 3237 rationem
1731 3174 2012 3256 culpae...
2033 3173 2131 3236 Sic
2164 3174 2357 3256 igitur
2382 3192 2560 3237 omne
2586 3173 2823 3236 malum

365 3279 429 3342 in
458 3280 636 3343 rebus
673 3277 1047 3343 voluntariis
1080 3275 1556 3354 consideratum,
1593 3279 1686 3339 est
1717 3295 1913 3358 poena
1947 3275 2042 3339 vel
2076 3277 2338 3358 culpa».
2358 3274 2483 3340 Cur
2517 3293 2661 3338 vero
2693 3295 2817 3340 non

367 3380 443 3443 fit
472 3381 600 3444 heic
628 3379 864 3444 mentio
889 3378 962 3442 de
986 3379 1291 3460 peccatis?
1315 3377 1473 3457 Quia
1498 3377 1732 3441 scilicet
1755 3379 2076 3460 peccatum
2101 3379 2250 3441 tunc
2283 3378 2486 3443 solum
2511 3377 2814 3461 distingui

362 3486 567 3567 potest
591 3506 627 3550 a
651 3486 858 3568 culpa,
885 3484 936 3546 si
969 3485 1195 3568 agatur
1220 3483 1291 3546 de
1317 3482 1778 3565 operationibus
1803 3482 2193 3547 naturalibus
2220 3484 2331 3547 aut
2356 3482 2804 3555 artificialibus,

365 3607 484 3653 non
517 3591 731 3652 autem
769 3588 821 3651 si
854 3587 927 3650 de
960 3584 1348 3650 voluntariis.
1388 3585 1541 3648 Heic
1573 3586 1779 3648 autem
1816 3604 2015 3649 sermo
2048 3588 2183 3650 erat
2219 3585 2292 3649 de
2326 3586 2566 3649 actibus
2604 3585 2821 3650 volun·

363 3691 564 3755 tariis:
593 3690 918 3756 omittitur
947 3707 1114 3772 erg0‚
1151 3688 1298 3770 quia
1329 3689 1391 3751 in
1418 3687 1582 3751 hisce
1619 3689 1940 3769 peccatum
1965 3707 2001 3751 a
2026 3688 2208 3771 culpa
2233 3708 2355 3753 non
2388 3688 2816 3770 distinguitur.

446 3793 625 3873 Quod
659 3792 804 3857 inde
835 3792 1254 3865 confirmatur,
1282 3790 1446 3873 quod
1483 3789 1616 3853 heic
1648 3789 1889 3853 habetis
1927 3790 2172 3872 culpam
2204 3789 2418 3853 eodem
2450 3788 2632 3852 modo
2684 3788 2824 3852 defi-

362 3895 575 3974 nitam,
619 3915 695 3960 ac
729 3894 883 3958 alibi
913 3893 1241 3958 definiatur
1271 3893 1591 3977 peccatum
1624 3890 1746 3956 vid.
1783 3912 1916 3974 sup.
1955 3913 2012 3956 11.
2047 3893 2195 3955 490.
2231 3890 2343 3973 (a).

438 4174 500 4224 (a)
532 4168 885 4216 Distinotione
914 4169 1047 4211 facta
1073 4169 1334 4213 voluntam't
1360 4184 1390 4212 a
1418 4170 1573 4219 libero,
1602 4181 1753 4223 quam
1785 4168 2163 4211 distinctionem
2191 4167 2368 4220 probat
2396 4180 2434 4208 s.
2465 4165 2678 4208 Thomas
2708 4166 2748 4209 1.
2777 4166 2820 4211 2.

357 4250 404 4291 q.
431 4240 474 4281 6.
506 4252 552 4282 a.
586 4242 627 4282 1.
660 4242 715 4280 et
744 4238 809 4286 2.,
839 4239 983 4278 actus
1011 4238 1291 4279 voluntatis
1318 4236 1658 4288 indeliberati,
1687 4235 1777 4290 qni
1809 4240 1973 4277 motus
2011 4233 2161 4288 primi
2199 4233 2462 4283 dicuntur,
2495 4238 2616 4274 sunt
2645 4243 2821 4287 reapse

361 4304 663 4347 voluntarii.
687 4302 821 4345 Cum
840 4300 896 4342 hi
924 4304 1087 4344 motus
1115 4315 1201 4345 sen
1231 4308 1377 4347 nctus
1407 4304 1781 4355 serunturmon
1809 4301 1943 4345 enim
1972 4301 2021 4343 id
2052 4312 2246 4355 semper
2273 4299 2539 4354 contingit»
2563 4299 2616 4341 in
2635 4298 2821 4343 bonnm

358 4369 593 4413 sensibile
622 4379 923 4421 repugnans
950 4369 1112 4411 ordini
1142 4370 1370 4423 rationis,
1400 4373 1521 4412 nunt
1548 4373 1694 4413 nctus
1724 4369 1893 4411 minus
1921 4367 2276 4411 convenientes
2304 4365 2516 4419 homini,
2547 4365 2636 4420 qui
2656 4379 2687 4409 a.
2715 4378 2825 4421 pec·

358 4440 469 4478 cato
496 4440 747 4480 naturae.
777 4446 839 4475 ex
868 4446 966 4486 quo
1005 4437 1408 4488 concupiscentia
1436 4440 1525 4489 est,
1556 4437 1803 4491 originem
1843 4436 2032 4478 habent
2061 4438 2112 4477 et
2139 4433 2206 4476 ad
2240 4434 2502 4487 peccatum
2551 4432 2822 4482 inclinant.

357 4499 686 4556 Quapropter
716 4499 771 4541 hi
800 4503 962 4550 actae,
990 4501 1296 4552 praecisione
1324 4504 1478 4546 etiam
1508 4503 1645 4546 facta
1673 4515 1703 4545 a
1730 4502 1889 4545 libero
1915 4513 2176 4551 consensu,
2207 4499 2332 4542 dieti
2360 4502 2480 4542 sunt
2509 4512 2541 4543 a
2571 4499 2821 4553 Patribus,

356 4569 411 4611 in
438 4565 802 4611 controversia
829 4565 1108 4619 pelagiana,
1126 4570 1333 4621 peccata
1364 4569 1441 4619 (of.
1473 4574 1702 4612 nostrum
1732 4572 1799 4611 tr.
1820 4570 1875 4611 de
1907 4568 2096 4619 Gratia,
2117 4578 2229 4622 pag.
2250 4567 2346 4609 214.
2377 4569 2557 4622 seqq.);
2588 4569 2825 4620 quemad·

355 4635 560 4679 modum
588 4632 795 4677 Paulus
825 4634 971 4672 vocat·
1004 4636 1266 4684 peceatum
1295 4635 1753 4690 concupiscentiam
1782 4648 1869 4678 seu
1899 4634 2142 4687 fomitem,
2162 4633 2249 4687 qui
2280 4636 2354 4675 est
2380 4645 2556 4676 eorum
2587 4635 2818 4676 motuum
