3529 5158
320 373 462 449 [524]
573 388 976 430 nnsmnnmn
1012 386 1530 430 corturiacum-um.
1568 388 1961 430 nunno-rum
1995 391 2379 448 mmor-mnis,
2417 393 2546 435 1100.
2681 381 2788 436 485

322 486 580 550 111113οο0
627 486 690 549 01
752 484 1249 548 substantialiter
1292 484 1477 548 mali:
1512 502 1660 569 ergo
1706 486 2000 550 voluntas
2047 487 2443 554 desiderando
2484 490 2681 555 fertur
2725 493 2789 556 in

317 589 589 662 malum;
626 589 762 651 tum
817 588 972 669 quia
1019 586 1388 651 desiderium
1433 586 1603 649 istud
1645 587 1800 650 nihil
1841 588 2010 652 aliud
2058 591 2171 667 est,
2206 610 2393 671 quam
2443 593 2676 675 optare,
2715 595 2788 658 ut

318 692 465 757 ordo
498 692 563 755 et
591 692 692 756 lex
722 695 999 755 naturae
1043 691 1359 754 mutetur:
1392 689 1560 771 quod
1604 691 1780 772 peius
1817 693 1931 769 est,
1964 711 2154 774 quam
2192 692 2482 759 fornicari
2514 695 2688 760 velle.
2721 695 2788 760 Si

317 797 527 859 autem
559 794 683 857 alia
721 793 786 857 di
800 793 994 857 centis
1030 792 1293 857 intentio
1341 811 1462 857 non
1508 792 1611 866 sit,
1646 812 1838 875 quam
1883 795 2201 860 ostendere
2247 797 2594 863 voluntatis
2637 817 2786 862 suae

318 897 415 961 vel
448 896 764 979 appetitus
817 895 1097 959 sensitivi
1127 894 1362 958 malam
1409 896 1896 978 propensionem,
1929 915 2088 978 quae
2117 898 2182 960 in
2213 916 2578 964 consensum
2623 901 2785 965 circa

318 998 444 1063 tale
484 999 793 1063 obiectum
843 998 1137 1074 traheret,
1177 996 1298 1061 nisi
1344 997 1459 1061 Dei
1504 996 1601 1061 lex
1647 997 1901 1072 arceret,
1934 1000 2086 1062 tunc
2129 998 2285 1063 nihil
2331 1003 2638 1083 peccatur,
2677 1003 2782 1066 sed

318 1101 642 1184 propensio
674 1100 736 1163 in
779 1100 1019 1164 malum
1050 1098 1471 1164 recordatione
1500 1097 1744 1162 divinae
1777 1098 1934 1182 legis
1963 1099 2321 1181 reprimitur
2358 1127 2419 1167 ».

415 1200 593 1274 523.
626 1201 842 1284 Neque
872 1220 1017 1267 vero
1050 1200 1319 1265 Sanchez
1350 1200 1666 1264 doctrinae
1703 1200 1905 1283 reipsa
1935 1202 2367 1268 contradicunt
2397 1205 2494 1268 vel
2525 1206 2637 1282 illi,
2672 1207 2782 1287 qui

312 1306 496 1388 quasi
528 1324 639 1389 pro
674 1304 960 1387 opposita
993 1304 1071 1368 ab
1110 1303 1422 1384 aliquibus
1455 1303 1828 1386 allegantur.
1856 1303 1955 1366 Ita
1980 1303 2209 1368 Palaus
2234 1305 2415 1368 tract.
2445 1307 2504 1369 2.
2530 1306 2686 1390 disp.
2716 1309 2776 1371 2.

311 1409 525 1491 punct.
556 1408 659 1471 10.
689 1408 748 1490 g.
774 1408 835 1471 3.
864 1427 924 1471 11.
954 1407 1016 1469 4.
1043 1405 1262 1487 utique
1308 1404 1533 1469 thesim
1574 1404 1796 1468 habet:
1839 1431 1872 1462 «
1907 1404 2207 1471 Existimo
2240 1407 2394 1471 satis
2440 1409 2775 1490 probabile,

307 1529 433 1576 non
484 1529 614 1574 esse
647 1511 969 1593 peccatum
1008 1508 1275 1573 mortale
1311 1507 1463 1570 haec
1499 1506 1739 1570 obiecta
1786 1507 2110 1572 intrinsece
2156 1509 2324 1572 mala
2369 1508 2774 1576 desiderare...

304 1613 425 1676 sub
458 1611 843 1678 conditione:
880 1611 933 1674 si
966 1610 1139 1674 licita
1171 1609 1460 1673 essent».
1490 1606 1608 1671 Sed
1638 1607 1776 1671 dein
1811 1608 1897 1671 sic
1930 1609 2226 1690 explicat:
2261 1635 2295 1669 «
2319 1611 2523 1675 Probo
2555 1612 2775 1694 primo,

300 1715 455 1796 quia
506 1715 594 1778 sic
644 1713 998 1778 desiderans
1046 1711 1155 1774 illa
1203 1711 1462 1786 obiecta,
1511 1728 1634 1774 non
1683 1709 1967 1774 absolute
2003 1711 2067 1773 et
2097 1711 2430 1777 efficaciter
2470 1713 2581 1777 illa
2626 1714 2780 1780 desi-

298 1820 505 1896 derat,
556 1839 697 1885 cum
751 1818 963 1883 videat
993 1837 1122 1882 esse
1160 1816 1602 1899 impossibilia3
1650 1817 1856 1880 solum
1903 1817 2066 1881 enim
2116 1818 2388 1882 ostendit
2432 1823 2780 1904 propensio-

299 1942 442 1987 nem
496 1941 645 1986 suae
677 1920 1022 1985 voluntatis
1055 1920 1119 1983 in
1155 1920 1283 1983 tale
1317 1919 1627 1983 obiectum
1657 1918 1833 2002 (ergo
1867 1919 1974 1982 illa
2016 1920 2307 1986 voluntas
2344 1923 2440 1986 est
2470 1924 2774 2004 quaedam

300 2026 599 2089 voluntas
646 2023 953 2095 inefficax,
1011 2040 1139 2097 seu,
1202 2023 1273 2085 ut
1328 2021 1551 2085 melius
1597 2020 1820 2096 dicam,
1873 2022 2181 2103 quaedam
2242 2026 2664 2107 propensionis
2708 2029 2772 2092 in

301 2127 620 2192 obiectum
658 2123 1064 2209 significatio)
1096 2125 1162 2187 et
1199 2124 1445 2205 quando
1483 2123 1574 2186 ita
1606 2124 1720 2198 est,
1762 2123 2021 2207 ipsemet
2065 2124 2339 2190 Thomas
2385 2125 2654 2193 Sanchez
2686 2129 2773 2193 af-

300 2229 536 2301 firmat,
584 2227 818 2291 malam
865 2245 987 2290 non
1033 2243 1164 2290 esse
1196 2250 1257 2288 ».
1293 2225 1458 2309 Ergo
1489 2225 1721 2289 Palaus
1767 2225 1971 2290 solum
2017 2226 2426 2310 inadaequate
2471 2249 2601 2294 rem
2631 2250 2771 2297 con-

300 2331 556 2406 siderat,
606 2329 709 2394 sed
762 2327 1032 2393 Sanchez
1080 2347 1204 2393 non
1249 2327 1503 2405 refutat,
1551 2327 1731 2410 quasi
1779 2328 1897 2392 sibi
1941 2331 2344 2396 contrarium.

386 2434 471 2498 Et
520 2433 733 2515 paucis
780 2451 910 2496 rem
958 2429 1394 2507 concludendo,
1443 2449 1623 2495 nemo
1671 2449 1816 2494 sane
1861 2433 2220 2514 reperietur,
2269 2434 2376 2514 qui
2421 2435 2766 2502 doctrinam

300 2555 336 2600 a
358 2535 634 2601 Sanchez
659 2554 795 2619 sup.
822 2554 883 2599 n.
919 2535 1023 2598 69.
1050 2533 1342 2599 reiectam
1377 2533 1681 2609 tenuerit:
1721 2552 1868 2598 nam
1899 2535 1965 2599 et
1994 2533 2330 2602 Caietanus
2362 2537 2469 2619 (ab
2498 2538 2769 2605 Auctore

299 2639 612 2723 allegatus
659 2638 871 2720 male),
921 2636 1002 2701 Sa
1048 2639 1162 2701 010.
1199 2636 1353 2700 nihil
1399 2636 1647 2710 habent,
1697 2640 1949 2719 propter
1977 2638 2144 2719 quod
2190 2639 2254 2702 in
2299 2640 2482 2705 illum
2517 2660 2767 2708 sensum

298 2742 576 2825 pertrahi
621 2742 863 2824 possint
908 2743 1022 2805 aut
1066 2740 1346 2804 debeant.

386 2840 572 2915 524.
624 2845 858 2910 Unicus
911 2846 1122 2908 autem
1169 2846 1264 2908 est
1301 2843 1582 2926 Vasquez
1622 2843 1828 2925 (cuius
1866 2846 2317 2927 speculationes
2347 2848 2765 2931 imprudenter

296 2948 602 3023 nonnulli,
638 2948 712 3011 ut
744 2947 1060 3012 Bonacina
1092 2948 1155 3011 et
1192 2944 1424 3030 Sayrus
1461 2946 1979 3029 transscripsere),
2014 2947 2118 3028 qui
2153 2947 2522 3014 desiderium
2554 2951 2766 3017 huius-

296 3051 463 3115 modi
500 3050 777 3133 appellat
808 3050 1038 3130 efficaoe
1064 3050 1120 3113 1.
1150 3051 1210 3113 2.
1237 3048 1393 3131 disp.
1432 3049 1578 3112 111.
1604 3068 1737 3131 cap.
1766 3050 1827 3111 3.
1855 3069 1915 3111 n.
1944 3050 2046 3112 13.
2079 3050 2143 3112 et
2174 3053 2382 3113 tamen
2415 3052 2573 3127 vult,
2606 3053 2760 3116 illud

297 3151 812 3216 considerandum
860 3171 989 3215 esse
1022 3152 1221 3214 instar
1267 3150 1564 3232 simplicis
1594 3150 2077 3231 complacentiae
2116 3169 2187 3212 ac
2218 3149 2468 3215 demum
2496 3154 2765 3235 compla-

297 3256 571 3319 centiam
602 3254 925 3320 contendit
954 3273 1075 3319 non
1108 3272 1239 3316 esse
1270 3251 1662 3316 iudicandam
1696 3271 1731 3314 a
1763 3250 2008 3315 malitia
2041 3251 2284 3327 obiecti,
2319 3252 2424 3315 sed
2455 3256 2762 3333 quatenus

297 3356 633 3422 delectatio
677 3357 954 3422 continet
982 3374 1237 3440 gravem
1272 3354 1721 3437 oppositionem
1752 3372 1895 3417 cum
1933 3353 2143 3434 aliqua
2183 3354 2434 3431 virtute,
2469 3374 2628 3437 quae
2659 3376 2764 3441 op-

297 3459 533 3541 positio
583 3459 790 3524 abesse
835 3458 1062 3542 potest,
1098 3458 1216 3521 etsi
1263 3456 1508 3521 malitia
1554 3455 1779 3519 obiecti
1816 3455 1916 3519 vel
1962 3455 2162 3538 operis
2209 3457 2293 3521 sit
2337 3458 2547 3540 gravis
2579 3461 2761 3526 01310

300 3561 528 3626 saltem
575 3561 762 3626 verbo
793 3564 974 3626 tenus
1006 3559 1320 3624 communi
1358 3557 1670 3623 doctrinae
1716 3556 2088 3622 contradicit
2117 3578 2189 3622 ac
2219 3561 2421 3625 totam
2452 3563 2762 3642 quaestio-

299 3684 438 3728 nem
484 3665 771 3747 implicat
816 3684 888 3730 ac
934 3662 1202 3727 tenebris
1245 3662 1530 3727 involvit.
1564 3660 1696 3725 Has
1728 3659 2013 3741 Vasquez
2059 3661 2272 3727 inanes
2310 3664 2760 3745 speculationes

298 3767 548 3850 egregie
580 3767 860 3849 exagitat
891 3767 955 3829 et
984 3765 1202 3847 plectit
1232 3764 1411 3848 Lugo
1442 3764 1517 3826 de
1547 3762 1801 3827 Poem't.
1836 3762 1991 3846 disp.
2030 3763 2131 3826 16.
2166 3784 2225 3827 n.
2263 3764 2619 3841 364.-370.,
2652 3769 2761 3848 qui

295 3868 539 3933 utiliter
571 3869 812 3933 consuli
842 3868 1091 3950 poterit.
1125 3866 1393 3931 Sanchez
1432 3865 1606 3931 Mor.
1638 3866 1748 3929 lih.
1787 3866 1845 3929 1.
1878 3884 2011 3948 cap.
2049 3867 2108 3929 2.
2144 3886 2201 3927 n.
2238 3868 2298 3928 9.
2332 3866 2555 3930 merito
2586 3866 2756 3947 dicit,

302 3989 407 4034 eas
454 3971 910 4054 speculationes
955 3987 1085 4033 esse
1130 3969 1347 4033 contra
1392 3986 1783 4033 communem
1827 3967 2190 4031 doctrinam.

382 4071 681 4138 Ceterum
729 4073 881 4136 haec
910 4072 1330 4137 controversia
1366 4089 1586 4153 parum
1619 4069 1697 4134 ad
1729 4069 1970 4151 praxim
2000 4068 2150 4133 facit
2181 4069 2245 4132 01
2275 4068 2485 4151 11011113
2516 4070 2760 4154 agitata

287 4175 407 4241 fuit
444 4177 526 4240 ad
566 4174 931 4239 declaranda
964 4174 1283 4258 principia.

394 4301 527 4354 ΧΙΙΙ.
561 4298 608 4353 4.
635 4300 863 4352 Gaudere
889 4304 937 4351 ct
964 4297 1193 4351 delectari
1220 4300 1280 4350 de
1323 4311 1474 4365 opere
1512 4300 1657 4359 malo,
1686 4299 1777 4349 snb
1817 4295 2094 4349 conditione
2132 4295 2183 4351 si
2207 4296 2404 4361 liceret,
2436 4298 2575 4351 verbi
2599 4300 2752 4361 gratia

285 4382 331 4436 in
372 4382 651 4450 praedictis
687 4380 951 4435 desideriis
977 4381 1260 4435 efficacibus
1284 4381 1484 4443 illicitis,
1504 4383 1697 4447 quando
1722 4380 1939 4435 conditio
1962 4386 2037 4434 est
2070 4380 2335 4445 possibilis,
2364 4381 2455 4434 etsi
2496 4383 2650 4448 possit
2673 4400 2756 4438 cx-

289 4468 452 4522 0113011
480 4483 507 4521 0
537 4474 742 4535 peccato
769 4468 1035 4519 secundum
1064 4468 1307 4532 quosdam
1350 4468 1473 4529 DD.,
1500 4467 1542 4518 31
1568 4469 1651 4519 ssat
1674 4472 1859 4518 tantum
1886 4465 2151 4517 secundum
2179 4464 2444 4530 appetitum
2469 4466 2755 4521 rationalem

289 4552 393 4607 sive
435 4555 745 4605 voluntalem
774 4551 987 4616 (secluso
1013 4549 1145 4602 omni
1171 4550 1266 4601 alio
1293 4550 1511 4616 periculo
1536 4564 1805 4602 consensus
1830 4547 1988 4601 illiciti
2015 4554 2064 4601 et
2095 4547 2247 4614 turpis
2275 4555 2461 4613 motus;
2483 4549 2567 4615 qui
2592 4557 2750 4605 tamen

287 4636 402 4703 quia
422 4633 757 4690 communiter
781 4640 829 4687 et
852 4633 1233 4687 connaturaliter
1256 4633 1494 4699 sequitur,
1517 4633 1601 4687 vix
1627 4640 1781 4686 lutum
1805 4633 1999 4685 videtur
2017 4630 2065 4684 in
2093 4631 2254 4698 praxi)
2276 4646 2369 4684 non
2402 4638 2563 4699 potest
2591 4641 2749 4689 tamen
