3529 5158
736 334 806 389 76
1256 346 1470 388 maor.
1510 346 1547 385 1.
1585 345 1670 384 ma
1708 342 1965 387 nonnus
2001 344 2295 387 nnuma.
2334 345 2533 386 capua·
2568 346 2672 387 vn.
3081 332 3186 408 [80]

824 444 981 518 Dos,
1024 464 1240 527 nempe
1270 443 1436 508 dotis
1483 445 1594 507 aut
1639 441 1967 524 promissio
2000 443 2111 505 aut
2156 440 2481 524 stipulatio
2514 444 2627 506 ant,
2672 442 2903 507 solutio
2950 445 3062 508 aut
3094 462 3188 507 ac-

733 548 1003 631 ceptatio
1052 550 1164 612 aut
1208 545 1607 611 renuntiatio.

825 647 1110 722 Sacrum,
1142 648 1304 712 idest:
1349 666 1553 712 rerum
1600 664 1917 709 sacrarum
1964 645 2060 709 vel
2103 645 2407 710 bonorum
2451 645 2757 710 Ecclesiae
2802 645 3056 711 donatio
3089 647 3186 710 vel

733 751 1059 832 promissio
1107 751 1301 815 etiam
1343 749 1570 813 iurata.

834 850 1092 932 Copula,
1126 852 1287 916 idest
1333 850 1657 916 sollemnia
1703 849 2016 932 sponsalia
2062 868 2171 913 seu
2215 848 2704 915 matrimonium.

841 955 1080 1029 Votum,
1119 955 1236 1020 hoc
1281 956 1377 1018 est
1422 953 1737 1018 sollemnis
1786 956 2076 1017 votorum
2119 950 2435 1034 professio.

818 1057 950 1122 Ista
985 1057 1149 1140 apud
1189 1074 1398 1121 omnes
1445 1057 1692 1119 constat
1721 1054 1856 1137 ipso
1905 1054 2069 1118 facto
2099 1052 2430 1117 invalidari
2475 1052 2605 1118 sine
2643 1052 2768 1119 alia
2803 1052 3026 1118 iudicis
3057 1073 3185 1118 sen-

732 1162 951 1225 tentia.
985 1160 1234 1242 Reliqui
1280 1178 1422 1223 vero
1455 1160 1811 1223 contractus
1849 1157 2105 1241 exigunt.
2142 1156 2512 1221 sententiam
2547 1156 2787 1235 iudicis,
2822 1157 2952 1223 sive
2982 1158 3185 1242 dispu-

733 1262 856 1325 tari
901 1261 975 1326 de
1022 1262 1146 1326 illis
1192 1263 1420 1344 potest.

1674 1448 1721 1514 o
1747 1411 1804 1513 Α
1829 1450 1878 1513 P
1903 1449 1959 1514 U
1985 1451 2034 1513 r
2106 1450 2247 1513 vn.

1785 1603 1864 1650 DE
1913 1604 2136 1650 LIBERO

841 1744 1021 1797 XLVI.
1051 1743 1273 1797 Libertas
1312 1742 1418 1797 veri
1456 1742 1679 1811 nominiS,
1706 1758 1731 1796 e
1771 1758 1865 1808 qua
1903 1751 2039 1796 actus
2075 1756 2194 1795 vere
2233 1739 2432 1795 humani
2470 1757 2524 1796 ac
2565 1745 2769 1798 morales
2807 1749 3070 1813 profluunt,
3105 1748 3184 1801 de-

734 1828 933 1882 ssnitur:
962 1829 1156 1882 Animi
1179 1827 1437 1897 facultas,
1468 1827 1822 1898 quaepositis
1848 1826 2103 1882 omnibus
2129 1825 2204 1880 ad
2228 1824 2501 1895 ayendum
2524 1828 2804 1898 requisitis
2822 1833 2998 1899 potest
3023 1844 3185 1900 aqere

731 1916 782 1965 et
817 1925 931 1965 non
969 1926 1149 1981 affere.

844 1995 1034 2049 Dicitur
1063 1996 1115 2048 10
1132 1995 1323 2064 positis
1351 1994 1607 2050 omnibus
1631 1994 1707 2049 ad
1731 1994 2011 2065 avendum
2032 1996 2311 2066 requisitis
2321 2015 2344 2060 ,·
2372 1996 2413 2051 si
2430 1995 2558 2051 enim
2576 2000 2753 2051 borum
2771 1996 3021 2064 quidpiam
3041 1998 3184 2064 desit,

737 2086 873 2134 actus
913 2079 1119 2133 omissio
1157 2094 1253 2134 non
1293 2079 1476 2134 liberae
1514 2079 1784 2134 voluntatis
1808 2080 2035 2134 electioni
2063 2083 2149 2134 sed
2178 2081 2351 2146 agendi
2375 2080 2690 2148 impotentiae
2717 2082 2979 2136 tribuetur:
3005 2082 3183 2137 dicitur

733 2164 789 2217 2⁰
812 2168 984 2233 potest
1022 2178 1189 2234 apere
1229 2168 1280 2220 et
1316 2178 1431 2219 non
1470 2178 1661 2234 apere,-
1685 2164 1903 2231 (a)quia,
1942 2164 1985 2218 si
2022 2162 2195 2232 positis
2231 2168 2290 2219 ad
2329 2167 2568 2230 agendum
2603 2166 2849 2234 requisitis
2885 2181 2980 2220 non
3016 2175 3183 2235 posset

732 2251 878 2301 bomo
918 2263 1014 2302 non
1053 2263 1207 2313 agere,
1247 2254 1385 2303 actus
1422 2252 1548 2301 toret
1584 2247 1909 2313 necessariuS‚
1952 2264 2047 2302 11011
2088 2249 2222 2303 liber.

805 2335 1003 2387 XLVII.
1036 2334 1139 2387 Nou
1180 2337 1274 2387 tert
1309 2332 1519 2386 instituti
1560 2333 1715 2387 nostri
1756 2334 1901 2399 ratic,
1941 2341 1993 2387 ut
2032 2334 2328 2400 praemissae
2366 2334 2636 2389 definitioni
2673 2338 3002 2403 explanandae
3039 2346 3182 2403 atque

733 2433 761 2471 a
787 2418 1021 2484 perfidiae
1046 2418 1356 2472 iansenianae
1390 2417 1579 2472 cavillis
1605 2418 1926 2472 vindicandae
1962 2418 2281 2472 immoremur
2305 2434 2460 2486 neque
2494 2420 2671 2475 iterum
2700 2428 2752 2475 ut
2776 2420 3023 2487 congestis
3047 2437 3184 2487 argu-

732 2505 905 2559 mentis
938 2513 1224 2571 statuamus,
1246 2513 1328 2560 aut
1353 2505 1577 2559 homines
1599 2509 1664 2559 ob
1692 2505 2052 2573 protoparentis
2078 2514 2329 2573 peccatum
2358 2509 2627 2562 naturalem
2645 2511 2770 2562 banc
2788 2508 3067 2563 libertatem
3086 2524 3181 2563 non

731 2590 969 2655 amisisse,
998 2597 1081 2644 aut
1119 2605 1227 2643 eam
1266 2592 1326 2643 ad
1364 2597 1503 2644 actus
1530 2593 1736 2643 morales
1775 2590 1919 2644 laude
1959 2594 2035 2645 vel
2065 2591 2326 2659 vituperio,
2350 2591 2565 2659 praemio
2605 2595 2685 2647 vel
2710 2607 2865 2660 poena
2891 2593 3064 2658 dignos
3099 2609 3184 2661 po-

732 2679 918 2729 nendos
955 2691 1159 2743 prorsus
1197 2675 1520 2730 necessariam
1561 2691 1685 2730 esse.
1715 2678 1846 2729 Haec
1886 2676 2013 2729 enim
2054 2684 2196 2742 atque
2225 2675 2316 2730 alia
2345 2678 2486 2744 plura
2514 2675 2622 2730 viro
2659 2680 2888 2743 theologo
2928 2676 3183 2731 utilissima

729 2758 828 2812 imo
877 2767 926 2813 et
964 2759 1235 2813 necessaria
1278 2760 1453 2827 partim
1491 2774 1551 2812 ex
1591 2759 1777 2823 Etbica,
1820 2758 1995 2826 partim
2034 2775 2095 2812 ex
2133 2759 2397 2824 Theologia
2438 2759 2742 2828 speculativa
2781 2761 2990 2815 habetis,

841 2843 1366 2898 xtvlll.Adve1-tisse
1384 2844 1556 2897 sedulo
1581 2858 1708 2896 nunc
1735 2843 1961 2910 sufficiat,
1979 2858 2036 2896 ea
2056 2858 2178 2910 qnae
2200 2844 2556 2911 praemisim11S‚
2576 2859 2671 2898 non
2696 2846 2757 2898 ad
2777 2848 2984 2898 Scholae
3023 2848 3181 2900 solum

735 2927 929 2994 placita,
958 2928 1041 2980 sed
1080 2927 1278 2995 insuper
1304 2930 1364 2981 ad
1402 2927 1670 2982 catholicae
1707 2926 1956 2981 doctrinae
1995 2927 2270 2994 depositum
2310 2928 2562 2995 pertinere.

841 3013 958 3065 Nam
996 3013 1042 3064 10
1072 3027 1179 3066 eam
1208 3028 1318 3067 esse
1343 3011 1557 3066 indolem
1595 3010 1832 3067 naturalis
1858 3015 2096 3066 humanae
2126 3012 2383 3078 libertatiS,
2408 3019 2462 3066 ut
2499 3012 2724 3080 componi
2760 3029 2854 3067 non
2893 3013 3050 3081 possit
3074 3030 3184 3069 cum

730 3096 1021 3151 necessitate
1041 3097 1235 3165 agendi,
1255 3097 1504 3151 definitum
1527 3096 1668 3150 estin
1691 3096 1998 3152 damnatione
2019 3096 2227 3164 duplicis
2247 3096 2414 3152 Baiani
2433 3098 2628 3153 articuli
2649 3100 2757 3167 (39.
2773 3106 2820 3154 et
2836 3101 2959 3173 660,
2973 3116 3182 3167 quorum

728 3180 865 3247 prior
902 3180 971 3235 sic
1012 3196 1064 3235 se
1105 3183 1342 3236 babebat:
1381 3184 1567 3250 «Quod
1606 3181 1881 3235 voluntarie
1919 3184 1989 3249 nt,
2028 3181 2216 3235 etiamsi
2255 3181 2531 3235 necessario
2570 3185 2669 3251 liat,
2697 3183 2849 3237 libere
2888 3191 3050 3238 tamen
3077 3188 3172 3239 nt»

731 3267 880 3318 alter:
921 3287 942 3313 ι
970 3267 1085 3319 Sola
1119 3265 1356 3319 violentia
1385 3272 1655 3333 repugnant
1683 3264 1893 3319 libertati
1918 3265 2127 3320 bominis
2153 3265 2360 3320 naturali
2390 3282 2442 3319 o:
2471 3265 2646 3332 quibus
2672 3275 2721 3321 et
2751 3267 2829 3321 hic
2857 3266 3029 3322 tertius
3051 3270 3179 3337 (41.)

731 3349 842 3402 addi
872 3357 1062 3417 potest:
1100 3370 1124 3397 α
1151 3352 1195 3403 ls
1237 3349 1481 3404 libertatis
1519 3352 1709 3414 moduS,
1748 3349 1830 3415 qui
1869 3356 1943 3404 est
1982 3365 2007 3403 a
2045 3350 2350 3417 necessitate,
2376 3352 2467 3404 sub
2502 3349 2738 3405 libertatis
2764 3352 2958 3406 nomine
2982 3367 3083 3406 non
3109 3367 3182 3407 re-

735 3432 925 3498 peritur
960 3433 1009 3485 in
1048 3432 1317 3499 scripturis
1340 3453 1391 3486 ι.

883 3517 938 3567 2⁰
968 3518 1240 3569 Humanum
1278 3532 1432 3581 genus
1468 3516 1699 3573 iacturam
1736 3518 1882 3572 liberi
1919 3519 2105 3573 arbitrii
2141 3535 2337 3587 passum
2373 3535 2469 3575 non
2506 3534 2616 3576 esse
2655 3524 2720 3576 ob
2745 3523 2882 3577 Adae
2909 3530 3178 3588 peccatum.

730 3603 980 3656 definitum
1010 3610 1200 3670 prostat
1217 3604 1266 3658 in
1288 3619 1393 3659 can.
1414 3607 1463 3658 5.
1485 3609 1616 3660 Sess.
1642 3608 1691 3660 6.
1712 3606 1900 3661 Concil.
1924 3607 2169 3662 Trident.:
2200 3629 2224 3657 ι
2244 3608 2295 3663 Si
2322 3608 2432 3675 quis
2456 3609 2665 3664 liberum
2686 3610 2898 3664 hominis
2922 3610 3176 3664 arbitrium

728 3694 841 3754 post
864 3690 1000 3741 Adae
1027 3695 1276 3756 peccatum
1303 3688 1532 3742 amissum
1558 3696 1606 3743 et
1632 3690 1928 3745 exstinctum
1952 3706 2060 3745 esse
2086 3692 2264 3746 dixerit
2295 3701 2380 3747 aut
2406 3708 2508 3747 rem
2536 3709 2646 3748 oese
2670 3696 2732 3748 de
2758 3695 2864 3748 solo
2889 3693 3052 3759 titulo,
3080 3695 3177 3748 imo

724 3771 919 3826 titulum
942 3772 1046 3827 sine
1075 3788 1145 3837 re,
1180 3776 1459 3838 figmentum
1485 3773 1692 3841 denique
1720 3790 1747 3826 a
1779 3783 1946 3828 satana
1970 3775 2219 3830 invectum
2245 3777 2293 3831 in
2320 3778 2586 3833 Ecclesiam
2597 3793 2615 3846 3
2641 3782 2895 3832 anathema
2921 3779 2987 3834 sit
3011 3800 3062 3833 ι.

904 3858 959 3910 30
993 3857 1245 3912 Eiusmodi
1271 3857 1545 3914 libertatem
1573 3858 1775 3925 requiri,
1809 3866 1861 3913 ut
1893 3867 2033 3914 actus
2057 3861 2321 3916 bonitatem
2359 3870 2444 3917 aut
2472 3863 2704 3918 malitiam
2743 3864 2982 3917 moralem*
3015 3864 3184 3918 induat

718 3949 769 3996 et
805 3942 966 3997 meriti
1005 3949 1090 3997 aut
1139 3943 1365 3998 demeriti
1405 3958 1557 4011 capax
1598 3944 1677 4012 sit,
1710 3945 1961 4000 definitum
2001 3949 2151 4000 babes
2189 3954 2289 4001 tum
2326 3948 2376 4002 in
2411 3947 2600 4002 Concil.
2625 3947 2757 4002 Trid.
2783 3952 2906 4002 haec
2937 3949 3182 4004 sanciente

720 4024 850 4080 Sess.
873 4031 920 4081 6.
941 4042 1047 4081 can.
1072 4029 1152 4081 6.:
1176 4049 1200 4077 ι
1222 4027 1274 4081 si
1301 4027 1409 4094 quis
1439 4028 1642 4096 dixerit,
1671 4044 1766 4083 non
1794 4044 1903 4084 esse
1928 4029 1976 4083 in
2004 4037 2243 4098 potestate
2269 4031 2478 4085 bominis
2506 4031 2614 4086 vias
2636 4047 2752 4086 suas
2776 4033 2929 4087 malas
2956 4037 3185 4095 tacere...,

800 4275 864 4326 (a)
897 4273 1032 4318 Haec
1062 4275 1303 4328 formula?
1324 4275 1514 4319 clarius
1553 4276 1763 4320 effertur
1807 4277 1908 4322 ita:
1931 4281 2082 4333 potest
2109 4278 2215 4323 velle
2241 4282 2280 4323 et
2310 4292 2401 4323 non
2430 4279 2539 4324 velle
2563 4293 2642 4325 seu
2671 4281 2818 4336 παίω
2845 4294 2967 4326 nm
3006 4285 3183 4339 positis

722 4339 955 4382 omnibus
985 4341 1244 4395 requisitis
1273 4342 1337 4384 ad
1368 4343 1639 4396 agendum,
1670 4343 1725 4387 in
1756 4346 1930 4388 actum
1959 4349 2192 4400 erumpat.
2219 4345 2439 4390 facultas
2465 4350 2689 4401 oportet:
2718 4347 2803 4391 sed
2833 4361 2950 4392 oum
2977 4351 3184 4395 domina

718 4405 787 4447 sit.
815 4406 893 4448 sui
921 4409 1067 4450 actus
1096 4406 1354 4462 voluntas,
1384 4412 1551 4463 potest
1581 4410 1835 4454 obiectum
1865 4413 2177 4467 propositum
2207 4413 2357 4469 velle,
2385 4417 2549 4470 potest·
2585 4414 2738 4468 nolle,
2773 4419 2937 4470 potest
2983 4418 3181 4463 scilieet

720 4483 871 4526 agens
892 4472 1131 4516 voluntas
1150 4486 1201 4517 se
1224 4474 1477 4518 alterutro
1498 4477 1644 4520 modo
1663 4476 1727 4520 ad
1749 4477 2000 4522 obiectum
2021 4479 2375 4525 determinare.
2402 4482 2459 4524 Id
2479 4482 2534 4524 in
2554 4482 2738 4526 nostris
2762 4483 3181 4529 Institutionibus

723 4538 1079 4592 philosophicis
1106 4540 1494 4587 declaravimus.
1525 4543 1583 4587 E.
