3529 5158
708 282 819 336 690
1533 287 1848 329 Appnumx
1888 288 1926 328 1.
1970 287 2368 328 nissnnu'no

711 391 876 474 quod
908 391 971 454 in
1011 388 1457 473 posterioribus
1497 386 1871 451 editionibus
1911 386 2286 471 Theologiae
2323 385 2580 450 moralis
2619 404 2667 449 s.
2700 385 3008 468 Alphonsi
3040 386 3186 470 legi-

711 497 835 573 tur,
865 494 1109 577 praeter
1133 491 1437 573 quaedam
1472 489 1896 553 additamenta
1929 489 2084 553 nihil
2115 489 2312 567 nobis,
2339 489 2461 553 nisi
2484 489 2642 552 hanc
2667 488 3183 553 Dissertationem

710 595 1011 660 exhibere.
1039 593 1365 677 Integrum
1389 591 1588 676 igitur
1611 590 2038 674 probabilismi
2064 592 2401 674 systemate
2425 590 2524 654 vel
2550 590 2612 654 in
2637 589 2968 673 postremis
2994 608 3042 653 s.
3065 589 3185 653 Do·

711 698 900 762 ctoris
933 694 1503 760 elucubrationibus
1535 693 1924 778 propositum
1959 693 2134 757 uobis
2173 694 2530 776 reperimus.

801 800 882 863 Et
907 817 1053 863 sane
1078 797 1267 862 editio
1296 797 1583 861 sumatur
1606 795 1984 880 Theologiae
2007 796 2264 859 moralis
2289 815 2430 859 ann.
2462 796 2676 872 1785„
2703 794 2805 858 cui
2837 796 3184 877 postremas

711 922 762 967 S.
800 904 1031 967 Doctor
1061 920 1240 965 curas
1276 900 1578 964 adhibuit.
1613 900 1698 963 At
1744 918 1944 963 nonne
1989 898 2051 962 in
2093 896 2437 981 Systemate
2468 897 2699 961 morali
2734 899 2881 963 huic
2926 898 3183 962 editioni

709 1006 944 1069 inserto
992 1004 1115 1068 duo
1162 1003 1272 1067 illa
1319 1003 1637 1085 apparent,
1673 1021 1745 1065 ex
1785 1001 2009 1083 quibus
2055 1002 2369 1087 integrum
2411 1001 2840 1087 probabilismi
2886 1000 3186 1083 simplicis

712 1110 987 1193 systema
1018 1107 1334 1171 servatum
1374 1105 1656 1188 superius
1696 1104 2106 1168 deduximus?

802 1211 1089 1274 Alterum
1136 1229 1351 1273 eorum
1398 1210 1511 1287 est,
1547 1206 1712 1289 quod
1745 1228 1792 1271 s.
1829 1208 2063 1271 Doctor
2099 1226 2220 1272 nou
2270 1226 2513 1272 omnem
2547 1208 2804 1271 damnat
2836 1227 3025 1272 usum
3061 1208 3187 1290 opi-

713 1315 913 1378 nionis
959 1314 1165 1377 minus
1222 1312 1579 1395 probabilis,
1629 1311 1734 1375 sed
1789 1310 2070 1375 restricte
2124 1310 2287 1374 hunc
2343 1330 2527 1375 usum
2584 1313 2733 1375 tunc
2779 1311 2991 1376 solum
3039 1311 3186 1375 dicit

713 1416 1025 1492 illicitum,
1059 1415 1111 1479 si
1144 1415 1349 1498 opinio
1397 1414 1602 1477 minus
1633 1414 1971 1497 probabilis
2017 1433 2163 1497 prae
2206 1413 2487 1497 opposita
2522 1417 2684 1477 certe
2723 1415 2787 1478 et
2823 1413 3185 1478 notabiliter

712 1517 1134 1601 probabiliori,
1169 1515 1394 1580 evadat
1424 1515 1694 1579 tenuiter
1727 1516 1840 1579 aut
1872 1516 2094 1579 saltem
2127 1516 2309 1579 dubie
2341 1517 2697 1599 probabilis,

799 1620 995 1701 Atqui
1041 1619 1156 1683 hoc
1202 1618 1459 1682 disserte
1507 1618 1697 1681 etiam
1744 1619 1806 1681 in
1856 1620 2166 1701 postrema
2215 1620 2666 1684 Dissertatione
2703 1641 2761 1684 n.
2807 1621 2914 1684 55.
2955 1621 3061 1683 56.
3095 1620 3183 1683 ita

711 1722 1102 1787 enunciatur:
1124 1744 1159 1779 «ι
1176 1720 1495 1784 Praesenti
1519 1719 1954 1784 dissertatione
1979 1720 2133 1784 duas
2159 1720 2335 1785 nobis
2361 1723 2762 1806 proponimus
2786 1724 3183 1805 quaestiones

709 1822 1143 1889 discutiendas.
1180 1822 1358 1886 Prior
1397 1823 1509 1899 est,
1547 1842 1625 1885 an
1657 1822 1904 1886 licitum
1936 1823 2018 1885 sit
2051 1823 2224 1904 sequi
2259 1823 2609 1906 opinionem
2645 1824 2853 1888 minus
2900 1826 3183 1908 probabi·

711 1911 854 2005 lem,
897 1926 1113 1990 relicta
1161 1924 1580 2008 probabiliori,
1614 1944 1774 2007 quae
1822 1926 1950 1988 stat
1996 1943 2106 2007 pro
2153 1926 2352 2010 lege...
2388 1951 2422 1985 »
2462 1924 2640 1990 Circa
2685 1927 2956 2009 primam
2994 1947 3183 2010 quae-

710 2032 976 2096 stionem
1015 2030 1202 2094 citius
1250 2048 1347 2091 me
1397 2027 1740 2110 expediam3
1775 2027 2073 2092 resolutio
2123 2029 2285 2092 enim
2332 2030 2429 2092 est
2473 2034 2709 2113 patens.
2762 2031 2915 2094 Dico
2965 2031 3182 2115 igitur,

709 2136 873 2218 quod
921 2136 975 2199 si
1023 2136 1248 2218 opini0,
1286 2153 1443 2216 quae
1492 2136 1623 2198 stat
1654 2153 1764 2216 pro
1814 2134 1968 2218 lege,
2003 2134 2290 2200 videatur
2326 2139 2486 2198 certe
2537 2136 2933 2218 probabilior,
2979 2137 3184 2219 ipsam

711 2239 959 2303 omnino
1007 2236 1231 2302 sectari
1279 2237 1563 2301 tenemur
1607 2256 1717 2300 nec
1750 2255 2079 2319 possumus
2129 2238 2278 2301 tunc
2311 2237 2680 2320 oppositam,
2716 2257 2870 2320 quae
2901 2239 3035 2301 stat
3063 2258 3180 2321 pro

708 2342 1015 2418 libertate,
1044 2339 1399 2423 amplecti...
1429 2364 1463 2397 «
1492 2338 1629 2402 Dixi
1662 2343 1824 2401 certe
1855 2339 2260 2422 probabilior;
2288 2341 2434 2422 quia
2467 2340 2615 2405 dum
2655 2342 2857 2424 opinio
2895 2361 3005 2424 pro
3037 2341 3179 2426 lege

708 2445 803 2507 est
840 2445 1003 2507 certe
1036 2444 1099 2506 et
1136 2441 1267 2507 sine
1299 2442 1429 2506 ulla
1466 2442 1880 2505 haesitatione
1914 2441 2309 2524 probabilior,
2345 2445 2494 2507 tunc
2533 2444 2737 2527 opinio
2771 2444 2881 2508 illa
2911 2463 3036 2509 nou
3070 2464 3182 2528 po-

708 2546 832 2610 test
878 2532 1027 2610 esse'
1055 2544 1174 2609 nisi
1221 2542 1584 2608 notabiliter
1638 2544 2035 2628 probabilior.
2085 2544 2167 2608 Et
2212 2565 2283 2611 eo
2341 2564 2489 2611 casu
2537 2547 2743 2630 opinio
2801 2548 3003 2612 tutior
3058 2567 3181 2613 non

708 2649 825 2713 erit
857 2650 985 2712 iam
1017 2647 1205 2712 dubia
1238 2647 1546 2732 (intellige
1580 2648 1652 2711 de
1701 2648 1887 2712 dubio
1938 2649 2152 2713 stricte
2184 2651 2550 2734 sumpto...),
2586 2651 2689 2714 sed
2728 2654 2823 2715 est
2855 2652 3181 2717 moraliter

707 2753 820 2815 aut
851 2752 1030 2834 quasi
1061 2752 1380 2815 moraliter
1428 2753 1659 2815 certa...
1697 2750 1872 2815 Unde
1919 2755 2070 2816 tunc
2117 2752 2206 2828 fit,
2242 2754 2408 2835 quod
2457 2755 2662 2836 opinio
2710 2756 2918 2819 minus
2970 2759 3177 2821 tuta...

706 2855 1024 2918 remaneat
1055 2856 1168 2917 aut
1206 2854 1477 2917 tenuiter
1510 2855 1624 2917 aut
1660 2853 1886 2917 saltem
1918 2854 2100 2918 dubie
2133 2856 2468 2937 probabilis
2507 2860 2789 2940 respectu
2825 2858 3086 2922 tutioris
3119 2884 3179 2921 ».

797 2956 878 3019 Et
923 2956 1073 3020 haec
1119 2955 1372 3038 quidem
1403 2975 1510 3038 per
1546 2975 1609 3020 se
1644 2955 1965 3020 sufficiunt
2002 2957 2077 3020 ad
2110 2957 2548 3022 excludendam
2589 2960 2940 3042 opinionem
2972 2962 3183 3041 aequi-

694 3057 1157 3138 probabilis-mi.
1194 3057 1481 3143 Systema
1515 3059 1679 3122 enim
1726 3059 2336 3142 aequiprobabilismi
2383 3062 2698 3125 excludere
2731 3062 2913 3126 debet
2946 3065 3181 3127 senten-

705 3161 863 3226 tiam
910 3161 1338 3245 probabilismi
1372 3162 1704 3244 propriam,
1748 3175 1938 3243 quam
1971 3162 2161 3226 etiam
2194 3182 2242 3226 s,
2277 3163 2634 3246 Alphonsus
2680 3164 2909 3228 invicte
2957 3184 3183 3247 propu-

694 3265 946 3348 gnavit,
975 3264 1269 3328 nimirum
1302 3264 1545 3327 licitum
1578 3284 1707 3328 esse
1733 3284 1918 3327 usum
1953 3264 2256 3347 opinionis
2296 3265 2487 3330 solide
2520 3265 2855 3348 probabilis
2889 3268 3084 3331 etiam
3118 3269 3178 3331 in

706 3386 1011 3431 concursu
1043 3366 1495 3449 probabilioris.
1530 3367 1745 3448 Atqui,
1783 3368 1971 3450 prout
2001 3369 2282 3451 superius
2316 3389 2373 3432 n.
2410 3368 2515 3432 36.
2541 3369 2669 3433 iam
2702 3370 2992 3447 vidimuS,
3029 3373 3180 3436 haec

706 3469 1015 3533 sententia
1047 3469 1218 3533 nullo
1251 3468 1434 3533 modo
1468 3468 1815 3532 excluditur
1846 3490 1952 3553 per
1990 3490 2037 3534 s.
2074 3471 2361 3536 Doctoris
2407 3491 2768 3554 responsum
2801 3473 2878 3537 ad
2907 3475 3177 3557 primam

705 3571 882 3634 illam
931 3571 1355 3651 quaestionem
1404 3570 1596 3654 (quod
1628 3590 1989 3654 responsum
2022 3573 2298 3655 alioquin
2335 3575 2465 3656 ipse
2497 3575 2896 3639 manifestum
2930 3576 3086 3641 dicit
3119 3581 3180 3641 et

706 3673 987 3756 patens);
1030 3673 1177 3753 quia
1221 3673 1285 3736 in
1334 3673 1450 3736 hac
1496 3675 1803 3738 sententia
1852 3676 2057 3759 opinio
2106 3695 2215 3758 pro
2263 3677 2552 3743 libertate
2585 3699 2705 3744 non
2745 3681 3022 3746 tenuiter
3069 3685 3180 3747 aut

706 3775 909 3851 dubie,
960 3772 1065 3838 sed
1111 3775 1273 3838 certe
1322 3777 1384 3839 et
1439 3774 1650 3852 solide,
1701 3776 1892 3840 etiam
1938 3777 1999 3841 in
2047 3798 2350 3844 concursu
2396 3781 2847 3863 probabilioriS,
2896 3789 3178 3850 remanet

711 3876 1066 3960 probabilis.
1100 3877 1283 3961 Ergo.

796 3980 900 4042 89.
929 3977 1046 4042 Sed
1081 3981 1144 4043 et
1178 3980 1464 4056 alterum,
1492 3979 1554 4043 in
1588 4000 1711 4062 quo
1744 3982 2170 4064 probabilismi
2202 3989 2476 4069 systema
2511 3986 2729 4065 elucet,
2765 3988 2827 4053 in
2859 3991 3170 4073 postrema

708 4099 758 4144 s,
794 4081 1080 4145 Doctoris
1128 4081 1563 4147 dissertatione
1609 4085 1915 4149 cernitur:
1943 4085 2229 4152 videlicet
2274 4090 2538 4171 positive
2588 4110 2657 4155 ex
2705 4092 2842 4175 ipsa
2889 4092 3171 4158 disserta-

704 4183 872 4247 tione
923 4182 1230 4268 arguitur,
1263 4183 1507 4248 licitum
1556 4205 1684 4250 esse
1723 4207 1908 4252 usum
1944 4189 2249 4271 opinionis
2296 4191 2502 4256 minus
2540 4194 2897 4275 probabiIiS,
2932 4197 3172 4279 quoties

708 4285 992 4367 opposita
1039 4303 1149 4366 pro
1196 4285 1333 4371 lege
1382 4287 1588 4369 opinio
1636 4307 1758 4352 non
1805 4291 2039 4373 polleat
2070 4292 2373 4357 eiusmodi
2406 4295 2866 4377 probabilitatis
2903 4319 3170 4374 excessu,

707 4386 781 4448 ut
829 4385 1034 4551 opinio
1083 4405 1193 4468 pro
1239 4387 1529 4453 libertate
1578 4394 1689 4455 aut
1733 4393 2004 4458 tenuiter
2051 4397 2163 4459 aut
2210 4396 2432 4460 saltem
2482 4397 2664 4462 dubie
2702 4400 3042 4483 probabilis
3075 4423 3174 4486 ap-

710 4505 895 4570 parea
930 4537 945 4551 .
