3529 5158
1145 348 1231 387 nn
1268 348 1482 389 mm
1520 347 1566 388 s.
1606 347 1908 390 Ammousr
1948 348 2077 389 mc.
2745 336 2870 407 673,

370 461 513 507 men
559 442 717 506 illud
764 442 929 525 quod
974 445 1374 528 praescripsit
1419 445 1816 509 Innocentius
1867 444 1978 509 Xl.
2019 445 2081 508 in
2130 445 2373 509 decreto
2423 445 2847 511 damnationis

373 544 666 620 thesium,
718 544 824 608 ubi
871 545 994 609 ait:
1030 570 1064 605 «
1104 544 1382 612 Caveant
1418 547 1561 611 ab...
1597 546 2089 637 quibuscumque
2137 547 2428 613 conviciis
2477 553 2694 613 contra
2745 568 2848 613 eas

374 646 848 729 propositiones
869 666 1027 729 quae
1053 649 1256 713 adhuc
1279 650 1441 713 inter
1464 649 1804 714 catholicos
1825 650 1968 713 hinc
1991 649 2130 713 inde
2154 651 2766 715 controvertuntur...
2782 676 2843 714 ».

373 747 466 811 Ex
488 749 776 812 textuum
812 748 1010 833 igitur
1041 751 1373 816 collatione
1406 751 1616 835 palam
1648 751 1750 827 sit,
1779 751 2311 834 reprehensionem
2342 751 2518 815 iliam
2553 752 2847 816 adversus

375 850 910 932 probabilioristas
956 852 1020 916 in
1057 851 1337 918 favorem
1367 853 1668 936 benignae
1700 853 2064 930 sententiae,
2102 874 2138 917 a
2184 872 2307 936 qua
2354 873 2403 918 s.
2432 854 2667 918 Doctor
2698 854 2848 918 dicit

374 970 439 1016 se
474 951 917 1035 praescindere,
954 953 1235 1021 additam
1266 955 1476 1020 fuisse.

465 1054 569 1118 63.
604 1054 811 1120 Multo
851 1058 1059 1122 autem
1107 1057 1311 1142 magis
1358 1056 1894 1140 probabilioristas
1941 1057 2215 1133 denotat,
2251 1057 2496 1140 quando
2537 1057 2600 1120 in
2651 1057 2844 1121 allato

372 1156 788 1222 Praefationis
834 1160 1013 1224 textu
1057 1178 1193 1242 sup.
1244 1181 1303 1223 n.
1341 1161 1445 1223 61.
1495 1177 1729 1222 morem
1778 1159 2168 1242 reprehendit
2214 1179 2448 1235 eorum,
2498 1159 2612 1240 que?
2655 1159 2848 1222 nimis

366 1257 555 1337 facile
600 1261 941 1340 reprobant
982 1263 1322 1341 opinione&
1355 1282 1514 1343 quas
1532 1260 1759 1341 plures
1795 1264 1856 1323 et
1897 1281 2122 1342 ,qraves
2153 1262 2465 1324 Auctores
2501 1264 2753 1323 tuentur
2784 1263 2848 1325 et

371 1361 563 1440 addit,
590 1387 626 1421 «
658 1381 723 1427 se
753 1363 1060 1448 ignorare,
1100 1364 1410 1447 quomodo
1444 1364 1686 1447 possint
1723 1363 1895 1427 reiici
1943 1364 2014 1427 ut
2051 1362 2488 1447 improbabiles
2523 1363 2844 1446 opiniones

366 1463 533 1543 illae,
567 1484 727 1548 quae
773 1465 982 1549 aliquo
1029 1466 1209 1551 gravi
1255 1486 1376 1532 non
1423 1469 1633 1531 carent
1680 1466 2082 1530 fundamento
2133 1465 2692 1530 verisimilitudinis
2743 1465 2838 1529 vel

374 1568 795 1647 auctoritatiS,
829 1570 891 1632 et
922 1570 1139 1632 contra
1178 1569 1478 1652 oppositis
1512 1569 1833 1633 sententiis
1873 1569 2045 1631 nulla
2081 1568 2322 1632 assistit
2352 1568 2699 1632 infallibilis
2736 1588 2847 1632 au-

371 1670 636 1735 ctoritas
675 1671 788 1735 aut
833 1670 1079 1736 evidens
1111 1670 1297 1750 ratio,
1337 1690 1495 1753 quae
1534 1670 1606 1733 de
1644 1671 1908 1734 veritate
1942 1670 2298 1735 convincere
2347 1670 2545 1754 possit
2579 1696 2638 1733 ›>.
2675 1671 2847 1735 Haec

371 1790 618 1854 quoque
655 1773 819 1838 enim
866 1792 916 1837 s.
950 1774 1186 1838 Doctor
1214 1773 1449 1849 scribit,
1487 1791 1675 1857 agens
1708 1772 1781 1836 de
1831 1773 2095 1855 benigna
2142 1773 2254 1837 illa
2294 1772 2845 1858 probabilistarum

370 1874 701 1952 sententia,
745 1894 781 1939 a
828 1894 952 1958 qua
999 1875 1151 1941 dicit
1197 1895 1260 1939 se
1308 1874 1747 1958 praescindere.
1789 1873 1925 1953 Quo
1965 1876 2176 1939 autem
2225 1875 2460 1958 spectet
2507 1894 2578 1938 ea
2628 1894 2674 1937 s.
2716 1875 2845 1939 Do-

370 1977 558 2040 ctoris
607 1977 877 2059 querela,
912 1977 1051 2042 inde
1089 1978 1422 2053 noscimus,
1457 1976 1623 2060 quod
1662 1977 1792 2060 ipse
1839 1977 2018 2042 nobis
2060 1976 2296 2042 indicat
2342 1977 2402 2040 id
2451 1979 2844 2061 praepostere

369 2080 724 2166 contigisse,
759 2083 832 2145 ut
878 2081 1418 2163 probabilioristae
1464 2080 1923 2156 contenderent,
1960 2079 2233 2162 deperire
2273 2078 2579 2162 opinionis
2626 2080 2844 2162 proba-

369 2183 698 2262 bilitatem,
733 2184 978 2266 quoties
1014 2184 1215 2247 maior
1263 2183 1473 2264 aliqua
1524 2182 1932 2265 probabilitas
1984 2181 2286 2265 opinionis
2335 2201 2445 2265 pro
2492 2181 2628 2265 lege
2677 2182 2844 2246 stare

368 2285 698 2350 videretur.
734 2285 1033 2367 Quocirca
1064 2285 1127 2350 in
1160 2284 1420 2350 Dissert.
1461 2285 1651 2348 1755.
1679 2305 1738 2349 n.
1781 2286 1882 2348 13.
1925 2284 2157 2348 diluere
2190 2283 2404 2348 debuit
2437 2284 2842 2348 obiectionem

370 2387 883 2466 adversariorum,
910 2387 1076 2470 quod
1099 2388 1301 2451 maior
1334 2388 1741 2472 probabilitas
1768 2388 1859 2451 ita
1885 2386 2078 2451 elidat
2110 2387 2431 2464 minorem,
2462 2388 2532 2450 ut
2558 2387 2843 2469 respectu

370 2490 449 2554 ad
484 2492 830 2574 oppositam
864 2491 978 2557 fiat
1022 2491 1345 2556 moraliter
1376 2491 1564 2555 certa.
1602 2489 1699 2553 Ad
1735 2508 1915 2572 quae,
1951 2491 2024 2553 ut
2072 2489 2228 2553 alias
2278 2488 2564 2565 vidimus,
2600 2488 2844 2571 reponit

369 2613 417 2657 s.
447 2593 714 2658 Doctor:
750 2616 785 2652 «
807 2594 896 2658 At
927 2596 1090 2658 recte
1128 2593 1498 2678 respondent
1530 2596 1815 2658 auctores
1852 2592 2070 2671 nostri,
2106 2592 2334 2657 falsum
2367 2611 2517 2669 esse,
2542 2591 2842 2655 maiorem

368 2696 877 2778 probabilitatem
909 2695 1130 2760 elidere
1161 2696 1482 2771 minorem,
1522 2695 1641 2759 nisi
1673 2695 1922 2777 quando
1964 2695 2171 2777 opinio
2205 2693 2583 2779 probabilior
2615 2694 2843 2758 habeat

367 2816 479 2880 pro
528 2817 592 2862 se
641 2799 775 2862 tam
822 2798 1184 2863 convincens
1233 2799 1692 2882 argumentum,
1744 2799 1818 2862 ut
1864 2798 2177 2862 contraria
2225 2816 2364 2861 vere
2413 2796 2840 2879 improbabilis

368 2899 467 2964 vel
514 2918 636 2965 non
685 2900 954 2983 amplius
1002 2901 1279 2985 graviter
1325 2902 1388 2964 et
1433 2902 1600 2966 certo
1658 2900 2000 2984 probabilis
2047 2899 2336 2964 videatur
2379 2921 2448 2962 »z
2498 2918 2618 2962 non
2669 2919 2842 2962 secus

367 3002 603 3067 scilicet
633 3022 704 3067 ac
740 3003 928 3086 paulo
962 3004 1105 3068 ante
1151 3003 1215 3067 in
1264 3003 1654 3068 Praefatione
1687 3004 1978 3088 negabat,
2018 3003 2334 3086 opiniones
2365 3001 2677 3065 habendas
2710 3021 2841 3064 esse

368 3106 442 3168 ut
487 3105 944 3188 improbabiles,
970 3131 1004 3164 «
1038 3107 1145 3170 ubi
1185 3106 1485 3188 oppositis
1518 3106 1843 3170 sententiis
1876 3105 2048 3169 nulla
2085 3104 2326 3169 assistit
2356 3102 2702 3166 infallibilis
2737 3123 2841 3167 au-

369 3208 633 3274 ctoritas
665 3211 777 3274 aut
815 3209 1060 3274 evidens
1090 3208 1275 3284 ratio,
1311 3225 1469 3288 quae
1502 3207 1574 3271 de
1608 3207 1872 3271 veritate
1906 3206 2263 3270 convincere
2297 3204 2496 3288 possit
2529 3230 2591 3268 ›>.

459 3309 564 3375 64.
599 3309 886 3376 Ceterum
919 3310 1084 3393 quod
1118 3310 1385 3393 benigna
1417 3308 1743 3386 sententia,
1774 3327 1962 3390 quam
2002 3327 2050 3371 S.
2079 3308 2315 3372 Doctor
2345 3307 2407 3370 in
2441 3306 2840 3372 Dissertatio-

366 3413 550 3479 nibus
597 3434 736 3479 ann.
776 3414 967 3479 1749.
1003 3414 1066 3477 et
1102 3413 1292 3476 1755.
1326 3411 1553 3475 invicte
1601 3409 2042 3495 propugnavit,
2083 3410 2294 3473 eadem
2344 3409 2429 3474 sit
2475 3428 2725 3493 prorsus
2768 3428 2839 3474 ac

367 3517 694 3593 sententia,
728 3535 839 3600 pro
872 3534 996 3598 qua
1041 3513 1420 3597 inspicienda
1469 3512 1532 3576 in
1567 3512 1826 3576 Dissert.
1871 3531 2011 3577 ann.
2052 3511 2245 3575 1763.
2278 3511 2539 3576 lectores
2570 3511 2841 3576 remittit

366 3618 446 3682 ad
496 3620 780 3684 auctores
812 3637 950 3684 eam
982 3617 1252 3699 undique
1301 3615 1614 3700 agitantes
1661 3615 1725 3679 et
1775 3633 1809 3677 a
1857 3633 1981 3696 qua
2029 3613 2092 3677 in
2140 3614 2531 3679 Praefatione
2562 3614 2732 3690 dicit,
2775 3634 2838 3678 se

366 3722 806 3805 praescindere,
841 3720 1180 3787 clarissime
1212 3719 1387 3802 patet
1424 3737 1496 3781 ex
1542 3717 1757 3782 eodem
1794 3717 1999 3794 mod0,
2037 3736 2160 3799 quo
2195 3716 2525 3798 utrobique
2573 3737 2710 3780 eam
2743 3717 2839 3780 de-

366 3825 602 3889 scribit.
638 3823 738 3889 Sic
784 3825 949 3888 enim
994 3822 1067 3887 de
1113 3840 1185 3886 ea
1233 3822 1296 3884 in
1345 3820 1603 3885 Dissert.
1641 3840 1781 3884 ann.
1827 3819 2049 3882 1763:
2084 3844 2120 3878 α
2153 3818 2606 3884 Probabilistae
2656 3820 2841 3901 puta-

363 3929 532 4004 runt,
571 3927 820 3993 licitum
860 3945 990 3992 esse
1037 3944 1221 3992 usum
1271 3923 1577 4006 opinionis
1624 3922 1817 3987 solide
1867 3922 2204 4006 probabilis
2251 3921 2314 3985 in
2364 3941 2666 3986 concursu
2716 3922 2840 4004 opi-

363 4029 568 4094 nionis
622 4048 814 4112 aeque
873 4026 1210 4111 probabilis
1266 4044 1336 4090 ac
1391 4025 1581 4088 ettam
1623 4023 2081 4105 probabilioris
2129 4048 2189 4086 ».
2239 4025 2313 4088 In
2373 4023 2634 4087 Dissert.
2695 4041 2838 4086 vero

366 4151 508 4194 ann.
539 4131 731 4195 1755.
759 4130 846 4196 sic
878 4129 1103 4194 thesim
1136 4147 1315 4192 suam
1352 4127 1676 4192 enunciat:
1713 4152 1747 4187 «
1783 4127 2091 4192 Ultimam
2124 4126 2550 4211 benigniorem
2586 4127 2650 4189 et
2682 4144 2842 4189 com-

363 4234 797 4300 munissimam
836 4232 1264 4317 (sententiam)
1296 4229 1678 4313 probandam
1713 4230 2131 4317 aggredimur,
2173 4248 2393 4313 nempe
2430 4227 2676 4292 licitum
2712 4247 2841 4292 esse

360 4338 458 4401 uti
493 4337 779 4420 opinione
825 4336 1132 4421 probabili
1163 4336 1353 4398 etiam
1408 4334 1472 4396 in
1510 4353 1814 4398 concursu
1832 4332 2309 4413 probabiliori&
2344 4351 2583 4415 semper
2631 4351 2700 4396 ac
2731 4332 2843 4396 illa

365 4443 607 4506 certum
653 4442 717 4504 et
761 4459 950 4524 grave
995 4439 1224 4504 habeat
1268 4439 1744 4505 fundamentum
1782 4463 1844 4500 ›>.

528 4590 820 4644 Bauzanum,
848 4588 1016 4633 Moral.
1044 4589 1195 4631 Temo
1220 4588 1261 4631 1.
2594 4584 2650 4625 43
