3529 5158
361 376 505 451 [1209]
650 390 733 430 Au
771 388 979 433 numu
1009 386 1202 431 Aeros
1239 388 1666 430 mmm-nunus.
1704 390 2087 433 Ancum-m
2125 390 2541 435 sconem-numa
2713 382 2815 436 101

452 481 610 556 m.
646 486 813 550 Beue
839 484 1069 550 Suarez
1096 486 1353 549 remotis
1375 486 1472 549 his
1497 487 1826 550 verborum
1859 487 2224 572 ambagibus
2248 491 2312 553 et
2336 491 2818 557 obscuritatibus

363 587 831 661 sententiarum,
872 605 1000 651 rem
1038 586 1319 651 edisserit
1347 587 1411 650 in
1447 588 1504 650 1.
1533 588 1593 650 2.
1629 588 1809 651 tract.
1845 589 1906 651 3.
1941 589 2095 672 disp.
2124 592 2184 653 9.
2212 592 2356 655 sect.
2385 592 2446 655 3.
2478 611 2538 656 n.
2567 594 2627 657 9.
2654 592 2816 657 Nam

364 689 701 774 perpendit,
742 688 907 771 quod
955 689 1207 770 quidam
1255 688 1669 766 affirmabant,
1705 690 1938 754 scilieet
1986 693 2226 774 operari
2263 696 2516 776 propter
2557 696 2817 759 naturae

362 790 754 856 commodum
785 792 860 854 ut
889 791 995 867 sio,
1030 809 1151 854 non
1182 808 1315 855 esse
1358 791 1595 854 maltum
1640 810 1751 855 neo
1797 792 2162 867 indifferenS,
2203 795 2313 859 sed
2339 796 2570 860 bonum
2616 798 2681 860 et
2725 798 2816 861 ita

360 912 479 958 non
526 911 708 976 posse
736 892 991 976 reperiri
1035 892 1307 955 medium
1353 892 1521 955 inter
1546 892 1779 957 bonum
1824 895 1894 957 et
1917 894 2153 958 malum
2193 896 2256 959 in
2287 896 2642 962 individuo:
2687 899 2812 961 iam

360 1014 503 1060 vero
548 996 623 1059 de
670 996 785 1060 hoc
818 995 910 1058 ita
941 994 1188 1057 statuit.
1229 1018 1265 1050 «
1290 993 1467 1057 Haec>
1490 995 1814 1063 sententia.
1849 995 1968 1059 nisi
1998 996 2324 1073 limitetur,
2358 999 2606 1063 videtur
2641 1018 2814 1082 repu-

357 1115 546 1182 gnare
592 1096 923 1179 praedictis
968 1094 1339 1159 Sanctorum
1384 1096 1774 1160 testimoniis.
1810 1096 2175 1161 Addendum
2212 1117 2362 1183 ergo
2405 1102 2518 1176 est,
2568 1101 2816 1166 duobus

355 1198 555 1263 modis
592 1217 771 1281 posse
817 1197 1127 1262 hominem
1174 1197 1413 1280 operari
1457 1199 1709 1280 propter
1754 1199 2195 1263 sublevandam
2240 1203 2670 1266 necessitatem
2708 1221 2814 1267 na-

357 1302 533 1365 turae
578 1301 679 1364 vel
725 1300 916 1363 aliam
963 1299 1237 1381 corporis
1281 1299 1816 1363 commoditatem:
1866 1300 2064 1382 prime
2111 1301 2550 1368 considerando
2604 1304 2812 1368 solum

355 1402 693 1466 humanam
723 1402 1017 1465 naturam
1062 1403 1137 1465 ut
1174 1401 1525 1473 animalem,
1561 1401 1683 1465 alio
1721 1402 1912 1466 modo
1942 1403 2380 1468 considerando
2411 1404 2586 1469 illam
2617 1407 2809 1470 etiam

355 1506 427 1567 ut
469 1504 861 1577 rationalem,
897 1503 1061 1585 quod
1093 1502 1167 1566 fit
1197 1503 1441 1585 quando
1483 1503 1554 1567 ad
1592 1504 1969 1586 operandum
2009 1507 2259 1587 propter
2302 1506 2808 1572 commoditatem

354 1608 615 1669 naturae
646 1604 899 1669 adhibet
921 1605 1109 1669 homo
1139 1604 1401 1671 rationis
1424 1604 1707 1688 regulam
1738 1607 1804 1668 et
1834 1604 2068 1669 iudicat
2095 1606 2274 1669 illam
2304 1608 2808 1673 commoditatem

354 1708 467 1771 sibi
491 1727 625 1772 esse
650 1707 1114 1773 convenientem
1146 1707 1337 1770 etiam
1363 1708 1435 1769 ut
1458 1706 1699 1770 ratione
1728 1706 2036 1789 regulato.
2063 1708 2243 1772 Prior
2265 1727 2413 1792 ergo
2437 1708 2657 1773 modus
2686 1726 2810 1773 non

354 1809 587 1873 suffieit
618 1809 696 1873 ad
728 1810 1116 1874 honestatem
1141 1807 1498 1882 actionis...;
1531 1808 1679 1888 quia
1704 1808 1950 1871 tenetur
1979 1826 2218 1892 semper
2248 1811 2486 1892 operari
2515 1810 2594 1888 ‚ut
2622 1811 2807 1876 homo

352 1912 415 1973 et
456 1912 904 1993 consequenter
937 1910 1223 1994 regulam
1267 1908 1528 1972 rationis
1577 1908 1897 1985 adhibere3
1947 1909 2220 1991 alioquin
2269 1927 2340 1973 ex
2388 1911 2448 1973 vi
2496 1912 2593 1974 sui
2639 1911 2811 1976 modi

353 2013 644 2095 operandi
674 2030 798 2077 non
838 2012 1068 2095 poterit
1104 2014 1313 2075 tenere
1347 2011 1618 2075 medium
1656 2012 1716 2074 in
1751 2011 2100 2076 actionibus
2131 2012 2280 2076 suis.
2322 2010 2388 2076 Si
2419 2014 2628 2077 autem
2662 2031 2809 2097 ope-

350 2117 520 2178 retur
549 2115 819 2179 secundo
849 2114 1054 2185 modo,
1087 2114 1147 2178 id
1182 2115 1337 2177 satis
1366 2116 1465 2177 est
1494 2114 1570 2177 ad
1602 2112 1992 2179 honestatem
2023 2114 2287 2178 actionis
2315 2138 2378 2178 ιι.

434 2216 609 2296 Quae
631 2217 879 2298 quidem
904 2217 1001 2280 est
1029 2216 1309 2280 doctrina
1340 2235 1388 2281 s.
1423 2215 1717 2283 Thomae.
1744 2217 1818 2279 ut
1841 2216 1966 2279 iam
1992 2235 2064 2280 ex
2086 2216 2269 2279 dict-is
2293 2217 2468 2298 patet
2489 2218 2556 2280 et
2582 2217 2808 2282 confir-

345 2320 501 2383 mari
527 2320 739 2401 potest
758 2319 839 2382 'tis
861 2317 1254 2387 testimoniis,
1289 2317 1514 2398 quibus
1540 2317 1737 2399 aperit
1761 2318 2052 2380 naturam
2083 2317 2446 2381 honestatis.
2481 2316 2639 2382 Sane
2666 2321 2804 2382 Ῑ.2.

344 2440 400 2503 q.
423 2421 812 2485 39.a.2.hoc
835 2420 1090 2484 statuit:
1124 2444 1159 2475 ⁴<
1176 2418 1370 2482 Omne
1392 2420 1624 2483 bonum
1654 2419 1986 2482 honestum
2008 2437 2082 2482 ex
2103 2419 2202 2483 his
2231 2419 2474 2483 duobus
2504 2421 2797 2502 procedit,

343 2523 580 2588 seilicet
608 2541 683 2587 ex
712 2521 1084 2587 rectitudine
1114 2521 1463 2586 rationiset
1494 2521 1842 2586 voluntatis
1863 2546 1924 2585 ».
1951 2521 2170 2585 Palam
2201 2524 2298 2586 est
2327 2521 2537 2587 antem
2569 2523 2800 2588 rectam

345 2644 472 2690 aese
494 2626 1079 2706 voluntatem,quae
1102 2625 1375 2687 sectatur
1397 2627 1627 2688 rectam
1652 2624 1978 2688 rationem.
1991 2624 2156 2688 Alibi
2182 2627 2394 2688 autem
2417 2626 2479 2688 2.
2499 2626 2796 2707 2.q.145.

280 2717 301 2733 ⁶
346 2746 399 2791 a.
437 2729 492 2790 1.
529 2727 763 2791 statuit
799 2753 833 2783 ‹
866 2726 1196 2789 honestum
1240 2725 1359 2789 dici
1407 2726 1486 2789 ab
1531 2727 1790 2797 houm-e:
1831 2728 1962 2791 heic
2005 2744 2153 2791 vero
2196 2728 2300 2812 agi
2330 2727 2405 2792 de
2440 2729 2802 2794 excellentia

345 2829 605 2900 inte-rna,
641 2829 747 2893 eui
780 2829 977 2893 honor
1005 2828 1280 2892 debetur.
1312 2826 1689 2893 Excellentia
1721 2831 1932 2893 autem
1964 2830 2250 2906 hominis,
2278 2831 2499 2913 inquit,
2532 2833 2799 2898 maxime

342 2931 770 2996 consideratur
797 2917 1139 2994 secundam
1164 2931 1516 2995 mmm...
1551 2931 1633 2995 Et
1654 2932 1790 2996 ideo
1823 2930 2162 3006 honestm,
2196 2935 2438 3016 proprie
2468 2935 2795 3016 loquendo,

342 3034 409 3096 ia
442 3033 611 3096 idem
642 3031 944 3111 referoum
971 3052 1111 3094 cmm
1146 3033 1374 3094 virtute
1406 3058 1465 3095 ».
1506 3033 1589 3096 Et
1614 3052 1833 3097 rursus
1861 3034 2008 3098 ibid.
2044 3053 2099 3098 a.
2115 3036 2175 3097 2.
2208 3059 2242 3091 «
2267 3035 2406 3099 Hoc
2428 3039 2636 3100 autem
2667 3057 2800 3119 per-

340 3136 499 3199 tinet
544 3134 625 3198 ad
670 3134 979 3199 rationem
1025 3134 1288 3208 honesti,
1338 3133 1501 3215 quod
1546 3134 1815 3198 diximus
1860 3135 2024 3198 idem
2069 3154 2199 3199 esse
2246 3136 2487 3208 virtuti,
2519 3156 2680 3217 quae
2707 3158 2798 3200 se-

339 3236 611 3299 cumdum
656 3237 964 3299 rationem
992 3235 1349 3299 moderatur
1379 3254 1591 3300 omnes
1618 3255 1715 3301 res
1746 3236 2051 3300 humanas
2083 3261 2144 3299 ».

423 3337 517 3402 De
546 3338 788 3402 virtute
820 3339 1031 3402 autem
1064 3339 1124 3400 2.
1159 3339 1220 3400 2.
1255 3356 1314 3418 q.
1348 3336 1453 3401 23.
1488 3357 1543 3401 a.
1577 3338 1820 3402 scribit:
1853 3363 1888 3392 α
1915 3338 2208 3402 Humana
2239 3339 2457 3415 virtue,
2499 3357 2660 3420 quae
2696 3342 2794 3404 est

338 3440 711 3523 principium
744 3440 1023 3503 omnium
1054 3439 1355 3503 bonorum
1393 3443 1649 3504 actuum
1678 3440 1967 3512 hominis,
2000 3441 2286 3505 consistit
2319 3441 2384 3506 in
2427 3442 2798 3524 attinyendo

339 3541 621 3623 regulam
651 3539 1069 3604 humum-mn
1108 3544 1422 3604 actuum...
1463 3540 1637 3606 Unde
1668 3542 1868 3607 virtus
1901 3542 2157 3607 moralis
2185 3543 2476 3607 definitur
2511 3563 2617 3627 per
2652 3545 2786 3622 hoe,

334 3646 499 3726 quod
528 3649 628 3708 est
658 3643 996 3708 secundum
1026 3645 1259 3706 rectam
1289 3644 1592 3708 rationem
1626 3671 1686 3707 ».

423 3746 753 3810 Praeterea
794 3748 854 3809 2.
900 3747 962 3808 2.
1002 3765 1062 3827 q.
1110 3746 1256 3807 145.
1290 3764 1345 3808 a.
1389 3746 1452 3808 3.
1485 3746 1608 3808 ait:
1648 3771 1683 3802 α
1718 3746 1964 3810 Dicitur
2010 3747 2244 3828 aliquid
2291 3747 2673 3812 lammam...
2723 3751 2786 3814 in

333 3851 643 3930 quantum
673 3847 865 3911 habet
892 3846 1198 3930 quendam
1228 3846 1507 3910 decorem
1536 3867 1615 3909 ex
1644 3846 2037 3910 ordinatione
2069 3850 2353 3912 mte'om‘s.
2389 3850 2523 3914 Hoc
2555 3853 2786 3922 autem,

330 3950 494 4031 qued
540 3953 639 4014 est
688 3949 1027 4014 secundum
1074 3949 1377 4013 rationem
1431 3949 1804 4018 ordinatum.
1853 3955 1948 4015 est
1999 3951 2372 4014 naturaliter
2423 3952 2788 4015 conveniens

328 4051 587 4116 homini.
624 4078 686 4115 ».

422 4150 577 4225 109.
614 4153 877 4218 Duobus
923 4153 1122 4237 igitur
1164 4153 1506 4236 explicatur
1552 4157 1713 4217 ratio
1761 4154 2023 4218 honesti.
2063 4156 2128 4216 1⁰
2159 4153 2321 4235 quod
2371 4153 2454 4218 sit
2506 4153 2668 4218 idem
2715 4172 2789 4219 ac

329 4256 546 4322 virtus.
583 4257 657 4318 2ο
688 4253 856 4337 quod
887 4257 1055 4318 recta
1091 4255 1329 4319 mtione
1360 4255 1711 4319 ordinatum
1748 4256 1848 4319 sit.

412 4358 493 4422 Et
538 4358 747 4440 reipsa
795 4357 1142 4420 honestatis
1188 4357 1503 4421 notionem
1535 4357 1625 4420 ita
1658 4357 2052 4421 statuendam
2083 4376 2233 4430 esse,
2266 4358 2404 4439 ipsa
2439 4376 2592 4422 sana
2621 4359 2785 4421 ratio

321 4459 517 4525 docet.
556 4459 830 4532 Etenim,
856 4461 933 4521 ut
958 4476 1295 4542 arguamus
1326 4458 1403 4521 ad
1437 4459 1747 4523 hominem
1779 4478 1922 4522 cum
1945 4460 2083 4522 istis
2114 4460 2378 4522 morosis
2407 4459 2778 4532 hominibus,

318 4562 669 4627 cuiusmodi
693 4563 793 4625 est
824 4559 1114 4632 Antoine.
1148 4562 1295 4643 ipse,
1330 4581 1471 4624 cum
1496 4579 1617 4625 uon
1650 4561 1946 4624 admittat
1976 4563 2153 4622 aetus
2185 4559 2613 4632 indifferentes,
2639 4559 2782 4621 hinc
