3529 5158
336 371 478 447 [417]
992 388 1143 437 Qum
1183 389 1389 432 Possu-
1423 391 1583 432 PAPA
1622 391 1687 431 m
1725 393 1876 435 man
1912 394 2129 436 mvmo
2685 383 2794 439 405

337 483 397 549 S.
437 485 658 550 Thom.
695 489 755 551 2.
791 489 851 551 2.
886 506 946 569 q.
981 487 1086 551 88.
1119 489 1238 551 art.
1275 488 1378 552 12.
1412 490 1510 553 3.:
1546 513 1580 546 «
1605 488 1844 554 Votum
1876 491 1971 555 est
2000 493 2327 575 promissio
2357 494 2488 557 Deo
2519 493 2685 559 facta
2716 495 2790 559 de

339 587 569 670 aliquo,
604 589 771 671 quod
805 591 892 654 sit
923 591 1053 654 Deo
1086 590 1424 673 acceptum.
1465 589 1642 671 Quod
1679 593 1766 657 sit
1801 594 2013 658 autem
2049 594 2113 658 in
2145 595 2356 677 aliqua
2387 596 2790 679 promissione

338 694 660 775 acceptum
697 694 773 771 ei,
807 693 909 757 cui
941 692 1351 776 promittitur,
1384 712 1457 759 ex
1487 695 1620 760 eius
1656 697 1881 779 pendet
1910 698 2189 763 arbitrio.
2223 698 2550 763 Praelatus
2581 699 2790 764 autem

333 795 396 859 in
428 795 701 861 Ecclesia
731 796 894 881 gerit
931 796 1127 860 vicem
1165 795 1281 860 Dei
1318 797 1382 861 et
1416 797 1553 863 ideo
1589 798 1653 862 in
1689 800 2179 865 commutatione
2207 802 2308 865 vel
2337 802 2790 885 dispensatione

333 898 625 962 votorum
662 898 1002 980 requiritur
1031 898 1295 982 praelati
1342 900 1701 979 auctoritas,
1735 920 1895 983 quae
1941 903 2005 966 in
2051 921 2311 985 persona
2348 904 2463 967 Dei
2508 903 2792 968 determi-

331 999 462 1076 nat,
494 999 645 1081 quid
675 1000 762 1064 sit
791 1001 923 1064 Deo
970 1000 1308 1084 acceptum,
1357 1001 1693 1066 secundum
1728 1003 1887 1067 illud
1924 1006 1984 1067 2.
2018 1002 2158 1069 Cor.
2201 1006 2298 1068 2.:
2339 1005 2516 1068 Nam
2554 1009 2617 1069 et
2656 1024 2787 1088 eqo,

328 1100 498 1183 quod
524 1101 773 1177 donavi,
804 1104 867 1167 si
893 1102 1052 1184 quid
1082 1102 1313 1168 donavi
1333 1107 1598 1185 propter
1625 1124 1752 1178 vos,
1771 1105 1843 1167 in
1859 1126 2135 1185 persona
2161 1104 2417 1171 Christi.
2446 1108 2528 1170 Et
2550 1108 2793 1191 signan-

333 1205 429 1268 ter
459 1204 629 1282 dicit,
654 1208 920 1286 propter
963 1225 1110 1283 vos;
1140 1208 1287 1288 quia
1320 1207 1518 1271 omnis
1565 1207 1942 1289 dispensatio
1990 1208 2187 1291 petita
2220 1227 2256 1273 a
2287 1209 2566 1293 praelato
2614 1209 2793 1275 debet

327 1307 464 1370 fieri
504 1308 582 1372 ad
626 1307 922 1373 honorem
952 1306 1206 1387 Christi,
1239 1308 1302 1373 in
1332 1308 1510 1374 cuius
1542 1327 1802 1393 persona
1840 1309 2172 1393 dispensat,
2206 1312 2306 1376 vel
2337 1312 2413 1375 ad
2445 1312 2787 1376 utilitatem

327 1408 656 1489 Ecclesiae,
691 1430 851 1493 quae
881 1413 977 1476 est
1006 1412 1139 1476 eius
1169 1430 1390 1495 corpus
1421 1436 1483 1476 ».

422 1534 462 1570 α
495 1512 595 1576 Ita
642 1532 789 1598 ergo
834 1513 1181 1600 intelligere
1210 1532 1541 1597 possumus
1570 1515 1785 1579 fecisse
1817 1516 2039 1579 Deum.
2072 1515 2154 1578 Et
2184 1517 2333 1581 tunc
2376 1536 2499 1581 non
2546 1515 2788 1599 dispen-

329 1615 510 1678 satur
540 1614 605 1679 in
635 1615 770 1680 iure
806 1616 1036 1695 divino,
1085 1618 1275 1700 prout
1320 1617 1631 1702 significat
1664 1618 1868 1701 legem
1915 1618 2285 1691 naturalem,
2318 1619 2380 1682 in
2413 1638 2535 1699 qua
2568 1618 2790 1682 forma-

325 1716 472 1781 liter
515 1718 583 1782 et
625 1719 868 1802 proprie
911 1719 1322 1803 dispensanda
1357 1720 1699 1785 involvitur
1727 1718 2140 1803 repugnantia
2185 1721 2402 1783 contra
2436 1720 2788 1783 naturalem

327 1819 749 1898 honestatem3
800 1822 906 1887 sed
953 1824 1050 1889 est
1094 1822 1472 1906 dispensatio
1519 1822 1582 1886 in
1626 1823 1762 1887 iure
1802 1822 2011 1887 divino
2058 1840 2164 1905 per
2193 1823 2414 1887 votum
2460 1822 2785 1904 acquisito,

327 1921 498 2004 quod
528 1941 644 1988 suo
673 1924 858 1989 modo
891 1924 969 1988 ad
1000 1925 1313 2007 quoddam
1348 1926 1585 1989 factum
1616 1923 1902 2008 pertinet,
1951 1927 2257 2007 quatenus
2289 1924 2387 1988 ius
2419 1925 2570 1989 dicit
2600 1925 2788 1990 actio-

330 2045 472 2090 nem
520 2026 598 2089 ad
644 2026 922 2092 debitum
969 2028 1068 2092 vel
1099 2029 1174 2091 ut
1202 2027 1355 2093 dicit
1399 2027 1762 2092 dominium.
1804 2026 1939 2106 Quo
1985 2028 2171 2092 modo
2219 2028 2481 2110 possunt
2509 2027 2787 2092 homines

321 2127 444 2192 dici
491 2127 945 2212 dispensatores
989 2130 1224 2195 iurium
1269 2149 1378 2195 seu
1423 2131 1727 2195 bonorum
1776 2130 1953 2193 Dei...
2002 2129 2165 2193 Nam
2197 2130 2250 2194 si
2289 2132 2549 2213 possunt
2579 2131 2787 2195 remit-

324 2232 458 2295 tere
505 2232 778 2313 peccata,
826 2232 1053 2315 quibus
1086 2233 1271 2297 homo
1303 2234 1569 2297 maxime
1600 2232 1869 2297 efficitur
1914 2232 2156 2297 debitor
2187 2232 2321 2309 Dei,
2356 2232 2504 2313 quid
2535 2233 2783 2311 mirum,

323 2336 375 2398 si
423 2333 672 2416 possint
701 2334 1019 2399 remittere
1065 2334 1274 2399 debita
1319 2336 1800 2419 promissionum
1846 2335 1978 2399 Deo
2026 2335 2380 2399 factarum?
2410 2334 2547 2399 Hoc
2590 2336 2788 2419 igit-ur

319 2437 507 2502 modo
556 2437 778 2501 votum
823 2439 1068 2503 mutare
1097 2457 1220 2502 non
1252 2438 1348 2502 est
1382 2441 1597 2503 contra
1644 2438 1845 2522 legem
1891 2436 2240 2503 naturalem
2286 2436 2573 2501 reddendi
2606 2439 2780 2514 vota;

319 2541 472 2624 quia
517 2540 617 2605 lex
662 2539 787 2604 ista
818 2540 1021 2606 solum
1055 2540 1249 2626 exigit
1277 2540 1856 2605 immutabilitatem
1888 2540 1950 2606 in
1992 2538 2318 2606 voluntate
2362 2539 2784 2623 promittentis

322 2645 455 2709 sine
502 2662 806 2708 consensu
852 2644 1253 2727 promissarii,
1302 2662 1424 2709 non
1472 2644 1682 2709 autem
1727 2644 1839 2709 illo
1885 2644 2306 2709 consentiente
2358 2645 2455 2708 vel
2500 2644 2624 2709 iuri
2670 2663 2783 2709 suo

319 2747 573 2813 cedente
621 2766 730 2829 per
774 2766 838 2812 se
885 2749 998 2811 aut
1043 2767 1150 2831 per
1194 2766 1379 2812 suum
1425 2747 1726 2811 vicarium
1758 2772 1819 2811 ».
1860 2746 2038 2812 Suar.
2071 2746 2113 2812 1.
2147 2768 2199 2811 c.

407 2848 572 2923 416.
615 2849 832 2916 Solum
878 2850 1073 2916 videri
1103 2852 1310 2934 potest
1339 2849 1546 2933 (Suar.
1578 2851 1620 2915 1.
1654 2870 1706 2915 c.
1734 2870 1793 2914 n.
1835 2851 1965 2934 16.)
2012 2850 2366 2914 huiusmodi
2405 2850 2781 2915 ablationem

317 2958 456 3023 voti
503 2974 628 3021 non
674 2973 805 3019 esse
851 2954 1390 3038 dispensationem,
1428 2954 1533 3019 sed
1565 2953 1988 3018 remissionem
2025 2953 2244 3030 debiti3
2280 2953 2442 3017 sicut
2477 2954 2663 3017 homo
2694 2974 2785 3017 re-

319 3058 582 3125 mittens
614 3057 892 3121 debitum
924 3057 1332 3139 promittenti,
1367 3074 1489 3120 non
1521 3054 1857 3137 dispensat,
1884 3053 1988 3117 sed
2026 3053 2219 3117 donat
2254 3054 2352 3117 ius
2384 3071 2632 3116 suum...
2667 3052 2783 3117 Sed

319 3159 439 3226 hae
488 3160 883 3242 quaestiones
923 3158 998 3222 de
1043 3159 1290 3223 nomine
1329 3159 1577 3221 tantum
1624 3156 1789 3219 sunt.
1841 3154 2187 3217 Fatendum
2232 3171 2449 3234 nempe
2481 3153 2593 3228 est,
2628 3153 2785 3216 hanc

318 3283 455 3328 esse
493 3262 810 3345 quandam
844 3260 1038 3325 debiti
1065 3260 1490 3324 remissionem
1521 3257 1769 3321 nomine
1801 3255 1915 3319 Dei
1947 3255 2198 3331 factam,
2237 3271 2396 3335 quae
2427 3254 2634 3336 potest
2663 3253 2785 3318 dici

319 3365 640 3430 absolutio
672 3364 772 3428 vel
801 3363 1103 3428 relaxatio
1136 3365 1200 3427 et
1229 3362 1321 3425 ita
1352 3359 1603 3425 tollitur
1639 3357 1922 3441 quaestio
1961 3356 2034 3420 de
2071 3356 2350 3420 nomine:
2390 3357 2600 3419 tamen
2638 3355 2785 3437 quia

313 3487 443 3534 non
494 3469 661 3532 Deus
703 3466 1079 3544 immediate,
1128 3464 1233 3530 sed
1264 3482 1371 3547 per
1401 3482 1586 3527 suum
1632 3461 1934 3525 vicarium
1971 3461 2035 3524 et
2065 3459 2244 3541 quasi
2275 3458 2779 3543 dispensatorem,

314 3574 482 3636 hanc
527 3570 953 3635 remissionem
999 3569 1169 3647 facit,
1218 3567 1353 3632 ideo
1400 3566 1621 3632 merito
1670 3565 1898 3629 dicitur
1949 3563 2346 3647 dispensatio,
2395 3582 2468 3628 eo
2515 3564 2612 3627 vel
2657 3583 2785 3627 ma-

313 3676 484 3740 xime
529 3675 701 3757 quod
731 3692 852 3739 non
884 3673 1145 3738 vocatur
1189 3670 1566 3754 dispensatio
1612 3668 1675 3732 in
1723 3669 2068 3751 praecepte,
2103 3666 2209 3731 sed
2239 3667 2302 3730 in
2336 3669 2516 3743 voto;
2552 3686 2623 3730 ex
2660 3685 2784 3748 qua

309 3778 388 3842 fit
437 3781 516 3843 ut
562 3777 763 3840 cesset
810 3775 1112 3861 obligatio
1159 3773 1470 3857 praecepti
1514 3769 1804 3835 reddendi
1849 3773 2088 3844 votum,
2135 3770 2284 3833 licet
2315 3770 2377 3833 in
2415 3790 2487 3834 ea
2524 3787 2644 3832 non
2692 3769 2785 3831 di-

308 3901 339 3945 s
423 3880 665 3944 nsetur.

343 3900 502 4048 peEx
525 3983 627 4047 his
658 3980 1063 4065 intelligenda
1087 3980 1182 4044 vis
1206 3978 1545 4044 sententiae
1570 3996 1618 4040 s,
1638 3976 1959 4058 Alphonsi,
1987 3974 2093 4038 ubi
2118 3973 2270 4035 dicit
2290 3973 2397 4036 lib.
2429 3973 2486 4034 1.
2513 3992 2572 4035 n.
2606 3967 2793 4034 1893

317 4112 352 4146 ‹
378 4083 650 4151 Certum
682 4084 797 4160 est,
831 4081 1196 4147 Pontificem
1227 4083 1290 4146 et
1325 4079 1648 4144 Praelatos
1694 4078 2046 4160 dispensare
2090 4093 2268 4157 posse
2314 4075 2376 4137 in
2423 4073 2605 4148 votis,
2645 4092 2785 4134 cum

305 4191 379 4253 in
410 4188 520 4253 his
554 4189 789 4270 yerant
805 4185 998 4248 vicem
1027 4182 1154 4247 Dei
1182 4209 1245 4247 ».

398 4286 567 4361 417.
609 4289 695 4352 Et
732 4287 900 4351 dicta
936 4287 1250 4367 hueusque
1281 4284 1492 4349 valent
1514 4283 1700 4348 etiam
1728 4280 1922 4344 relate
1953 4279 2031 4343 ad
2061 4279 2431 4354 iuramenta,
2467 4277 2527 4340 in
2559 4276 2784 4358 quibus

306 4394 569 4478 proprie
605 4391 785 4456 nulla
816 4388 1140 4453 intercedit
1169 4387 1565 4477 dispensatio.
1599 4384 1761 4448 Nam
1810 4383 1903 4446 vel
1954 4380 2256 4465 obligatio
2304 4381 2652 4444 iuramento
2690 4379 2789 4441 fir-

299 4499 491 4562 mata
515 4492 871 4560 remittitur
907 4509 944 4554 a
974 4489 1271 4554 creditore
1301 4490 1429 4554 sive
1461 4490 1539 4553 ab
1570 4507 1661 4565 eo,
1686 4487 1750 4549 in
1789 4485 1965 4550 cuius
2002 4485 2235 4548 bonum
2265 4483 2429 4547 cedit
2457 4481 2784 4566 promissio

301 4601 446 4665 iam
500 4596 851 4680 acceptata,
887 4594 950 4656 et
986 4591 1073 4656 sic
1115 4609 1238 4655 non
1284 4592 1512 4656 dicitur
1557 4587 1956 4672 dispensatim
2006 4587 2111 4651 sed
2156 4585 2525 4650 condonatio
2561 4586 2672 4648 aut
2702 4601 2791 4645 re-
