3529 5158
349 357 492 427 [670]
757 370 909 419 Qun>
945 370 1268 416 Paeonum
1303 370 1592 412 nonum
1627 370 1706 410 m
1743 369 2016 412 vamum
2051 370 2403 411 mamam·
2694 357 2802 412 589

1377 583 1647 650 CAPUT
1696 585 1778 649 II.

826 777 905 826 DE
950 776 1237 824 PEccATtS
1278 776 1346 823 IN
1392 775 1601 823 SPEGIE
1633 775 1905 823 MORTALI
1950 776 2027 822 ΕΤ
2073 775 2324 824 VENIALI

1441 968 1604 1032 Dus.
1656 968 1705 1032 Ι.

925 1121 1094 1203 Quid
1122 1122 1211 1185 sit
1228 1125 1549 1201 peccatum
1585 1122 1847 1187 mortale
1880 1126 1942 1187 et
1969 1123 2229 1188 veniale.

438 1296 609 1371 670.
650 1298 820 1379 Quae
852 1300 925 1363 de
956 1300 1181 1363 natura
1211 1298 1447 1381 peccati
1490 1299 1776 1363 mortalis
1809 1301 1873 1365 et
1901 1301 2161 1365 venialis
2199 1300 2506 1385 disputari
2537 1307 2794 1386 queunt,

348 1404 425 1468 ad
470 1402 882 1467 Scholasticos
928 1402 1130 1486 magis
1177 1401 1503 1485 pertinent.
1552 1402 1780 1479 Pauca,
1837 1422 1995 1485 quae
2050 1404 2237 1468 habet
2289 1405 2544 1484 Auctor,
2593 1408 2796 1491 legere

346 1506 608 1589 quisque
631 1525 737 1588 per
767 1525 831 1569 se
862 1506 1086 1588 potest.
1113 1503 1178 1569 Si
1202 1524 1325 1587 qua
1348 1504 1512 1568 enim
1533 1503 1817 1588 indigent
1840 1505 2051 1588 aliqua
2082 1506 2513 1585 declaratione,
2547 1509 2803 1574 inferius

347 1607 865 1691 explanabuntur.

437 1713 601 1775 Ante
626 1711 833 1774 omnia
857 1710 1127 1783 adverte,
1152 1709 1317 1791 quod
1341 1729 1389 1773 s.
1425 1709 1779 1793 Alphonsus
1803 1731 1863 1774 n.
1891 1711 1994 1774 52.
2029 1713 2334 1792 quaedam
2363 1714 2550 1780 habet
2575 1717 2800 1781 notatu

346 1812 733 1898 dignissima,
768 1812 876 1876 ubi
920 1813 1149 1889 monet,
1198 1831 1273 1876 ne
1317 1811 1487 1875 facili
1518 1813 1582 1876 et
1619 1812 1748 1876 sine
1785 1811 2115 1878 manifesta
2152 1815 2392 1879 ratione
2424 1817 2799 1894 statuamuS,

347 1915 672 2002 quidpiam
702 1915 819 1978 sub
850 1915 1027 1999 gravi
1062 1914 1359 1998 obligare.

447 2042 483 2076 ‹
514 2017 679 2082 Bene
722 2016 823 2080 hic
868 2016 1328 2093 advertendum,
1380 2016 1490 2092 ait,
1539 2016 1601 2080 id
1639 2017 1806 2098 quod
1840 2018 1931 2081 ait
1959 2018 2320 2103 Roncaglia,
2355 2039 2570 2102 nempe
2618 2021 2802 2102 quod,

350 2121 457 2186 ubi
494 2119 738 2184 clarum
766 2139 894 2183 non
930 2123 1041 2193 est,
1090 2119 1341 2201 aliquod
1386 2139 1516 2184 esse
1553 2122 1876 2203 peccatum
1912 2122 2194 2199 mortale,
2235 2141 2357 2188 non
2389 2143 2676 2207 praeceps
2724 2124 2807 2189 sit

351 2222 758 2288 confessarius
781 2222 843 2286 in
875 2221 1222 2299 iudicando,
1249 2222 1525 2304 aliquam
1547 2224 2103 2307 transgressionem
2128 2243 2257 2289 esse
2289 2245 2544 2309 gravem
2570 2229 2632 2289 et
2657 2228 2804 2292 talis

349 2326 585 2410 peccati
613 2344 790 2391 reum
814 2344 999 2389 suum
1021 2325 1436 2408 poenitentem
1460 2326 1865 2407 pronunciare
1897 2326 2039 2407 (aut
2069 2328 2429 2411 scrupulum
2460 2329 2515 2392 ei
2553 2329 2802 2394 iniicere

350 2447 462 2511 pro
494 2428 756 2509 futuro).
790 2427 1036 2492 Etenim
1059 2426 1238 2491 valde
1262 2427 1675 2510 periculosum
1706 2431 1801 2492 est
1832 2428 2218 2493 confessariis
2250 2430 2542 2495 damnare
2569 2430 2804 2514 aliquid

353 2531 429 2596 de
451 2531 633 2615 culpa
662 2530 860 2617 gravi,
896 2529 1002 2595 ubi
1038 2528 1341 2594 certitudo
1371 2550 1498 2594 non
1528 2529 1741 2605 elucet,
1768 2534 1841 2597 ut
1873 2530 2084 2597 docuit
2115 2551 2163 2598 s.
2197 2532 2468 2598 Thomas
2494 2532 2714 2614 Quodl.
2745 2536 2806 2600 9.

355 2637 473 2698 art.
511 2635 614 2697 15.
646 2634 884 2698 dicens:
919 2657 954 2692 ‹
978 2631 1192 2697 Omnis
1216 2634 1518 2716 quaestio,
1552 2635 1616 2697 in
1654 2653 1778 2715 qua
1800 2634 1873 2698 de
1897 2637 2147 2718 peccato
2178 2636 2433 2701 mortali
2466 2637 2808 2719 quaeritur,

352 2737 474 2801 nisi
496 2755 782 2815 expresse
806 2736 1038 2799 veritas
1059 2733 1380 2813 habeatur,
1414 2736 1752 2819 periculose
1784 2737 2250 2802 determinatur.
2288 2777 2372 2785 —
2397 2739 2478 2805 Et
2500 2740 2807 2805 rationem

355 2839 543 2923 paulo
568 2842 711 2921 post
749 2836 1023 2914 adducit3
1059 2838 1206 2920 quia
1232 2875 1317 2884 —
1349 2857 1536 2916 error,
1570 2859 1692 2921 quo
1718 2839 1989 2904 creditur
2021 2860 2151 2905 esse
2181 2843 2466 2918 mortale,
2494 2843 2661 2924 quod
2691 2861 2814 2908 non

357 2942 453 3006 est
480 2942 767 3016 mortale,
815 2961 887 3005 ex
917 2941 1289 3006 conscientia
1332 2941 1495 3026 ligat
1541 2941 1618 3005 ad
1648 2942 1932 3006 mortale.
1982 2941 2371 3026 Quapropter
2403 2944 2493 3007 ait
2531 2964 2578 3007 s.
2613 2944 2813 3009 Anto-

354 3045 565 3111 ninus:
594 3081 677 3092 —
710 3044 848 3108 Nisi
876 3043 1179 3108 habeatur
1206 3045 1551 3107 auctoritas
1582 3063 1877 3123 eapressa
1913 3063 1964 3107 s.
2001 3041 2367 3123 Scripturae
2398 3047 2512 3109 aut
2544 3043 2812 3110 Canonis

358 3152 470 3213 aut
505 3147 1036 3212 determinationis
1081 3147 1388 3211 Ecclesiae
1435 3146 1531 3209 vel
1577 3145 1824 3209 evidens
1871 3146 2053 3221 ratic,
2094 3146 2608 3228 periculosissime
2650 3148 2811 3226 (pee-

359 3254 567 3313 catum
592 3249 887 3330 mortale)
920 3250 1431 3315 determinatur...
1464 3246 1627 3310 Nam
1652 3247 1703 3310 si
1735 3246 2195 3323 determinetur,
2231 3246 2396 3329 quod
2427 3247 2516 3311 ibi
2549 3248 2632 3311 sit
2656 3268 2815 3312 mor-

360 3353 508 3430 tale,
541 3354 606 3417 et
632 3372 753 3417 non
791 3353 876 3416 sit
919 3352 1203 3428 mortale,
1252 3350 1529 3433 peccabit
1573 3350 1790 3412 contra
1821 3348 2077 3424 faciens3
2115 3350 2261 3431 quia
2295 3369 2473 3414 omne
2504 3350 2670 3431 quod
2717 3353 2813 3415 est

360 3459 577 3521 contra
609 3455 1066 3532 conscientiam,
1107 3453 1390 3518 aedificat
1436 3450 1515 3515 ad
1544 3451 1908 3536 gehennam.
1950 3488 2036 3497 —
2065 3451 2229 3516 Hinc
2260 3452 2809 3531 animadvertatur,

362 3557 567 3642 pergit
603 3577 651 3622 s.
684 3557 892 3640 Alph.,
930 3557 995 3621 in
1026 3556 1208 3638 quale
1254 3555 1578 3620 discrimen
1616 3573 1680 3618 se
1725 3554 2076 3618 immittant
2110 3555 2224 3632 illi,
2259 3554 2365 3637 qui
2398 3555 2665 3639 rigidam
2712 3556 2815 3621 do·

363 3661 628 3726 ctrinam
664 3661 988 3735 sectantes,
1036 3658 1216 3724 facile
1261 3658 1561 3723 damnant
1604 3657 1884 3722 homines
1917 3657 1990 3722 de
2024 3660 2272 3741 peccato
2319 3660 2573 3722 mortali
2605 3659 2668 3722 in
2715 3660 2813 3730 iis,

361 3763 424 3827 in
446 3763 674 3846 quibus
697 3762 909 3847 gravis
930 3762 1175 3826 malitia
1197 3759 1468 3824 em'denti
1488 3760 1732 3824 ratione
1754 3778 1878 3825 non
1913 3764 2186 3842 apparet,
2222 3779 2325 3824 eos
2351 3760 2437 3823 sic
2462 3760 2812 3842 exponendo

364 3867 635 3948 periculo
681 3865 1098 3930 damnationis
1146 3867 1428 3929 aeternae
1474 3865 1538 3927 et
1580 3862 1746 3927 idem
1777 3861 2099 3927 dicendum
2137 3861 2211 3924 de
2255 3862 2351 3936 iis,
2387 3861 2494 3942 qui
2527 3859 2599 3923 de
2648 3860 2814 3925 facili

363 3971 580 4033 notam
599 3968 880 4033 laxitatis
902 3969 1161 4032 inurunt
1183 3965 1525 4042 sententiis,
1544 3985 1702 4046 qaae
1724 3967 1937 4043 aperte
1965 3962 2400 4043 improbabiles
2429 3983 2556 4026 non
2581 3967 2732 4026 sunt
2753 3988 2814 4028 ».

367 4071 447 4135 Et
491 4072 630 4136 dein
674 4073 970 4136 lectorem
1015 4070 1284 4136 remittit
1329 4069 1406 4133 ad
1452 4089 1543 4145 ea,
1586 4087 1743 4149 quae
1789 4067 1862 4130 de
1908 4068 2024 4131 hoc
2062 4069 2428 4151 argumento
2468 4065 2709 4131 dixerat
2755 4067 2819 4130 in

366 4174 571 4239 Tract.
612 4173 687 4238 de
726 4172 1154 4238 Conscientia:
1192 4173 1417 4255 quibus
1450 4171 1575 4236 alia
1606 4170 1779 4235 addit
1813 4171 1877 4234 in
1915 4169 2120 4234 Tract.
2156 4169 2230 4232 de
2261 4167 2688 4232 Poenitentia.

480 4331 668 4385 XXIX.
697 4334 844 4397 Resp.
884 4334 925 4384 Ι.
950 4333 1154 4385 Mortale
1179 4337 1270 4392 est,
1295 4330 1427 4395 quod
1452 4332 1515 4381 ob
1543 4327 1620 4382 sui
1647 4327 1952 4392 gravitatem,
1972 4328 2177 4393 gratiam
2205 4333 2253 4380 et
2279 4326 2540 4380 amicitiam
2578 4341 2686 4380 cum
2721 4328 2826 4381 Deo

373 4414 519 4469 solvit
558 4430 861 4482 poenamque
887 4423 1130 4469 aeternam
1158 4421 1386 4468 meretur.
1414 4413 1599 4467 Dicitur
1623 4414 1857 4479 mortale3
1883 4412 1994 4478 quia
2034 4410 2306 4480 spiritualis
2344 4411 2476 4466 vitae
2514 4409 2825 4480 principium,

371 4500 572 4565 gratiam
611 4501 803 4556 scilicet
839 4501 1150 4562 habitualem,
1169 4499 1298 4554 tollit
1336 4505 1384 4552 et
1421 4506 1622 4552 mortem
1664 4497 1850 4551 animae
1888 4500 2042 4551 arrei-t.

481 4585 686 4640 Veniale
712 4594 803 4651 est,
828 4588 960 4652 quod
995 4588 1058 4639 ob
1093 4598 1231 4638 suam
1268 4583 1513 4637 levitatem
1550 4583 1750 4648 gratiam
1788 4587 1839 4635 et
1875 4581 2132 4636 amicitiam
2170 4596 2263 4635 non
2289 4581 2434 4645 tollit,
2458 4579 2550 4635 etsi
2576 4584 2819 4634 servorem
