3529 5158
385 315 531 391 [566]
1037 334 1425 375 umnam-Ario
1461 335 1832 378 amemus
1865 336 2185 380 snusva
2737 329 2844 383 515

478 424 652 498 565.
692 428 1025 515 Allegatur
1068 433 1133 495 et
1172 431 1498 515 Laymann
1543 431 1649 496 lib.
1689 433 1746 496 1.
1774 433 1853 497 tr.
1888 434 1951 496 3.
1983 452 2116 516 cap.
2144 435 2204 498 6.
2238 455 2297 499 n.
2337 437 2438 500 12.
2472 435 2591 501 Sed
2627 441 2842 504 contra

390 531 476 595 ibi
500 532 823 616 Laymann
856 534 1151 610 concedit,
1182 533 1659 600 delectationem
1689 535 2059 601 rationalem
2087 537 2327 604 licitam
2358 557 2509 616 esse,
2541 540 2844 610 110611110-

386 635 548 706 neat,
599 653 722 698 non
765 655 941 700 secus
970 655 1045 700 ac
1078 637 1316 701 Auctor
1360 638 1589 713 noster,
1622 638 1689 702 in
1726 638 1901 720 praxi
1945 640 2356 722 periculosam
2393 661 2541 708 esse.
2575 641 2677 707 Sic
2704 643 2838 707 ille:

390 761 424 792 α
455 733 744 801 Ceterum
790 739 1061 815 tametsi,
1110 759 1218 822 per
1262 758 1327 804 se
1371 739 1699 820 loquendo,
1736 739 1920 818 idem,
1969 742 2135 822 quod
2180 741 2254 806 de
2300 744 2561 828 coniuge
2606 743 2842 809 dictum

386 838 528 914 fuit,
579 839 653 903 de
691 839 879 905 vidua
915 859 1163 923 quoque
1192 841 1315 906 dici
1344 842 1560 924 possit,
1609 842 1905 908 nimirum
1933 843 2286 908 mortaliter
2315 863 2443 909 non
2472 865 2755 924 peccare,
2787 846 2844 911 si

385 943 606 1007 oborta
651 944 1034 1027 cogitatione
1062 945 1319 1027 copulae
1357 944 1623 1008 carnalis
1666 964 1809 1008 cum
1845 945 2075 1010 marito
2107 945 2414 1024 defunctO,
2455 967 2591 1012 eam
2631 948 2843 1014 volun-

272 1108 277 1114 ,
381 1048 514 1110 tate
562 1049 880 1130 approbet,
914 1049 1078 1112 sicut
1109 1048 1313 1113 videre
1359 1050 1454 1112 est
1492 1048 1655 1130 apud
1686 1047 1992 1129 VasqueZ,
2039 1048 2328 1113 similiter
2373 1049 2446 1114 de
2491 1069 2738 1133 sponso,
2787 1051 2840 1116 si

384 1150 603 1213 oborta
652 1149 1032 1234 cogitatione
1065 1151 1321 1234 copulae
1368 1149 1713 1233 coniugalis
1759 1149 2028 1227 futurae,
2078 1170 2216 1214 eam
2263 1151 2360 1214 vel
2405 1151 2708 1217 desideret
2744 1153 2842 1217 vel

385 1252 653 1336 simplici
683 1253 1030 1318 voluntatis
1078 1252 1396 1318 affectione
1442 1251 1807 1335 approbet...
1853 1252 2140 1333 quamvis
2184 1253 2355 1330 haec,
2386 1253 2663 1334 inquam,
2712 1272 2842 1336 spe-

380 1355 652 1420 culative
698 1374 841 1419 vera
888 1375 1020 1420 effic
1050 1373 1387 1437 ponamus3
1422 1355 1632 1420 tamen
1676 1353 1740 1417 in
1780 1354 1955 1437 praxi
1993 1354 2094 1418 vix
2131 1354 2339 1419 locum
2383 1355 2677 1419 habent...
2714 1373 2839 1420 non

379 1459 585 1523 solum
615 1459 868 1541 propter
898 1458 1241 1541 periculum
1273 1457 1551 1522 eliciendi
1581 1475 1914 1521 consensus
1945 1456 2009 1519 in
2040 1455 2509 1521 fornicationem
2534 1457 2837 1533 absolute,

380 1560 484 1624 sed
522 1561 725 1625 multo
757 1561 962 1643 magis
986 1564 1252 1639 propter
1296 1563 1526 1623 motum
1556 1557 1876 1622 cammlem
1921 1561 1983 1621 et
2023 1559 2407 1632 sensitivam,
2446 1560 2556 1640 qui
2591 1563 2842 1626 natura-

377 1662 523 1726 liter
561 1682 633 1726 ex
670 1662 1052 1744 cogitatione
1097 1663 1367 1735 coortuS,
1416 1661 1470 1724 si
1504 1661 1832 1725 volumtate
1879 1663 2249 1743 acceptetur,
2296 1661 2550 1726 mortali
2587 1665 2837 1745 peccato

381 1765 445 1828 in
491 1764 773 1846 innuptis
817 1782 942 1829 non
988 1765 1158 1827 caret
1188 1787 1250 1826 ³».

468 1865 619 1929 Inde
649 1866 827 1947 ponit
855 1866 1085 1930 thoeim
1126 1865 1277 1929 ibid.
1316 1884 1376 1928 11.
1414 1865 1552 1928 13.:
1598 1889 1634 1923 ι
1665 1864 1819 1930 Dico
1853 1865 2056 1950 igitur
2090 1866 2211 1941 11.;
2244 1867 2596 1932 mortaliter
2624 1869 2838 1949 peccat

380 1966 591 2042 vidua,
626 1968 680 2030 si
712 1968 1063 2032 voluntarie
1092 1967 1439 2032 consentiat
1483 1967 1547 2031 in
1594 1969 1840 2034 motum
1871 1967 2296 2032 delectationis
2339 1970 2691 2043 censitione,
2730 1970 2839 2051 qui

376 2089 447 2133 ex
478 2069 903 2135 recordatione
939 2071 1199 2153 copulae
1233 2070 1542 2134 maritalis
1573 2071 1946 2136 naturaliter
1970 2072 2203 2148 oritur3
2235 2091 2394 2153 quae
2424 2075 2520 2137 est
2557 2072 2834 2137 omnium

382 2174 516 2236 DD.
568 2174 938 2237 sententia...
974 2173 1267 2254 Idemque
1303 2173 1689 2238 sentiendum
1735 2172 1811 2238 de
1857 2193 2101 2257 sponso,
2141 2174 2194 2238 si
2231 2175 2300 2237 in
2330 2176 2691 2238 sensitivam
2737 2174 2837 2239 de-

378 2277 776 2343 lectationem
806 2276 905 2340 vel
936 2276 1137 2340 carnis
1167 2276 1649 2340 commotionem
1680 2295 1749 2340 ex
1780 2276 2161 2359 cogitatione
2193 2277 2391 2341 futuri
2422 2279 2598 2341 actus
2629 2277 2837 2341 coniu-

380 2379 540 2464 galis
563 2381 841 2442 exortam
859 2378 1194 2442 deliberate
1210 2378 1599 2441 consentiant
1612 2402 1651 2436 »
1663 2425 1678 2440 .
1696 2378 2028 2459 Perperam
2044 2398 2190 2463 ergo
2207 2380 2499 2445 invocant
2512 2380 2834 2463 Laymann

373 2481 831 2547 auctoritatem.

460 2583 632 2657 586.
659 2586 959 2669 Allegant
989 2585 1053 2649 et
1079 2584 1244 2650 Azor
1266 2586 1424 2668 part.
1452 2585 1507 2648 1.
1535 2584 1643 2647 lib.
1670 2584 1732 2647 4.
1759 2600 1895 2666 cap.
1923 2583 1983 2646 6.
2010 2604 2069 2665 q.
2095 2584 2157 2648 6.
2186 2584 2419 2649 Verum
2441 2586 2605 2651 Azor
2633 2585 2835 2668 reipsa

380 2689 626 2771 culpam
674 2687 901 2770 reperit
930 2687 995 2751 in
1033 2687 1441 2752 delectatione
1476 2688 1727 2752 tantum
1757 2686 2055 2757 sensitiva
2104 2706 2176 2751 ac
2221 2685 2495 2763 venerea,
2536 2707 2658 2752 non
2688 2707 2831 2754 vero

374 2792 436 2855 in
485 2790 798 2855 rationali.
848 2790 949 2853 lta
984 2790 1118 2853 ille:
1159 2813 1194 2847 «
1226 2787 1514 2854 Ceterum
1557 2791 1624 2854 in
1669 2790 1787 2854 hac
1833 2786 2194 2872 quaestione
2240 2808 2363 2854 non
2408 2789 2654 2857 videtur
2701 2810 2830 2856 esse

375 2912 603 2977 magna
634 2892 992 2956 difficultas
1025 2891 1140 2955 Est
1168 2892 1334 2956 enim
1370 2892 1673 2958 eiusmodi
1703 2892 2033 2958 delectatio
2072 2893 2135 2956 in
2173 2892 2377 2957 viduis
2407 2895 2728 2975 peccatum
2760 2913 2832 2957 ex

369 3016 482 3061 suo
514 3014 735 3080 genere
781 3013 989 3078 grave.
1022 2994 1187 3059 Nam
1217 2996 1271 3059 si
1306 2995 1496 3060 vidua
1538 2995 1895 3059 maritalem
1925 2995 2311 3076 complexum
2340 2996 2567 3063 mentis
2597 2995 2831 3077 cogita-

375 3098 547 3163 tione
567 3096 878 3179 concipiat
909 3098 1208 3178 tanquam
1233 3100 1635 3178 praesentem,
1660 3097 1753 3160 ita
1779 3098 1852 3160 ut
1874 3095 2231 3179 coniugales
2255 3095 2592 3177 amplexuS,
2619 3095 2831 3160 oscula

366 3202 430 3263 et
466 3202 674 3264 tactus
727 3199 1095 3282 praeteritos
1143 3198 1351 3262 animo
1385 3217 1498 3262 suo
1536 3198 1737 3280 fingat
1783 3216 1856 3260 ac
1901 3216 2110 3261 secum
2146 3195 2478 3278 cogitando
2517 3196 2732 3261 volvat
2767 3197 2833 3259 et

357 3321 446 3367 ea
493 3303 685 3367 animi
712 3303 1097 3387 cogitatione
1126 3302 1353 3365 excitet
1388 3300 1861 3365 delectationem
1891 3301 1956 3364 in
1989 3300 2272 3382 appetitu
2303 3300 2401 3363 vel
2446 3318 2648 3375 sensu,
2683 3302 2831 3363 tunc

369 3406 424 3468 si
470 3406 533 3469 in
581 3424 717 3470 eam
764 3404 1129 3482 consentiat,
1179 3402 1395 3486 procul
1440 3402 1626 3466 dubio
1673 3402 1852 3466 letali
1896 3402 2078 3485 culpa
2122 3404 2395 3466 mentem
2441 3403 2506 3465 et
2551 3401 2829 3469 animum

369 3509 807 3584 commaculat,
840 3508 1095 3572 tametsi
1125 3507 1369 3571 nullum
1400 3505 1571 3570 aliud
1601 3524 1933 3571 consensus
1957 3505 2056 3570 vel
2078 3504 2314 3587 peccati
2344 3504 2688 3589 periculum
2710 3504 2830 3569 sibi

367 3613 553 3676 creet.
585 3609 897 3690 Quoniam
941 3610 1090 3674 licet
1120 3611 1297 3673 actus
1328 3609 1647 3692 praeteriti
1693 3608 2052 3691 coniugales
2082 3628 2147 3673 re
2177 3608 2314 3692 ipsa
2343 3608 2506 3674 inter
2535 3609 2828 3692 coniuges

364 3714 509 3779 boni
533 3714 787 3791 fuerint,
819 3713 973 3778 iusti
997 3714 1061 3776 et
1082 3712 1345 3788 honesti,
1373 3731 1516 3775 cum
1544 3714 1755 3776 tamen
1786 3711 1881 3775 illi
1911 3712 2213 3792 tanquam
2245 3713 2594 3794 praesentes
2618 3710 2826 3775 animo

369 3817 806 3899 concipiuntur
843 3816 921 3881 ab
957 3815 1054 3892 iis,
1088 3815 1197 3897 qui
1227 3814 1627 3878 matrimonio
1666 3814 1859 3878 soluti
1891 3813 2022 3877 iam
2054 3815 2222 3889 sunt,
2255 3814 2308 3876 si
2339 3812 2730 3877 voluntatem
2765 3813 2829 3875 et

364 3920 647 3983 animum
691 3938 806 3984 sua
852 3917 1237 3982 iucunditate
1270 3919 1334 3980 et
1363 3915 1769 3980 delectatione
1814 3914 2135 3991 deliniant,
2182 3915 2366 3995 culpa
2410 3931 2533 3978 non
2577 3914 2823 3989 carent3

364 4022 663 4104 quoniam
710 4020 1013 4086 eiusmodi
1058 4018 1387 4084 delectatio
1435 4019 1531 4082 est
1576 4018 1649 4082 de
1695 4018 1862 4095 actu,
1902 4017 2011 4099 qui
2055 4017 2120 4080 in
2166 4035 2257 4095 eo,
2308 4016 2416 4097 qui
2459 4015 2824 4094 delectatur,

369 4125 640 4207 amplius
678 4122 1025 4207 coniugalis
1052 4141 1178 4187 non
1206 4124 1321 4186 est.
1356 4121 1571 4186 Omnis
1603 4122 1816 4186 autem
1852 4119 2180 4185 delectatio
2212 4139 2286 4184 cx
2313 4121 2434 4185 viri
2464 4122 2530 4186 et
2562 4119 2825 4184 feminae

370 4226 696 4308 complexu
740 4227 1028 4309 percepta
1073 4228 1246 4290 extra
1280 4224 1635 4310 legitimum
1681 4222 2063 4308 coniugium,
2109 4222 2439 4287 libidinosa
2473 4224 2538 4287 et
2567 4240 2825 4289 venerea

359 4330 455 4392 est
505 4330 571 4393 et
619 4330 946 4412 propterea
981 4328 1150 4392 mala
1194 4328 1261 4393 et
1303 4329 1568 4405 vitiosa3
1604 4347 1742 4393 eam
1787 4326 2178 4392 solummodo
2224 4328 2478 4391 excusat
2513 4326 2824 4392 maritalis

371 4450 757 4517 congressus
784 4429 849 4495 Si
873 4432 1027 4496 item
1051 4450 1123 4496 ex
1150 4432 1449 4496 memoria
1482 4433 1658 4496 actus
1682 4430 2051 4516 coniugalis,
2076 4430 2183 4513 qui
2215 4429 2553 4513 praeteriit,
2587 4428 2826 4493 oriatur

362 4536 428 4598 et
462 4535 688 4618 surgat
721 4534 785 4598 in
832 4532 1118 4616 appetitu
1149 4534 1247 4598 vel
1277 4552 1461 4598 sensu
1491 4533 1840 4612 delectatio,
1874 4552 2064 4616 quam
2094 4552 2209 4598 sua
2247 4533 2465 4616 sponte
2511 4532 2698 4597 vidua
2730 4551 2825 4595 ac-
