3529 5158
1062 365 1146 404 na·
1184 362 1707 407 PROMULGAUONE
1744 360 1927 402 nmis
1963 359 2354 403 PONTIFIGIAE’
2841 342 2955 398 719

490 464 666 529 unice
710 462 882 527 dicit.
923 463 990 526 1ο
1027 462 1183 526 duos
1231 479 1469 526 menses
1517 457 1786 533 concedi,
1821 458 1885 522 in
1926 457 2151 539 quibus
2191 454 2450 539 allegari
2490 454 2689 538 possit
2717 454 2782 518 in
2820 454 2954 518 foro

489 568 738 630 externo
786 562 1143 649 ignorantia
1191 563 1363 640 111113,
1402 582 1478 626 113
1512 562 1768 626 verbum
1801 559 2051 643 quidem
2088 559 2319 622 habens
2350 556 2424 621 de
2455 555 2958 639 promulgatione

490 667 767 733 facienda
812 667 877 731 in
923 666 1290 750 provinciis:
1342 667 1412 728 2⁰
1443 664 1719 729 excusari
1752 682 1790 726 a
1821 662 2071 746 peccato
2120 679 2242 724 non
2291 659 2687 724 observantes
2731 657 2954 742 legem,

489 769 735 852 quando
780 768 1078 835 Pontifice
1130 768 1359 833 sciente
1415 769 1479 831 et
1528 765 1850 841 tolerante,
1899 764 1996 828 lex
2043 783 2080 827 a
2127 759 2428 846 principio
2468 780 2591 825 non
2637 758 2953 842 recipitur.

484 871 901 951 Quamobrem
952 869 1179 935 Suarez
1229 869 1303 933 de
1342 869 1495 950 Ley.
1544 868 1652 932 lib.
1693 868 1754 930 4.
1798 885 1930 949 cap.
1970 865 2072 929 15.
2121 884 2181 929 11.
2231 865 2295 927 3.
2336 863 2670 928 Α11111113111
2718 861 2956 945 allegat

490 993 600 1059 pro
650 974 967 1038 communi
1015 975 1151 1037 tum
1200 972 1276 1035 V.
1312 971 1452 1035 Lex
1483 991 1542 1035 n.
1582 971 1707 1046 11.,
1746 970 1904 1032 111111.
1938 968 2014 1031 V.
2075 966 2453 1031 Cous-litatio
2484 986 2544 1029 n.
2580 965 2640 1028 6.

581 1077 685 1141 23.
721 1075 898 1155 Quod
930 1095 1075 1140 vero
1110 1075 1351 1157 spectat
1389 1073 1466 1138 ad
1504 1071 1894 1137 Ludovicum
1939 1070 2199 1143 Molina,
2250 1088 2386 1133 ecce
2418 1068 2717 1144 doctrina,
2767 1085 2957 1149 quam

487 1179 678 1244 habet
707 1179 864 1262 disp.
908 1178 1059 1241 395.
1095 1176 1169 1239 de
1203 1177 1362 1241 lust.
1399 1179 1460 1238 et
1489 1174 1658 1251 Iure,
1695 1173 1815 1237 ab
1798 1191 1934 1256 ipso
1971 1172 2293 1256 Laymann
2327 1172 2619 1255 allegata.
2651 1169 2717 1233 1⁰
2754 1168 2958 1262 Quae—

487 1282 611 1346 stio
659 1298 784 1345 non
832 1280 927 1345 est
972 1279 1316 1363 generatim
1363 1277 1437 1341 de
1483 1276 1849 1342 necessitate
1886 1274 2408 1358 promulgationis
2445 1274 2656 1357 legum
2704 1271 2960 1337 Pontifi-

485 1385 742 1460 ciarum,
782 1383 888 1447 sed
920 1401 979 1446 n.
1034 1383 1090 1445 1.
1096 1381 1181 1444 -6.
1217 1383 1433 1444 utrum
1480 1379 1705 1462 elapsis
1752 1378 1996 1441 duobus
2034 1376 2351 1441 mensibus
2385 1396 2420 1439 a
2455 1375 2957 1460 promulgatione

488 1487 724 1552 Romae
769 1486 957 1562 faeta,
998 1483 1258 1549 invalidi
1293 1484 1419 1547 sint
1465 1484 1824 1547 contractus
1871 1481 2014 1545 initi
2062 1481 2140 1544 ab
2171 1479 2604 1563 ignorantibus
2641 1477 2890 1562 legem
2874 1496 2960 1540 11·-

490 1590 788 1652 11131113111
834 1587 1074 1650 Romae
1121 1584 1607 1667 promulgatam.
1665 1583 1831 1664 Ergo
1880 1600 2080 1647 sermo
2114 1583 2211 1645 est
2242 1581 2314 1644 de
2353 1600 2520 1657 casu,
2570 1580 2731 1643 circa
2777 1599 2962 1659 quem

495 1707 705 1754 omnes
751 1688 875 1753 1313
907 1686 1147 1761 docent,
1199 1683 1581 1766 aequitatem
1619 1683 1956 1765 postulare,
2008 1683 2083 1747 ut
2127 1683 2224 1747 lex
2273 1701 2395 1745 non
2442 1682 2668 1745 11311331
2713 1681 2843 1744 vim
2890 1699 2960 1745 ex

492 1794 699 1857 mente
730 1789 1130 1875 legislatoris,
1166 1789 1244 1853 ob
1282 1787 1508 1850 damna
1545 1785 1844 1870 ingentia,
1880 1803 2038 1867 quae
2071 1784 2346 1865 alioquin
2379 1784 2781 1864 sequerentur
2804 1782 2961 1845 eitra

492 1896 741 1978 culpam
787 1892 1311 1959 contrahentium.
1359 1890 1524 1974 Ergo
1573 1890 1912 1971 utcumque
1975 1889 2182 1953 solvat
2227 1887 2464 1982 Melina
2511 1887 2958 1969 quaestionem,

492 1997 621 2061 iam
660 1996 737 2060 ad
767 2015 899 2060 rem
928 1996 1207 2059 nostram
1238 1992 1395 2057 nihil
1432 1991 1676 2056 attinet.

675 2100 745 2162 2⁰
768 2098 908 2181 Ipse
937 2118 996 2161 n.
1031 2098 1093 2161 9.
1128 2084 1320 2173 addit,
1359 2114 1481 2159 non
1516 2094 1804 2159 obstante
1841 2094 2227 2159 concessione
2273 2093 2462 2177 spatii
2499 2092 2766 2156 duorum
2796 2111 2964 2156 men-

497 2203 662 2266 sium
707 2204 823 2265 etc.
864 2201 1071 2264 tamen
1119 2199 1321 2282 legem
1373 2198 1589 2261 statim
1628 2196 1906 2281 obligare
1952 2197 2113 2271 illos,
2169 2196 2278 2278 qui
2312 2195 2469 2279 legis
2515 2194 2741 2259 conscii
2789 2195 2957 2258 sunt.

494 2303 687 2368 Porro
711 2304 863 2367 11333
893 2300 1194 2377 doctrina,
1228 2302 1302 2364 ut
1334 2299 1562 2382 pluries
1596 2299 2080 2374 observavimus,
2108 2299 2315 2362 totum
2346 2300 2619 2381 systema
2640 2296 2961 2379 oppositae

494 2404 960 2489 Regalistarum
1005 2402 1319 2468 doctrinae
1367 2402 1612 2484 penitus
1644 2401 1889 2465 evertit.

582 2506 747 2590 Erga
787 2523 1106 2589 perperam
1142 2506 1279 2569 tum
1326 2503 1584 2581 Molina,
1620 2505 1758 2567 tum
1788 2503 2053 2567 Armilla
2095 2503 2467 2587 allegantur.

583 2609 688 2671 24.
724 2607 842 2672 Sed
885 2609 961 2672 ut
1005 2608 1392 2671 revertamur
1439 2605 1516 2671 ad
1564 2606 1970 2691 allegationes
2019 2606 2437 2684 Reiffenstuel,
2472 2605 2574 2670 hic
2619 2605 2811 2682 addit,
2859 2604 2964 2669 do-

499 2710 765 2774 ctrinam
814 2709 1282 2794 Regalistarum
1313 2708 1434 2773 dici
1465 2710 1850 2792 probabilem
1882 2709 1959 2773 ab
1996 2708 2191 2794 Engel
2230 2710 2292 2772 et
2323 2709 2602 2792 Pirhing.

582 2812 779 2893 Atqui
827 2809 993 2893 apud
1039 2810 1234 2895 Engel
1281 2830 1355 2876 ne
1402 2811 1659 2876 verbum
1696 2811 1947 2894 quidem
1996 2813 2282 2877 occurrit.
2323 2812 2405 2877 Et
2436 2831 2582 2876 sane
2629 2814 2963 2896 postquam

496 2915 737 2979 dixerat
782 2913 890 2977 lib.
930 2914 987 2977 1.
1021 2934 1082 2977 11.
1119 2916 1178 2978 2.
1207 2934 1265 2978 11.
1301 2915 1560 2996 63.-76.,
1594 2915 2074 2981 constitutiones
2110 2915 2461 2998 imperiales
2492 2935 2615 2980 non
2664 2915 2960 2999 obligare,

492 3017 611 3081 nisi
660 3015 886 3099 elapsis
920 3015 1161 3080 duobus
1191 3017 1503 3081 mensibus
1543 3035 1576 3079 a
1603 3017 2106 3101 promulgatione
2142 3018 2310 3080 facta
2340 3016 2403 3081 in
2427 3017 2779 3098 provinciiS‚
2819 3037 2964 3083 mox

499 3119 751 3183 subiicit
798 3139 857 3182 11.
899 3118 1041 3182 67.;
1098 3142 1133 3176 «
1166 3117 1441 3200 Speciale
1488 3121 1584 3181 est
1630 3118 1703 3182 de
1751 3118 1898 3183 stilo
1931 3117 2155 3182 Curiae
2187 3119 2506 3183 Romanae
2544 3120 2704 3183 circa
2742 3119 2961 3185 Bullas

496 3218 738 3284 Summi
782 3221 1121 3299 PontificiS,
1163 3221 1327 3303 quod
1366 3221 1494 3284 vim
1532 3221 1803 3284 habeant
1843 3221 2159 3305 obligandi
2184 3222 2645 3304 quamprimum
2676 3223 2738 3285 in
2773 3220 2963 3286 Curia

494 3322 779 3387 Romana
804 3324 1202 3405 publicantur
1247 3326 1311 3387 et
1356 3323 1420 3386 in
1466 3323 1614 3386 Acie
1652 3320 1873 3405 Campi
1911 3323 2133 3388 Florae
2172 3343 2242 3387 ac
2276 3322 2352 3387 ad
2385 3323 2617 3387 Valvas
2655 3323 2962 3388 Basilicas

494 3425 941 3508 Apostolorum
989 3425 1208 3490 affixae
1254 3428 1422 3502 sunt,
1471 3427 1535 3490 et
1571 3425 1634 3489 in
1667 3423 2051 3489 Cancellaria
2088 3426 2449 3509 Apostolica
2481 3445 2591 3509 pro
2629 3426 2962 3510 publicatis

492 3527 863 3591 habentur...
890 3526 1188 3591 Attamen
1215 3527 1313 3591 hic
1338 3528 1521 3591 stilus
1552 3527 1920 3592 limitandus
1958 3530 2072 3605 est,
2115 3531 2187 3593 ut
2218 3527 2280 3592 in
2317 3528 2532 3611 primis
2563 3528 2962 3612 potissimum

494 3629 787 3713 procedat
816 3629 978 3693 circa
1025 3649 1245 3694 causas
1291 3630 1676 3695 beneficiales
1723 3633 1787 3695 et
1834 3631 2088 3708 simileS,
2123 3631 2187 3695 in
2221 3633 2445 3713 quibus
2493 3652 2541 3696 3.
2578 3633 2862 3698 Pontifex
2894 3633 2967 3697 li-

495 3732 707 3796 beram
745 3733 1122 3815 potestatem
1168 3733 1374 3811 habet,
1423 3752 1545 3797 non
1596 3735 1808 3798 autem
1840 3734 2000 3798 31133
2038 3753 2130 3810 33,
2166 3753 2323 3816 quae
2363 3735 2638 3817 proxime
2662 3736 2967 3800 conscien-

496 3835 654 3898 tiam
702 3836 972 3919 tangunt
1018 3835 1110 3916 (et
1158 3836 1307 3901 haec
1350 3837 1448 3899 est
1492 3835 1814 3911 limitatio,
1853 3855 2041 3916 quam
2082 3854 2290 3900 omnes
2339 3837 2667 3920 tenemus),
2701 3839 2776 3901 ut
2807 3837 2968 3900 circa

496 3955 784 4004 censuras
829 3937 1299 4010 ecclesiasticas,
1348 3937 1841 4003 iurisdictionem
1888 3937 2403 4002 confessariorum
2452 3940 2512 4003 in
2577 3940 2716 4004 1313
2765 3940 2971 4022 poeni-

497 4038 745 4103 tentiali
792 4041 943 4114 etc.;
993 4058 1139 4103 nam
1202 4039 1431 4103 similia
1499 4039 1722 4104 debent
1770 4040 1961 4104 etiam
2005 4040 2071 4102 in
2121 4040 2402 4123 partibus
2467 4041 2844 4106 innotescere
2906 4044 2970 4106 et

494 4141 820 4224 publicari,
853 4161 929 4206 ne
969 4141 1330 4226 ignorantes
1376 4143 1611 4223 peccati
1661 4143 2009 4225 arguantur
2054 4142 2155 4206 vel
2205 4142 2551 4224 periculum
2619 4143 2966 4208 animarum

495 4241 880 4309 incurrant...
932 4244 1259 4307 Praeterea
1307 4243 1361 4308 si
1406 4263 1465 4306 v.
1501 4263 1593 4324 gr.
1635 4243 1798 4307 circa
1836 4243 2220 4309 beneficiales
2267 4263 2488 4309 causas
2537 4245 2773 4327 aliquid
2819 4247 2967 4313 novi

496 4343 733 4409 Romae
786 4347 1228 4420 constituatur,
1293 4345 1545 4409 habebit
1583 4345 1832 4426 quidem
1870 4346 2175 4424 effectum,
2225 4347 2279 4412 si
2341 4367 2527 4413 causa
2566 4368 2637 4412 ex
2682 4351 2964 4432 partibus

498 4445 769 4510 Romam
815 4448 1169 4529 perveniat,
1210 4448 1264 4511 si
1311 4466 1453 4512 vero
1503 4448 1565 4512 in
1613 4449 1896 4532 partibus
1928 4449 2293 4534 praesertim
2323 4451 2807 4517 ultramontanis
2840 4453 2966 4539 agi-

499 4550 692 4624 tetur,
742 4548 1077 4613 seeundum
1126 4551 1225 4615 ius
1275 4550 1655 4615 ordinarium
1688 4554 1752 4616 et
1783 4553 2256 4618 consuetudines
2288 4553 2376 4617 ibi
2412 4554 2691 4639 vigentes
2737 4556 2966 4620 iudica-
