3529 5158
323 372 466 448 [157]
569 386 864 429 umnam
904 386 1021 428 Pno
1059 385 1471 428 cournssanro
1509 384 1572 425 m
1612 382 1824 438 sacrm,
1864 381 2172 424 mucuns
2210 382 2414 424 Ac‘rtm
2452 382 2580 423 mc.
2682 370 2788 425 149

326 484 575 566 patrare
608 483 867 560 malum,
910 484 1063 566 puta
1096 481 1585 555 fornicationem,
1626 479 1906 545 iudicans
1937 497 2203 556 erronee,
2236 498 2358 543 666
2390 498 2519 545 6666
2550 482 2787 549 malum

326 584 531 649 solum
564 583 938 649 desiderium
968 585 1332 661 fornicandi,
1373 585 1427 649 si
1456 584 1784 655 fornicatio
1817 582 2017 666 reipsa
2051 602 2170 648 non
2204 589 2500 667 sequatur
2523 611 2584 651 ».

415 686 498 750 Et
532 686 775 751 subdit:
810 712 844 745 «
869 687 1208 753 Affirmant
1238 690 1311 752 ut
1335 686 1717 769 probabilius
1750 684 2018 751 Sanchez
2047 688 2106 751 et
2136 683 2464 764 CardenaS‚
2499 689 2785 770 dicenteS,

329 790 492 853 hunc
540 808 790 872 peccare
837 791 1088 854 tantum
1132 789 1575 866 materialiter;
1625 788 1772 871 quia
1808 788 1955 855 licet
1999 788 2149 852 velit
2189 789 2424 852 malum
2470 791 2786 869 obiectum,

329 894 538 957 tamen
563 892 1009 957 invincibiliter
1032 894 1237 976 putat,
1271 912 1378 976 per
1407 891 1778 958 desiderium
1809 911 1994 956 suum
2023 910 2146 956 non
2174 892 2443 977 irrogari
2466 894 2595 960 Deo
2633 896 2789 961 iniu-

330 996 515 1059 riam.
544 995 726 1060 Hanc
750 998 961 1061 tamen
987 995 1337 1079 opinionem
1363 1015 1679 1077 nunquam
1704 995 2086 1078 probabilem
2110 1012 2350 1060 censere
2382 997 2558 1078 potui
2582 1000 2698 1063 etc.
2726 1025 2786 1065 ».

416 1096 534 1162 Sed
566 1098 961 1176 monendum,
1011 1117 1134 1163 non
1167 1098 1324 1162 hanc
1370 1117 1500 1163 esse
1531 1098 1775 1181 proprie
1812 1097 2257 1180 quaestionem,
2293 1119 2481 1181 quam
2519 1099 2787 1168 Sanchez

330 1201 563 1266 tractat
595 1221 739 1275 cum
770 1201 910 1266 aliis
947 1219 1103 1283 quos
1143 1201 1378 1285 allegat
1409 1198 1591 1266 Croix
1626 1200 1735 1264 lib.
1774 1200 1831 1263 1.
1865 1219 1966 1265 66.
2001 1200 2107 1264 34.
2142 1201 2249 1266 35.

418 1301 690 1368 Sanchez
715 1302 881 1368 enim
904 1302 1150 1386 quaerit
1172 1304 1241 1365 in
1265 1300 1483 1367 Deeaz.
1509 1303 1617 1367 lib.
1649 1304 1705 1367 1.
1740 1321 1874 1385 cap.
1906 1302 2006 1366 16.
2027 1322 2128 1367 nn.
2160 1303 2262 1367 16.
2294 1305 2393 1368 17.
2422 1331 2455 1362 «
2473 1306 2789 1372 11616νί6-

329 1406 595 1470 cibiliter
640 1406 934 1490 ignorans
980 1408 1192 1470 actum
1236 1404 1548 1471 internum
1593 1423 1723 1470 esse
1771 1407 2111 1488 peccatum,
2161 1425 2532 1491 cognoscens
2577 1411 2787 1477 tamen

331 1527 456 1573 esse
472 1509 800 1591 peccatum
823 1509 1033 1572 actum
1057 1509 1396 1585 externum,
1416 1510 1737 1573 excusetur
1760 1527 1798 1572 a
1815 1508 1997 1591 culpa
2022 1510 2232 1573 aetum
2248 1509 2560 1576 internum
2584 1513 2786 1578 solum

328 1611 701 1685 admittens;
734 1613 808 1676 ut
853 1611 907 1675 si
935 1610 1207 1675 rusticus
1255 1609 1563 1674 audiverit
1592 1629 1629 1674 a
1663 1611 1796 1675 viro
1830 1612 2183 1677 existimato
2217 1612 2389 1676 docto
2422 1618 2482 1676 et
2499 1617 2629 1694 pio,
2662 1616 2788 1681 for-

330 1714 707 1779 nicationem
754 1716 817 1779 et
862 1713 1104 1778 furtum
1148 1715 1399 1778 externa
1446 1732 1576 1778 esse
1622 1716 1893 1796 peccata,
1950 1718 2018 1779 at
2063 1715 2246 1780 licere
2291 1717 2631 1783 fornicandi
2678 1724 2789 1786 aut

328 1818 575 1884 furandi
622 1816 992 1882 desiderium
1016 1842 1077 1880 ».

415 1921 563 1986 Pari
610 1919 798 1984 modo
846 1917 1139 2002 proponit
1184 1918 1611 2000 quaestionem
1648 1915 1833 1983 01611
1862 1917 1969 1982 lib.
2015 1920 2072 1983 1.
2108 1939 2166 1983 6.
2202 1921 2339 1985 34.:
2382 1949 2414 1981 «
2439 1923 2536 1987 An
2584 1926 2791 2007 peccet

329 2023 700 2105 formaliter,
733 2022 842 2104 qui
872 2020 1323 2087 invincibiliter
1359 2023 1562 2104 putat,
1610 2020 1981 2086 desiderium
2012 2021 2324 2089 internum
2356 2044 2476 2091 non
2509 2046 2638 2092 esse
2661 2046 2788 2093 ma-

330 2130 480 2203 lum,
516 2127 668 2191 11661
706 2124 883 2203 66161,
919 2124 1085 2207 quod
1124 2126 1301 2189 actus
1332 2123 1757 2189 fornicationis
1795 2126 2080 2189 externus
2113 2126 2196 2190 sit
2226 2127 2428 2193 malus
2453 2154 2514 2192 ».

416 2231 582 2315 Ergo
633 2227 903 2293 Sanchez
950 2231 1014 2292 et
1061 2227 1170 2291 alii
1215 2245 1337 2291 non
1368 2228 1695 2309 quaerunt,
1731 2229 1947 2292 utrum
1992 2228 2172 2293 detur
2203 2213 2372 2296 error
2401 2232 2786 2300 invincibilis

331 2334 489 2399 61166
520 2331 837 2396 malitiam
882 2329 1058 2413 pravi
1094 2329 1266 2394 illius
1312 2329 1596 2397 desiderii
1641 2330 1829 2412 (quae
1861 2332 1956 2395 est
1986 2333 2267 2413 quaestio
2317 2353 2351 2397 a
2385 2354 2432 2398 6.
2469 2336 2785 2419 Alphonso

329 2436 696 2520 proposita),
745 2433 870 2510 sed,
904 2437 1124 2498 utrum
1154 2432 1475 2516 supposita
1509 2431 1627 2495 tali
1656 2433 2023 2514 ifflzorantia
2053 2435 2322 2500 rusticus
2350 2441 2557 2520 peccet
2602 2443 2787 2503 «nutte-

327 2539 577 2604 rialiter
608 2558 688 2604 an
716 2535 1069 2618 formaliter
1091 2562 1152 2600 ».

414 2644 554 2707 Imo
588 2642 719 2726 ipse
744 2659 793 2706 6.
817 2640 1175 2723 Alphonsus
1197 2639 1261 2703 in
1294 2637 1667 2704 editionibus
1698 2639 2007 2723 prioribus
2039 2659 2187 2705 suae
2210 2641 2585 2729 Theologiae
2608 2644 2784 2727 (edit.

329 2765 425 2810 an.
463 2745 656 2808 1757.
691 2743 799 2808 lib.
830 2743 886 2806 1.
921 2761 982 2806 n.
1021 2742 1153 2825 18.)
1184 2741 1396 2807 eodem
1428 2741 1551 2806 fere
1597 2742 1803 2817 modo,
1838 2762 1908 2808 ac
1939 2742 2208 2809 Sanchez
2241 2747 2303 2810 et
2334 2743 2536 2821 01611,
2570 2767 2787 2831 propo-

331 2849 543 2913 suerat
571 2846 661 2911 sic
683 2845 1145 2928 quaestionem:
1179 2868 1213 2902 ‹
1239 2843 1591 2924 Quaeritur,
1619 2863 1696 2909 an
1720 2848 1928 2928 peccet
1958 2845 2325 2922 formaliter,
2349 2849 2457 2930 qui
2481 2849 2786 2916 desiderat

331 2949 721 3015 committere
744 2947 997 3029 aliquod
1027 2947 1285 3019 malum,
1325 2966 1539 3029 nempe
1575 2946 2067 3022 fornicationem,
2101 2951 2327 3032 putans
2367 2971 2473 3033 per
2496 2971 2784 3026 errorem,

331 3053 535 3118 solum
569 3049 944 3116 desiderium
979 3048 1322 3114 fornicandi
1353 3049 1482 3115 6166
1514 3050 1733 3115 effectu
1763 3069 1888 3115 non
1919 3069 2048 3116 esse
2079 3054 2401 3134 peecatum
2432 3079 2494 3113 ».
2527 3053 2606 3116 Et
2639 3054 2784 3128 dixi,

329 3155 535 3219 eodem
570 3170 734 3217 1666
765 3151 977 3230 mod0,·
1000 3152 1148 3234 quia
1171 3171 1383 3217 revera
1406 3153 1591 3218 verba
1617 3152 1885 3216 Sanchez
1919 3172 1990 3216 66
2020 3151 2202 3217 Croix
2226 3154 2438 3217 referri
2468 3157 2785 3222 commode

330 3261 590 3342 possunt
638 3256 716 3320 ad
762 3274 1000 3319 meram
1044 3254 1556 3337 complacentiam
1602 3272 1674 3317 ac
1720 3253 2120 3326 velleitatem‚
2169 3252 2316 3315 dum
2349 3273 2397 3317 s.
2430 3254 2786 3336 Alphonsus

328 3359 613 3444 explicite
661 3356 1089 3440 quaestionem
1134 3355 1442 3439 pertrahit
1486 3355 1564 3419 ad
1609 3354 1989 3420 voluntatem
2033 3373 2105 3419 ac
2149 3354 2339 3421 ferme
2373 3358 2784 3436 propositam,

328 3463 491 3545 qnod
524 3461 745 3526 effectu
782 3459 1136 3524 frustretur.

419 3565 655 3631 Verum
701 3582 825 3628 non
873 3566 968 3628 est
1015 3563 1262 3628 omnino
1311 3561 1569 3626 obscura
1617 3560 1801 3635 ratio,
1840 3577 1998 3642 quae
2044 3580 2092 3626 s.
2127 3562 2514 3645 Alphonsum
2560 3566 2787 3631 sensim

330 3668 526 3732 traxit
559 3666 638 3730 ad
676 3664 1137 3729 immutandam
1168 3663 1387 3733 faciem
1419 3663 1820 3745 quaestionis.
1855 3663 2101 3729 Etenim
2132 3665 2322 3731 etiam
2353 3666 2416 3730 in
2451 3667 2788 3749 antiquiori

330 3771 433 3836 illa
480 3769 755 3836 editione
803 3767 949 3831 anni
998 3767 1190 3831 1757.
1237 3767 1343 3831 lib.
1398 3768 1455 3831 1.
1491 3788 1549 3831 n.
1594 3767 1696 3831 18.
1744 3767 1870 3832 imo
1919 3769 1981 3832 et
2011 3767 2075 3832 in
2123 3768 2320 3850 prima
2361 3769 2627 3834 editione
2674 3790 2786 3835 sua

333 3875 475 3939 anni
510 3873 708 3937 1748.
735 3871 828 3953 (16
853 3873 1003 3935 6616
1036 3868 1104 3935 C.
1140 3869 1217 3935 ad
1249 3869 1392 3934 dub.
1428 3870 1477 3933 I.
1513 3889 1645 3952 cap.
1680 3870 1762 3934 II.
1791 3870 2239 3954 Busembaum)
2271 3872 2611 3937 sententiae
2643 3871 2791 3938 San-

329 3977 465 4042 chez
501 3977 565 4042 et
597 3972 785 4040 Croix
818 3992 941 4038 666
972 3972 1387 4038 subscribendi
1420 3972 1724 4037 rationem
1755 3972 1915 4036 hanc
1952 3972 2271 4036 afferebat:
2313 3998 2346 4030 «
2373 3971 2591 4037 Nescio
2625 3975 2788 4038 enim

330 4079 699 4163 intelligere,
728 4075 1040 4158 quomodo
1058 4075 1166 4157 qui
1182 4075 1320 4139 vult
1343 4074 1676 4140 deliberate
1693 4074 1910 4140 elicere
1928 4074 2252 4147 actionem,
2278 4093 2401 4155 qua
2426 4074 2542 4138 scit
2567 4074 2790 4140 offendi

330 4182 546 4255 Deum,
604 4178 812 4264 possit
863 4177 1303 4243 invincibiliter
1355 4177 1614 4251 credere,
1662 4177 1865 4241 Deum
1910 4195 2033 4241 666
2088 4175 2406 4251 offendere,
2461 4176 2636 4241 illam
2691 4198 2791 4242 cu-

326 4284 543 4368 piendo
570 4310 633 4346 ».
670 4281 798 4348 Ubi
829 4280 1128 4359 videmuS‚
1177 4299 1226 4344 s.
1260 4279 1648 4362 Alphonsum
1679 4298 1802 4344 non
1833 4281 1967 4342 tam
1998 4276 2314 4361 disputare
2345 4279 2494 4360 quid
2531 4279 2791 4344 sentien-

326 4386 471 4452 dum
518 4387 605 4452 sit
652 4386 719 4450 in
766 4384 879 4449 illa
925 4382 1273 4468 hypothesi,
1322 4401 1510 4464 quam
1540 4401 1766 4467 negare
1811 4381 2223 4466 hypothesim.
2262 4382 2496 4446 Verum
2542 4401 2650 4446 666
2695 4383 2788 4445 1111

328 4487 729 4573 hypothesim
770 4485 1261 4550 affirmaverant:
1295 4484 1420 4550 imo
1456 4482 1638 4549 Croix
1677 4502 1956 4566 expresse
1985 4485 2335 4556 monuerat,
2369 4483 2674 4566 disputari
2698 4502 2793 4548 so-

326 4596 457 4661 lum
488 4592 898 4683 hypothetice
928 4596 992 4657 et
1022 4592 1415 4677 hypothesim
1452 4592 1553 4656 vix
1583 4608 1713 4655 esse
1745 4589 1819 4655 de
1850 4609 1914 4654 re
1951 4588 2248 4672 possibili.
2283 4591 2382 4654 Ita
2414 4590 2578 4654 enim
2609 4589 2791 4656 Croix
