3529 5158
686 354 796 410 590
1220 365 1435 407 macr.
1475 366 1557 407 ιν.
1595 365 1681 405 mu
1715 363 2020 406 peccans.
2058 360 2259 405 canor
2294 363 2361 404 11.
2400 362 2542 405 nun.
2579 365 2620 405 1.
3000 349 3142 424 [671]

691 464 909 518 caritatis
948 463 1132 516 minuat
1169 468 1217 514 et
1246 464 1562 527 temporalem
1590 475 1797 528 poenam
1829 466 2086 514 mereatur.
2114 458 2307 513 Dicitur
2334 459 2550 527 veniale3
2577 458 2689 525 quia
2715 462 2855 514 salvo
2880 460 3014 514 vitae
3051 460 3145 528 spi·

691 548 880 602 ritualis
918 546 1172 615 principio,
1212 545 1400 600 scilieet
1434 545 1605 610 gratia,
1646 547 1930 609 languorem
1967 543 2154 597 animae
2194 542 2334 597 facile
2376 543 2640 598 curabilem
2676 543 2818 598 infert
2856 545 3145 611 veniamque

689 634 828 688 facile
862 632 1193 699 consequitur.

785 757 935 830 8⁷1.
970 761 1218 824 Petitur
1271 759 1549 824 definitio
1580 777 1652 822 ex
1690 758 1912 822 effectu
1947 760 2011 821 et
2043 756 2293 821 additur
2328 755 2513 829 ratio,
2549 774 2660 819 cur
2691 756 2962 820 alterum
2990 775 3150 821 mor·

696 865 843 941 tale,
879 865 1146 928 alterum
1177 863 1415 926 veniale
1439 861 1803 944 appelletur.

784 965 902 1030 Sed
935 965 1141 1047 quoad
1188 964 1616 1039 differentiam,
1658 982 1817 1045 quae
1863 962 2097 1045 petitur
2144 980 2216 1026 ex
2247 980 2462 1044 poena,
2495 961 2645 1025 bene
2676 980 2725 1024 s.
2760 960 3032 1025 Thomas
3077 961 3151 1025 de

699 1068 866 1132 Mal.
917 1088 974 1150 q.
1028 1070 1084 1132 7.
1128 1070 1246 1131 art.
1301 1067 1393 1130 1.:
1435 1090 1470 1124 ⁴<
1502 1066 1835 1129 Peccatum
1880 1065 2145 1130 mortale
2188 1066 2464 1129 meretur
2507 1082 2771 1147 poenam
2817 1067 3149 1143 aeternam,

698 1172 1021 1255 peccatum
1052 1188 1195 1234 vero
1236 1169 1471 1233 veniale
1503 1188 1764 1251 poenam
1797 1168 2222 1250 temporalem.
2255 1166 2374 1231 Sed
2402 1168 2527 1232 ista
2563 1166 2905 1230 differentia
2951 1186 3156 1231 conse-

703 1274 918 1356 quitur
963 1272 1272 1336 rationem
1324 1272 1561 1353 peccati
1603 1271 1892 1335 mortalis
1938 1273 2001 1335 et
2054 1270 2337 1336 venialis:
2386 1289 2511 1335 non
2557 1270 2769 1334 autem
2828 1270 3158 1335 constituit

701 1377 922 1459 ipsam.
949 1374 1090 1439 Non
1122 1375 1284 1439 enim
1317 1393 1387 1439 ex
1411 1373 1527 1437 hoc
1550 1376 1645 1437 est
1668 1374 1796 1437 tale
1820 1376 2161 1456 peccatum,
2194 1374 2342 1455 quia
2366 1371 2514 1437 talis
2552 1391 2748 1454 poena
2776 1370 2835 1435 ei
2866 1371 3154 1445 debetur:

707 1477 812 1544 sed
850 1477 1059 1560 potius
1107 1496 1139 1542 3
1185 1496 1477 1541 converso
1510 1477 1657 1558 quia
1703 1479 2026 1560 peccatum
2064 1479 2159 1542 est
2193 1477 2339 1554 tale,
2379 1476 2516 1541 ideo
2548 1475 2695 1539 talis
2741 1494 2940 1558 poena
2972 1477 3029 1541 ei
3057 1477 3160 1542 de-

704 1581 905 1645 betur.
946 1579 1247 1644 Similiter
1279 1580 1470 1643 etiam
1507 1578 1818 1656 differunt,
1852 1582 2157 1662 quantum
2194 1579 2271 1643 ad
2308 1579 2626 1655 effectum3
2660 1596 2809 1642 nam
2840 1582 3159 1661 peccatum

707 1684 972 1748 mortale
1004 1682 1213 1766 privat
1241 1682 1548 1766 gratiam:
1590 1682 1829 1746 veniale
1876 1702 2019 1747 vero
2044 1701 2187 1747 non.
2228 1680 2346 1746 Sed
2377 1700 2487 1746 nec
2516 1681 2640 1745 ista
2671 1682 2768 1745 est
2797 1680 3158 1757 differentia,

707 1806 897 1868 quam
921 1785 1310 1869 quaerimus3
1352 1784 1499 1867 quia
1529 1785 1654 1849 ista
1679 1784 2020 1849 differentia
2051 1784 2450 1866 consequitur
2482 1784 2558 1849 ad
2588 1783 2924 1848 rationem:
2975 1804 3047 1849 ex
3092 1803 3161 1849 eo

701 1889 884 1965 enim,
920 1889 1085 1970 quod
1117 1888 1437 1970 peccatum
1463 1888 1558 1950 est
1602 1887 1748 1963 tale,
1784 1886 1975 1951 talem
2013 1887 2297 1952 effectum
2334 1888 2523 1952 habet
2559 1912 2621 1950 ι.

793 1986 965 2061 672.
1006 1991 1431 2054 Differentiam
1460 1990 1674 2071 itaque
1711 2009 1758 2053 3.
1802 1990 2074 2054 Thomas
2103 1989 2375 2055 desumit
2404 2010 2476 2055 ex
2506 1991 2751 2058 diversa
2782 1992 3028 2058 ratione
3075 1991 3163 2054 in·

710 2092 1136 2158 ordinationis.
1186 2093 1286 2156 Ita
1338 2094 1394 2155 1.
1431 2094 1491 2155 2.
1526 2112 1585 2174 q.
1624 2093 1727 2155 72.
1778 2094 1896 2157 art.
1938 2094 2029 2157 5.:
2070 2119 2104 2151 «
2139 2093 2499 2158 Differentia
2529 2097 2764 2176 peccati
2796 2094 3059 2160 venialis
3104 2096 3168 2158 et

713 2196 999 2261 mortalis
1023 2196 1420 2278 consequitur
1437 2195 1861 2260 diversitatem
1878 2195 2369 2273 inordinationis,
2388 2215 2547 2277 quae
2569 2197 2840 2279 complet
2862 2197 3165 2261 rationem

715 2299 970 2383 peccati.
1012 2300 1255 2382 Duplex
1301 2300 1465 2363 enim
1512 2300 1605 2363 est
1635 2298 2041 2363 inordinatio:
2076 2316 2202 2362 una
2232 2317 2339 2380 per
2369 2299 2859 2366 subtractionem
2888 2299 3169 2382 principii

711 2401 978 2466 ordinis:
1016 2402 1158 2475 alia,
1195 2420 1338 2484 qua,
1379 2401 1572 2466 etiam
1602 2402 1848 2466 salvato
1881 2400 2180 2484 principio
2212 2400 2463 2478 01111313,
2496 2402 2572 2466 fit
2599 2401 2975 2467 inordinatio
3006 2402 3168 2465 circa

712 2524 803 2584 33,
845 2524 1003 2588 quae
1036 2507 1186 2569 sunt
1223 2506 1384 2569 circa
1422 2504 1818 2588 principium3
1859 2504 2022 2568 31331
2066 2505 2132 2568 13
2177 2520 2429 2587 corpore
2467 2504 2755 2570 animalis
2802 2504 3173 2588 quandoque

706 2609 963 2690 quidem
988 2608 1363 2672 inordinatio
1397 2607 1836 2691 complexionis
1867 2606 2143 2690 procedit
2170 2627 2366 2689 usque
2397 2607 2476 2672 ad
2497 2607 2983 2673 destructionem
3013 2608 3174 2691 prin·

713 2711 859 2792 cipii
892 2709 1101 2773 vitalis
1140 2712 1201 2772 et
1248 2710 1399 2774 haec
1444 2713 1539 2774 est
1581 2729 1778 2774 mors:
1829 2710 2197 2791 quandoque
2227 2729 2392 2787 vero,
2428 2711 2602 2775 salvo
2650 2711 2954 2794 principio
2987 2711 3173 2787 vitae,

712 2811 785 2874 fit
809 2809 1193 2874 deordinatio
1219 2809 1524 2892 quaedam
1547 2811 1611 2873 in
1636 2811 2001 2875 humoribus
2034 2813 2097 2876 et
2121 2814 2269 2876 tunc
2299 2814 2394 2877 est
2419 2811 2765 2896 aegritudo,
2792 2812 3176 2895 Principium

720 2915 932 2977 autem
963 2914 1139 2976 actus
1178 2912 1375 2976 totius
1415 2911 1645 2977 ordinis
1682 2913 1746 2977 in
1780 2914 2120 2978 moralibus
2151 2916 2246 2979 est
2275 2914 2416 2979 finis
2448 2914 2730 2990 ultimus,
2757 2915 2869 2997 qui
2892 2934 2959 2980 se
2991 2915 3178 2979 habet

719 3018 780 3082 in
822 3015 1178 3100 operativiS‚
1228 3016 1390 3081 sicut
1429 3015 1799 3099 principium
1844 3015 2388 3082 indemonstrabile
2431 3019 2496 3083 in
2544 3019 2968 3102 speculativis
3005 3017 3180 3084 Unde

712 3120 958 3203 quando
985 3121 1193 3184 anima
1217 3118 1616 3184 deordinatur
1639 3138 1746 3203 per
1771 3121 2093 3203 peccatum
2109 3139 2304 3203 usque
2335 3121 2414 3186 ad
2438 3122 2821 3188 aversionem
2846 3122 2927 3186 ab
2949 3122 3175 3186 ultimo

708 3226 829 3290 fine
882 3225 1011 3288 scil.
1053 3225 1204 3301 Deo,
1240 3224 1347 3305 qui
1394 3223 1643 3288 unimur
1675 3243 1783 3306 per
1818 3224 2165 3301 caritatem,
2200 3228 2347 3291 tunc
2385 3227 2480 3291 est
2509 3228 2833 3310 peccatum
2879 3225 3174 3297 mortale;

718 3327 963 3410 quando
998 3344 1141 3390 vero
1167 3325 1241 3390 fit
1271 3325 1656 3390 deordinatio
1689 3327 1849 3390 citra
1874 3328 2257 3392 aversionem
2289 3347 2324 3392 a
2355 3328 2508 3404 Deo,
2539 3332 2690 3394 tunc
2728 3331 2825 3393 est
2853 3331 3180 3412 peccatum

719 3429 976 3493 veniale.
1018 3427 1192 3491 Sicut
1224 3428 1387 3492 enim
1432 3428 1497 3492 in
1535 3428 1894 3511 corporibus
1930 3428 2316 3495 deordinatio
2353 3431 2595 3508 1301113,
2629 3450 2790 3514 quae
2821 3433 2919 3496 est
2953 3450 3064 3513 per
3092 3449 3184 3494 re-

720 3531 1059 3596 motionem
1106 3529 1387 3612 principii
1435 3531 1620 3607 vitae,
1655 3533 1751 3595 est
1781 3532 2197 3615 irreparabilis
2235 3533 2570 3599 secundum
2606 3535 2922 3610 naturam,
2953 3532 3180 3597 inordi-

721 3636 894 3699 natio
945 3636 1156 3698 autem
1214 3634 1623 3718 aegritudinis
1675 3637 1951 3718 reparari
1997 3639 2205 3719 potest
2251 3640 2502 3721 propter
2551 3637 2635 3715 111,
2683 3637 2849 3719 qnod
2904 3637 3184 3702 salvetur

724 3737 1093 3824 principium
1126 3736 1325 3801 vitae:
1366 3736 1654 3801 similiter
1690 3740 1753 3801 et
1784 3737 1848 3801 in
1884 3738 2002 3814 his,
2042 3756 2202 3821 quae
2231 3740 2541 3822 pertinent
2571 3739 2650 3805 ad
2686 3739 2984 3805 animam.
3017 3739 3181 3804 Nam

725 3844 789 3906 in
823 3841 1241 3926 speculativiS‚
1268 3842 1375 3923 qui
1408 3842 1575 3905 errat
1597 3841 1757 3905 circa
1784 3842 2101 3925 principia,
2129 3844 2638 3927 impersuasibilis
2669 3847 2789 3909 est:
2823 3844 2934 3926 qui
2967 3847 3180 3909 autem

724 3949 893 4012 errat
923 3946 1182 4012 salvatis
1214 3945 1548 4029 principiis
1584 3965 1690 4026 per
1720 3945 1858 4027 ipsa
1889 3946 2188 4029 principia
2217 3948 2495 4013 revocari
2521 3949 2748 4031 potest.
2787 3948 2871 4012 Et
2892 3948 3184 4013 similiter

724 4050 788 4114 in
822 4049 1175 4133 operativis‚
1217 4047 1325 4130 qui
1374 4045 1675 4131 peccando
1725 4048 2031 4113 avertitur
2076 4049 2155 4113 ab
2199 4050 2426 4116 ultimo
2455 4049 2598 4126 fine,
2628 4053 2938 4132 quantum
2969 4053 3065 4115 est
3107 4069 3176 4113 ex

724 4155 951 4217 natura
972 4152 1221 4236 ,11333311
1243 4151 1432 4215 habet
1461 4149 1709 4232 lapsum
1740 4151 2202 4233 irreparabilem
2232 4152 2296 4217 et
2325 4151 2461 4217 ideo
2492 4152 2720 4217 dicitur
2750 4171 2996 4237 peceare
3017 4170 3179 4216 mor-

727 4254 958 4329 taliter,
995 4254 1389 4318 aeternaliter
1412 4253 1783 4336 puniendus:
1811 4253 1917 4335 qui
1949 4274 2094 4319 vero
2126 4257 2339 4338 peccat
2367 4254 2522 4320 citra
2549 4257 2936 4323 aversionem
2968 4276 3004 4322 a
3026 4257 3177 4328 Deo,

726 4373 798 4418 ex
828 4356 963 4436 ipsa
997 4356 1235 4419 ratione
1284 4354 1518 4438 peccati
1555 4356 1983 4438 reparabiliter
2028 4357 2458 4434 deordinatur3
2507 4357 2656 4441 quja
2692 4359 2979 4424 salvatur
3025 4360 3184 4442 prin·

726 4456 959 4538 cipium
992 4460 1054 4522 et
1086 4458 1221 4522 ideo
1254 4457 1480 4522 dicitur
1511 4478 1757 4541 peccare
1791 4459 2134 4537 venialiter,
2173 4461 2316 4542 quia
2365 4461 2498 4525 scil.
2533 4479 2657 4526 non
2702 4461 2795 4526 ita
2827 4464 3065 4544 peccat,
3114 4464 3184 4525 ut

720 4562 1032 4624 mereatur
1067 4560 1588 4626 interminabilem
1618 4580 1881 4643 poenam
1913 4588 1973 4626 ».
