3529 5158
392 324 534 404 [255]
821 343 1185 391 Quorupmx
1222 344 1315 386 srr
1352 345 1489 400 nux,
1528 344 2075 404 6666666611611116
2115 346 2412 389 ROMANAE
2742 337 2851 392 285

385 455 539 526 ‘ergo
584 440 717 504 lata
762 440 828 504 in
874 440 1120 505 casibus
1179 441 1679 524 particularibus
1715 461 1874 524 quae
1919 460 2031 525 pro
2077 445 2365 508 universa
2411 445 2683 511 Ecclesia
2730 466 2853 511 non

397 543 539 607 sunt
581 542 1003 628 promulgata,
1054 542 1180 607 vim
1223 544 1382 628 legis
1413 544 1781 609 universalis
1812 564 1934 609 non
1975 545 2277 623 obtinent,
2302 545 2565 628 ideoque
2598 547 2696 622 iis,
2724 549 2855 630 qui-

395 644 507 708 bus
545 643 758 708 eadem
790 643 1034 710 decreta
1079 663 1201 710 non
1249 649 1396 710 sunt
1426 645 1595 725 data,
1635 646 1752 711 etsi
1785 647 1850 711 in
1882 647 2127 711 casibus
2165 646 2472 712 similibus
2508 650 2851 722 versentur.

396 747 480 811 eis
525 745 786 811 decretis
815 746 1089 812 nondum
1135 749 1443 812 tenentur.
1478 749 1777 813 Attamen
1825 748 1878 813 si
1909 768 1980 813 ea
2018 748 2262 814 decreta
2292 769 2415 815 non
2449 751 2576 815 sint
2600 751 2717 815 nisi
2758 751 2856 815 de-

395 852 761 916 clarationes
790 851 946 917 iuris
991 853 1119 917 iam
1157 853 1525 932 exsistentia
1574 855 1738 920 ratio
1777 855 1915 939 ipsa
1961 856 2308 939 postulabit
2352 858 2429 920 ut
2466 855 2712 921 easdem
2759 875 2855 920 se-

395 955 640 1036 quatur,
675 953 784 1036 qui
820 954 974 1019 velit
1002 955 1166 1020 recte
1199 973 1381 1041 agere
1413 957 1748 1021 secundum
1778 957 2000 1042 legem.

480 1057 614 1121 Iam
661 1075 808 1142 ergo
846 1055 1268 1140 praeiudicata
1300 1059 1395 1122 est
1426 1057 1729 1141 quaestio,
1764 1078 1923 1141 quae
1954 1059 2067 1124 fiat
2098 1060 2257 1124 circa
2290 1059 2534 1125 decreta
2582 1060 2849 1124 aliarum

392 1158 627 1245 Congg.
663 1178 742 1223 an
772 1158 836 1224 111
883 1159 1191 1225 similibus
1222 1161 1465 1226 casibus
1503 1162 1631 1226 vim
1653 1163 1812 1248 legis
1843 1163 2130 1228 habeant.

482 1258 659 1334 255.
676 1262 871 1351 Porro
892 1261 1216 1345 sententia,
1235 1282 1393 1345 quae
1408 1264 1749 1349 generatim
1775 1264 1925 1348 ipsis
1942 1265 2241 1350 vimlegis
2264 1268 2455 1350 negat
2471 1285 2750 1349 quaeque
2766 1266 2856 1331 in-

391 1366 596 1452 signes
627 1365 817 1430 habet
837 1367 1153 1449 patronos,
1174 1365 1269 1430 uti
1287 1364 1532 1443 Suarez,
1565 1366 1902 1444 Bonacina‚
1921 1365 2144 1446 Diana,
2165 1367 2342 1453 Vega
2366 1369 2484 1433 etc.
2519 1368 2617 1433 his
2648 1368 2854 1432 utitur

386 1467 754 1545 rationibuS,
789 1467 953 1550 quod
1001 1467 1234 1532 scilicet
1283 1464 1352 1530 1⁰
1382 1467 1683 1533 eiusmodi
1721 1469 2166 1535 declarationes
2197 1489 2320 1535 non
2366 1471 2851 1556 promulgentur

390 1571 789 1636 sollemniter.
830 1570 1025 1653 Atqui
1071 1572 1145 1634 ut
1189 1570 1286 1635 lex
1332 1572 1661 1653 quaepiam
1700 1570 1953 1657 obliget,
1994 1571 2332 1655 requiritur
2379 1572 2628 1638 omnino
2677 1573 2855 1638 solle-

387 1674 551 1738 mnis
583 1673 715 1738 eius
752 1673 1208 1759 promulgatio:
1245 1691 1413 1757 ergo.
1438 1673 1696 1738 Rationi
1726 1692 1871 1738 vero
1910 1673 2423 1748 adversariorum,
2458 1674 2627 1755 quod
2659 1673 2858 1738 decla-

386 1776 668 1840 rationes
695 1796 823 1840 non
857 1773 1146 1859 indiyent
1172 1773 1699 1858 prmnulyatione,
1737 1774 1852 1841 sed
1881 1775 2082 1840 solum
2116 1795 2309 1840 novae
2349 1773 2853 1855 Constitutvbnae,

386 1878 759 1964 respondent
801 1877 962 1957 DD.,
1010 1877 1474 1956 declarationeS,
1522 1879 1769 1961 quando
1806 1881 2132 1944 versantur
2163 1878 2323 1943 circa
2367 1898 2464 1944 res
2509 1879 2601 1943 ita
2634 1879 2855 1944 dubias

387 1985 459 2047 ut
489 1980 700 2065 quoad
730 1980 1209 2066 intelligentiam
1240 1981 1398 2065 legis
1430 1981 1776 2046 contrariae
1808 1983 2045 2047 exstare
2076 1984 2308 2065 queant
2339 1981 2677 2066 opinioneS,
2704 1984 2854 2047 tunc

389 2103 449 2150 se
484 2086 714 2151 habere
759 2086 834 2148 ut
876 2102 1071 2149 novas
1101 2083 1270 2169 leges
1318 2083 1693 2168 proindeque
1722 2084 1998 2170 indigere
2042 2085 2567 2171 promulgatione.

471 2187 735 2254 Addunt
780 2188 883 2252 2⁰:
934 2184 1169 2252 Saltem
1214 2187 1279 2252 in
1325 2186 1532 2264 dubio,
1568 2205 1645 2252 an
1692 2187 1809 2251 hae
1856 2186 2301 2253 declarationes
2347 2188 2617 2254 habeant
2662 2209 2850 2256 necne

389 2291 511 2378 vim
551 2289 873 2374 obligandi
918 2291 991 2353 ut
1035 2289 1224 2374 leges,
1257 2289 1427 2372 ipsae
1472 2308 1594 2354 non
1644 2289 1926 2374 obligant
1957 2309 2028 2366 611
2058 2289 2330 2375 generali
2362 2291 2686 2376 principio.
2721 2292 2846 2358 Ubi

388 2412 432 2458 s.
466 2392 658 2477 Alph.
692 2392 848 2456 citat
878 2390 1219 2476 Laymann.
1243 2390 1352 2455 lib.
1391 2391 1449 2454 1.
1483 2391 1667 2456 tract.
1701 2392 1763 2469 4,
1799 2410 1849 2456 6.
1881 2392 1938 2457 7.
1973 2413 2033 2456 11.
2072 2393 2129 2457 7.
2171 2392 2234 2456 111
2266 2392 2370 2457 fin.

563 2494 636 2560 3⁰
665 2493 944 2577 Denique
976 2493 1120 2558 addi
1149 2493 1400 2578 gravior
1428 2493 1591 2559 ratio
1624 2495 1850 2577 potest,
1885 2494 2049 2576 quod
2080 2513 2202 2559 non
2226 2493 2406 2559 facile
2444 2495 2528 2560 sit
2552 2495 2631 2559 ad
2667 2516 2848 2562 casus

389 2598 621 2665 similes
668 2597 1040 2663 sententiam
1076 2617 1125 2662 s.
1175 2595 1691 2682 Congregationis
1729 2598 2080 2663 transferre.
2130 2598 2320 2663 Ratio
2348 2600 2481 2672 est,
2531 2599 2679 2681 quia
2725 2620 2847 2665 non

386 2703 544 2768 clare
577 2701 848 2777 constat,
896 2719 1054 2782 quae
1100 2700 1262 2765 ratio
1310 2700 1683 2783 permoverit
1720 2698 2282 2786 Congregationem
2310 2701 2393 2787 ad
2439 2700 2601 2766 hanc
2637 2702 2849 2785 potius

388 2824 570 2887 quam
623 2803 799 2869 illam
846 2802 1217 2869 sententiam
1250 2803 1313 2868 et
1341 2802 1403 2867 id
1433 2803 1759 2868 manifeste
1791 2822 1862 2868 ex
1893 2822 1964 2868 eo
1994 2803 2189 2887 patet,
2224 2803 2389 2885 quod
2420 2804 2634 2870 eadem
2666 2804 2740 2869 de
2786 2826 2852 2870 re

373 2908 710 2992 oppositae
739 2905 1080 2971 sententiae
1112 2905 1190 2970 ab
1220 2905 1433 2970 eadem
1455 2904 2015 2991 congregationem
2045 2907 2214 2970 latae
2237 2905 2485 2971 fuerint.
2515 2905 2642 2971 Cur
2657 2925 2801 2973 vero
2816 2912 2852 2972 Ῥ

387 2998 541 3090 Quia
590 3029 812 3093 nempe
842 3009 906 3073 in
937 3008 1036 3073 his
1071 3007 1333 3074 ferendis
1380 3010 1701 3074 sententiis
1747 3007 2022 3072 multum
2068 3007 2187 3071 sibi
2233 3006 2550 3071 vindicant
2595 3008 2853 3072 circum-

373 3112 659 3179 stantia-e
704 3106 996 3195 speciales
1026 3112 1090 3176 et
1123 3112 1439 3196 opiniones
1485 3129 1729 3193 quoque
1774 3109 2187 3174 iudicantium
2216 3109 2281 3172 in
2312 3126 2379 3172 re
2425 3126 2548 3171 non
2578 3110 2853 3175 evidenti

389 3217 632 3281 variare
677 3216 956 3300 possunt.
990 3212 1150 3279 Cum
1197 3232 1343 3299 ergo
1382 3211 1630 3277 difficile
1655 3213 1738 3276 sit
1770 3230 1968 3283 nosse,
2009 3228 2314 3292 quaenam
2346 3208 2850 3276 circumstantiae

391 3319 465 3383 ad
494 3318 874 3385 sententiam
895 3316 1275 3402 impulerint,
1312 3333 1381 3380 eo
1414 3316 1549 3399 ipso
1581 3313 1771 3379 fallax
1803 3330 1933 3377 esse
1954 3312 2248 3377 facillime
2278 3312 2487 3395 potest
2515 3311 2849 3377 translatio

390 3421 734 3487 sententiae
766 3421 845 3485 ad
876 3420 1032 3485 alios
1070 3436 1270 3484 casus,

473 3524 570 3590 Ad
619 3524 1016 3608 assumptum
1071 3524 1282 3587 autem
1344 3519 1730 3604 probandum
1791 3519 1949 3584 satis
2004 3518 2089 3583 sit
2134 3532 2335 3599 nosse,
2383 3517 2550 3602 quod
2596 3517 2852 3584 Benedi-

390 3626 525 3691 ctus
553 3624 732 3691 XIV.
763 3624 828 3690 in
877 3623 1081 3689 Indice
1111 3622 1337 3707 Operis,
1359 3622 1455 3687 sui
1487 3622 1560 3686 de
1592 3619 1836 3706 Synodo
1877 3622 1953 3686 ad
1986 3620 2062 3685 V.
2099 3618 2515 3704 Conqreyatio
2561 3618 2849 3702 Concilii,

391 3927 511 3973 dum
539 3922 747 3974 mrum
774 3928 1079 3974 sacrificium
1099 3928 1366 3981 offeratur,
1393 3926 1549 3971 habes
1575 3926 1964 3981 propositionem
1997 3926 2338 3970 universalem
2368 3936 2499 3979 (1666
2525 3936 2685 3980 aeque
2715 3926 2855 3971 valet

391 4008 479 4050 pro
509 3997 863 4053 interrogante
890 4008 949 4041 66
980 4008 1070 4051 pro
1106 3995 1286 4041 ceteris
1317 3995 1460 4039 eliis:
1489 4004 1665 4037 sensus
1692 3993 1829 4038 enim
1857 3993 2080 4046 responsi
2109 4004 2211 4036 non
2240 3994 2340 4037 est:
2370 4004 2432 4035 ‘ru
2460 3992 2587 4036 debes
2612 3994 2695 4036 hoc
2713 3997 2857 4047 pacto

390 4062 614 4108 celebrare.
630 4075 646 4104 .-
674 4063 784 4106 sed:
817 4066 887 4107 ita
903 4063 1027 4107 debet
1053 4064 1199 4107 mssa
1226 4062 1459 4114 celebrari,
1491 4061 1702 4114 scilicet,
1730 4062 1790 4103 ab
1818 4062 2039 4104 omnibus.
2064 4059 2117 4102 Si
2145 4064 2318 4103 autem
2337 4059 2502 4102 altero
2530 4059 2678 4102 modo
2710 4072 2856 4104 66666

391 4133 466 4171 est
501 4129 853 4184 particularis,
889 4130 1122 4184 quemvis
1159 4129 1323 4173 eidem
1348 4129 1521 4183 plures
1545 4128 1638 4172 alii
1664 4128 1857 4172 similes
1884 4126 2175 4181 contingere
2216 4126 2427 4182 possint,
2466 4129 2694 4171 attamen
2732 4128 2857 4182 quia

392 4196 596 4242 difficile
615 4202 695 4241 eet
714 4196 1075 4241 certitudinem
1101 4197 1301 4253 assequi
1328 4196 1581 4252 perfectae
1606 4193 1974 4248 similitudinis,
1994 4207 2113 4238 cum
2139 4194 2438 4249 praesertim
2467 4194 2600 4239 ratio
2628 4196 2855 4249 responsi

393 4262 569 4317 latest,
597 4266 743 4319 tunc,
763 4277 829 4308 66
847 4263 987 4308 16666
1005 4264 1156 4310 detur
1174 4263 1315 4309 &Isis
1341 4261 1867 4318 interpretationibus,
1887 4272 2182 4317 responsum
2203 4266 2292 4315 est,
2313 4263 2458 4317 puto,
2480 4265 2540 4304 ut
2560 4265 2858 4306 recurratur

393 4330 446 4373 in
475 4331 679 4376 66611166
705 4322 1116 4386 vehicula-ibus.
1145 4331 1398 4385 ceterum,
1419 4329 1483 4374 cf.
1510 4332 1634 4375 Acta
1658 4341 1696 4374 6.
1718 4328 1847 4374 Sedis
1864 4328 1899 4371 1.
1922 4341 1991 4382 c.;
2012 4340 2133 4373 nam
2160 4329 2369 4373 tandem
2397 4327 2529 4373 illud
2556 4341 2852 4384 responsum

395 4410 493 4442 non
520 4401 695 4443 exstat
722 4400 776 4443 in
805 4398 1112 4442 Collectione
1142 4398 1455 4451 authentica,
1483 4396 1604 4440 lieet
1637 4395 1948 4450 exscriptum
1976 4393 2179 4439 dicatur
2206 4408 2267 4439 ex
2295 4395 2544 4451 Registris
2573 4408 2612 4439 6.
2645 4396 2856 4452 Congre-

392 4466 629 4519 gationis,
659 4466 806 4509 66166
833 4462 1005 4509 temen
1034 4466 1302 4513 sententia,
1332 4466 1482 4519 prout
1511 4475 1621 4507 eam
1650 4463 2033 4518 explicavimus,
2061 4462 2486 4518 quemadmodum
2515 4463 2686 4517 accepi
2717 4475 2746 4506 6
2774 4476 2856 4517 pe-

392 4531 639 4575 ritissimo
667 4531 797 4586 viro,
825 4536 966 4576 certe
992 4535 1083 4576 est.
1116 4532 1246 4576 Sane
1278 4544 1394 4576 cum
1422 4545 1462 4575 s.
1493 4530 1546 4574 C.
1577 4530 1692 4575 vult
1733 4542 1867 4574 nova
1894 4531 2096 4575 decreta
2137 4543 2226 4585 pro
2267 4530 2500 4575 omnibus
2528 4529 2718 4582 valere,
2746 4529 2854 4573 edit

393 4609 466 4651 66,
498 4597 681 4642 audito
710 4598 792 4642 SS.
825 4599 918 4642 sub
945 4599 1121 4643 titulo:
1153 4600 1349 4643 Decreta
1384 4598 1519 4643 Urbis
1545 4600 1588 4641 et
1619 4598 1769 4642 Orbis.
1799 4596 1856 4640 E.
