3529 5158
730 319 838 374 496
1111 332 1322 373 macr.
1363 331 1443 371 iv.
1482 329 1568 368 nm
1605 327 1909 369 Pmca‘ns.
1948 326 2148 369 CAPUT
2183 327 2222 365 1.
2259 326 2404 368 nun.
2446 327 2510 369 11.
2551 328 2688 368 An‘r.
2729 330 2791 368 11.
3045 316 3187 391 [539]

731 430 957 495 ficilius
1017 432 1113 494 est
1173 429 1572 510 distinguere,
1623 445 1701 489 an
1757 423 2097 489 delectetur
2152 423 2224 486 (10
2280 423 2681 507 cogitatione,
2732 444 2808 489 an
2866 426 2941 490 de
2999 448 3204 494 conse-

733 533 949 613 quenti
994 532 1194 596 motu.
2316 545 2321 550 ·

818 635 980 700 Hinc
1012 635 1147 697 DD.
1188 634 1337 697 dum
1370 631 1651 696 fatentur
1681 628 1932 694 difficile
1963 646 2097 691 esse
2125 628 2278 692 haec
2308 626 2709 711 distinguere,
2749 631 3055 695 nonnulla
3093 635 3203 697 cri·

730 737 888 801 teria
935 736 1193 800 tradunt
1239 735 1315 799 ad
1362 735 1481 799 1100
1510 731 2076 805 internoscendum:
2111 748 2269 810 quae
2301 731 2511 792 tamen
2558 729 2809 794 criteria
2855 734 2920 796 et
2966 733 3087 815 ipsi
3119 734 3203 800 fa-

727 840 941 904 tentur
976 858 1098 904 non
1129 838 1442 903 continere
1479 838 1714 901 certam
1751 835 2055 918 regulam.

816 942 919 1007 Ita
949 940 1176 1007 Suarez
1201 941 1274 1005 de
1298 939 1550 1005 Peccat.
1586 939 1744 1021 disp.
1772 939 1833 1001 5.
1866 940 2014 1002 sect.
2046 937 2104 999 7.
2132 957 2190 999 11.
2220 937 2310 1013 8.;
2345 960 2380 994 «
2406 933 2696 1015 Quaeres,
2729 940 2978 1020 quando
3028 942 3192 1008 dele-

724 1045 921 1109 ctatio
946 1045 1021 1108 de
1043 1043 1424 1129 cogitatione
1446 1040 1747 1107 censenda
1775 1040 1879 1116 sit,
1904 1039 2004 1103 vel
2036 1039 2109 1102 (10
2147 1058 2212 1102 10
2235 1039 2516 1123 cogitata
2534 1043 2563 1102 P
2594 1039 2980 1123 Respondeo‚
3017 1065 3090 1109 ex
3112 1045 3192 1125 ef-

724 1147 889 1225 fectu
912 1148 1183 1213 sumitur
1204 1144 1465 1227 aliquod
1485 1145 1755 1229 signum,
1783 1145 1859 1207 ut
1883 1142 1936 1206 si
1955 1161 2025 1206 ex
2044 1142 2160 1205 tali
2185 1141 2594 1226 delectatione
2615 1145 2960 1225 sequantur
2983 1150 3194 1232 turpes

724 1250 975 1314 effectus
1008 1252 1123 1315 etc.
1159 1249 1323 1331 quod
1363 1248 1613 1332 signum
1646 1247 1742 1311 est
1764 1243 2112 1325 probabile,
2137 1264 2265 1307 non
2294 1247 2570 1307 certum:
2602 1244 2760 1322 ideo,
2790 1249 2864 1311 ut
2886 1267 2936 1311 s.
2965 1249 3187 1315 Thom.

726 1352 818 1415 ait
852 1353 909 1415 1.
946 1354 1006 1416 2.
1040 1373 1098 1435 q.
1138 1353 1239 1416 74.
1275 1353 1394 1415 art.
1431 1350 1514 1428 6.,
1552 1348 1821 1413 intentio
1858 1349 1923 1412 et
1960 1347 2215 1411 affectus
2264 1347 2577 1429 operantis
2623 1350 2952 1433 praecipue
2998 1355 3190 1419 consi-

723 1454 991 1519 deranda
1037 1455 1217 1532 sunt:
1253 1473 1398 1519 nam
1436 1453 1491 1517 si
1534 1453 1824 1516 movetur
1870 1449 1949 1514 ad
1985 1448 2465 1532 permanendum
2511 1449 2573 1512 in
2611 1450 2724 1513 illa
2769 1453 3186 1537 cogitatione:

722 1576 916 1635 seona,
957 1559 1011 1622 si
1053 1559 1344 1622 movetur
1375 1576 1447 1621 ex
1480 1555 1651 1636 turpi
1683 1552 1897 1634 aliqua
1930 1553 2265 1628 occasione,
2307 1553 2404 1616 vel
2435 1552 2627 1616 etiam
2674 1553 2804 1619 sine
2835 1555 2971 1621 ulla
3001 1577 3188 1625 causa

722 1660 819 1725 vel
849 1662 1248 1736 necessitate:
1280 1659 1428 1724 licet
1458 1655 1707 1722 nullum
1736 1655 1927 1720 etiam
1956 1655 2222 1717 istorum
2250 1654 2337 1717 sit
2364 1652 2704 1734 infallibile
2736 1657 3003 1741 signum,
3038 1662 3185 1742 quia

718 1783 819 1826 res
867 1766 993 1826 tota
1024 1763 1248 1845 pendet
1277 1782 1350 1826 ex
1381 1760 1711 1825 voluntate
1749 1760 1814 1822 et
1849 1756 2194 1821 intentione
2224 1781 2286 1818 ».

806 1864 973 1929 Bene
1009 1863 1236 1929 Suarez
1269 1864 1462 1942 addit,
1497 1882 1571 1927 ea
1600 1860 1829 1925 indicia
1875 1877 1998 1923 non
2046 1876 2175 1923 esse
2221 1862 2391 1921 certa
2437 1860 2501 1923 et
2547 1860 2714 1940 quod
2752 1861 2843 1924 ait
2875 1881 3010 1927 esse
3045 1885 3187 1943 pro-

718 1965 940 2042 babile,
989 1967 1234 2051 egregie
1266 1965 1458 2041 addit,
1492 1962 1924 2047 explicandum
1954 1979 2086 2026 esse
2115 1960 2294 2024 iuxta
2330 1979 2380 2024 s.
2416 1960 2742 2040 Thomam‚
2776 1963 2888 2044 qui
2918 1965 3182 2032 articulo

714 2068 1099 2152 ibi-allegato
1132 2068 1374 2132 scribit:
1409 2092 1444 2126 «
1468 2065 1695 2131 Deficit
1724 2063 1947 2147 (ratio)
1970 2064 2034 2126 in
2067 2062 2400 2127 directione
2431 2063 2790 2145 passionum
2824 2065 3179 2149 dupliciter:

713 2169 854 2235 Uno
892 2171 1106 2248 modo,
1140 2169 1386 2252 quando
1417 2169 1686 2252 imperat
1722 2166 1978 2230 illicitas
2025 2165 2362 2248 passioneS‚
2397 2163 2558 2229 sicut
2604 2165 2852 2247 quando
2891 2168 3078 2234 homo
3111 2191 3180 2234 ex

711 2271 1149 2337 deliberatione
1181 2274 1479 2355 provocat
1509 2271 1629 2335 sibi
1658 2274 1905 2334 motum
1935 2269 2065 2332 irae
2096 2268 2195 2333 vel
2219 2268 2767 2350 concupiscentiae.
2793 2269 2938 2335 Alio
2970 2273 3176 2350 modo,

710 2375 955 2455 quando
1015 2393 1138 2439 non
1184 2374 1468 2458 reprimit
1512 2372 1803 2437 illicitam
1859 2371 2168 2454 passionis
2214 2372 2480 2448 motum,
2530 2370 2693 2435 sicut
2746 2391 2892 2436 cum
2930 2374 3174 2456 aliquis,

699 2482 1033 2559 postquam
1069 2478 1454 2554 deliberavit,
1487 2477 1652 2558 quod
1688 2476 1902 2540 motus
1939 2474 2244 2557 passionis
2281 2473 2606 2558 insurgens
2637 2475 2734 2538 est
2762 2474 3174 2555 inordinatim,

708 2581 1110 2645 nihilominus
1133 2582 1294 2646 circa
1325 2582 1530 2662 ipsum
1556 2581 1993 2642 immoratur...
2013 2577 2078 2641 et
2099 2575 2437 2642 secundum
2462 2576 2578 2641 hoc
2607 2576 2835 2642 dicitur
2851 2583 3173 2662 peccatum

706 2682 1134 2747 delectationis
1164 2701 1449 2747 morosae
1488 2700 1618 2746 esse
1656 2681 1719 2744 in
1758 2680 2001 2745 ratione
2026 2704 2088 2742 ».
2121 2679 2317 2743 Porro
2350 2678 2516 2760 quod
2551 2679 2803 2744 effectus
2834 2680 2933 2745 illi
2967 2684 3174 2767 tui-pes

705 2786 1047 2864 sequantur
1092 2785 1316 2861 solum,
1366 2783 1612 2865 quando
1645 2783 1810 2847 ratio
1836 2783 1933 2846 his
1965 2781 2167 2846 modis
2204 2782 2535 2858 concurrit,
2570 2781 2631 2845 id
2665 2783 2767 2847 vix
2798 2784 2919 2848 dici
2969 2789 3174 2869 potest

689 2885 1040 2965 probabile.

794 2990 956 3056 Item
992 2991 1236 3076 egregie
1283 2990 1452 3066 dicit,
1502 3009 1629 3054 non
1674 2987 2015 3070 infallibile
2046 3008 2176 3052 esse
2208 2989 2478 3070 siqu-um,
2527 2989 2691 3071 quod
2738 2990 2880 3071 quis
2913 2991 3048 3057 sine
3079 3013 3171 3057 ne-

697 3094 986 3159 cessitate
1032 3093 1107 3158 de
1151 3094 1231 3159 iis
1277 3094 1532 3177 cogitet.
1581 3091 1746 3156 Nam
1806 3091 2163 3175 contingere
2209 3091 2359 3155 haec
2405 3093 2667 3174 possunt
2728 3112 2800 3156 ex
2866 3096 3166 3175 vanitate,

698 3196 1019 3261 otiositate
1065 3199 1129 3261 et
1173 3195 1558 3260 curiositate.

785 3294 960 3368 539.
996 3297 1511 3362 Salmanticenses
1545 3298 1623 3359 ad
1655 3296 1913 3360 eandem
1943 3296 2388 3376 quaestionem,
2422 3296 2733 3376 quomodo
2758 3297 3165 3379 discernatur,

696 3421 844 3464 num
868 3401 1197 3465 delectatio
1223 3402 1308 3465 sit
1339 3401 1411 3464 de
1443 3399 1845 3484 cogitatione,
1888 3418 1966 3462 an
1999 3399 2072 3462 de
2111 3399 2282 3482 turpi
2315 3399 2553 3463 obiecto
2583 3400 2888 3485 cogitato,
2920 3422 3166 3486 respon·

692 3502 840 3565 dent
886 3504 1066 3565 tract.
1110 3504 1214 3565 20.
1248 3521 1381 3584 cap.
1429 3504 1527 3565 13.
1570 3523 1628 3564 11.
1673 3504 1815 3565 28.;
1857 3527 1892 3559 «
1924 3501 2152 3565 Fateor
2198 3520 2328 3565 esse
2375 3501 2815 3566 difficillimum
2864 3505 3158 3587 cognitu:

692 3604 796 3666 sed
834 3604 1238 3670 nihilominus
1270 3622 1380 3686 pro
1428 3604 1561 3668 eius
1608 3603 1962 3688 cognitione
1996 3604 2208 3685 aliqua
2240 3603 2420 3688 signa
2450 3603 2715 3667 tradam.
2751 3604 3034 3669 Primum
3066 3612 3162 3670 est

690 3726 761 3770 ex
793 3705 854 3770 S.
890 3707 1130 3771 Thoma
1165 3708 1221 3770 1.
1262 3708 1319 3771 1.
1353 3727 1410 3788 q.
1452 3708 1553 3770 74.
1582 3708 1699 3771 art.
1729 3708 1789 3770 8.
1817 3706 2133 3771 attendere
2181 3705 2257 3769 ad
2302 3703 2595 3783 affectum
2640 3707 2703 3770 et
2747 3707 3159 3773 intentionem

689 3811 1035 3893 operantis:
1063 3830 1208 3875 nam
1232 3812 1285 3875 si
1316 3811 1645 3874 delectatio
1679 3809 1751 3873 de
1785 3809 2166 3893 cogitatione
2199 3810 2295 3873 est
2325 3828 2396 3873 ex
2427 3809 2589 3873 bono
2620 3810 2883 3887 motivo,
2911 3812 3158 3876 evidens

688 3912 982 3978 indicium
1012 3916 1126 3992 est,
1156 3912 1635 3982 ,delectationem
1668 3931 1801 3976 esse
1833 3912 2104 3995 praecise
2136 3910 2209 3975 de
2240 3911 2640 3996 cogitatione.
2674 3911 2762 3975 At
2792 3932 2942 3977 vero
2976 3914 3031 3978 si
3069 3919 3160 3979 est

685 4034 757 4078 ex
788 4014 1012 4079 affectu
1043 4016 1120 4079 ad
1151 4035 1281 4079 rem
1314 4015 1549 4079 malam
1587 4015 1954 4098 cogitatam,
1989 4015 2228 4079 certum
2262 4016 2375 4091 est,
2411 4033 2542 4078 esse
2574 4014 3058 4080 delectationem
3086 4016 3157 4079 de

682 4136 746 4180 re
778 4137 990 4199 prava,
1025 4118 1191 4199 quod
1221 4118 1605 4199 frequentius
1642 4117 1957 4201 contingit
1985 4118 2051 4180 in
2089 4117 2205 4193 his,
2247 4117 2354 4198 qui
2387 4116 2503 4180 tali
2541 4115 2696 4180 vitio
2744 4115 2942 4181 dediti
2975 4120 3160 4189 sunt:

683 4238 753 4282 ex
799 4219 1180 4285 abundantia
1227 4219 1390 4284 enim
1436 4220 1636 4285 cordis
1686 4239 1755 4284 os
1804 4220 2086 4302 loquitur
2132 4221 2197 4284 et
2242 4238 2399 4301 quos
2457 4219 2735 4282 videmus
2799 4220 3038 4302 passim
3083 4219 3161 4284 de

681 4321 969 4402 turpibus
1016 4325 1198 4388 rebus
1234 4323 1642 4401 confabulari,
1676 4341 1800 4388 non
1832 4324 1966 4388 leve
2003 4322 2300 4387 indicium
2338 4323 2453 4400 est,
2487 4340 2608 4387 non
2642 4321 2716 4385 de
2746 4322 3159 4406 cogitatione,

681 4422 784 4484 sed
831 4422 904 4486 de
936 4424 1174 4491 obiecto
1208 4426 1379 4507 turpi
1410 4446 1541 4491 esse
1572 4426 2067 4491 delectationem.
2116 4425 2466 4490 Secundum
2513 4425 2762 4509 signum
2794 4427 2893 4490 est
2925 4426 3158 4501 videre,

679 4545 747 4587 ex
794 4544 919 4605 qua
965 4528 1280 4591 occasione
1330 4528 1571 4592 oriatur
1616 4528 1969 4593 delectatio,
2007 4528 2072 4591 Si
2111 4529 2272 4592 enim
2325 4529 2525 4594 oritur
2559 4528 2635 4592 ob
2668 4527 2972 4602 studium,
3013 4547 3162 4593 con-
