3529 5158
721 380 801 421 Lx
1567 382 1783 424 smum
1820 382 2291 425 onnononoech

1076 608 1176 653 DE
1213 606 1829 655 IMMORTALITATE
1876 603 2246 652 SPEOTATA
2292 604 2389 650 UT
2437 602 2818 651 NATURALI

1548 695 2003 743 CONDITIONE
2038 693 2350 742 HOMINIS

1079 843 1178 903 De
1207 843 1400 922 Bapt.
1437 845 1475 922 ξ
1502 846 1562 904 2.

816 936 919 993 17.
954 933 1332 1008 Propositio
1378 934 1484 993 his
1532 933 1755 994 verbis
1800 933 2178 993 enuntiata:
2219 933 2420 993 edocti
2449 932 2526 990 ab
2559 932 2886 1009 Apostolo,
2935 938 3174 1009 specta-

722 1040 862 1082 mus
895 1028 1157 1081 mortem
1189 1039 1315 1082 non
1351 1023 1483 1082 iam
1515 1028 1585 1082 ut
1624 1023 1984 1081 naturalem
2016 1023 2431 1082 cond-itionem
2465 1021 2755 1096 homin-is,
2803 1021 2910 1081 sed
2955 1039 3176 1082 revera

724 1118 795 1171 ut
820 1112 1055 1171 iustam
1079 1129 1345 1189 poenam
1381 1113 1600 1189 eulpae
1631 1112 1989 1187 oriqina-lis,

818 1200 1168 1273 Quatenus
1216 1202 1343 1261 sub
1376 1201 1644 1261 nomine
1679 1200 1993 1275 Apostoli
2027 1199 2306 1260 subdole
2336 1199 2627 1275 allegato
2659 1199 2979 1279 insinuat,
3005 1215 3178 1259 mor-

728 1295 883 1368 tem,
934 1308 1105 1366 quae
1152 1290 1221 1349 in
1268 1291 1606 1365 praesenti
1653 1294 1841 1350 statu
1885 1288 2145 1349 inflicta
2188 1294 2293 1350 est
2324 1290 2514 1350 velut
2550 1289 2729 1349 iusta
2762 1304 2980 1364 poena
3024 1305 3176 1364 pec-

721 1379 854 1438 cati
877 1397 996 1454 per
1019 1380 1261 1439 iustam
1284 1380 1806 1439 subtractionem
1831 1379 2372 1457 immortalitatis,
2408 1395 2542 1438 non
2561 1378 2770 1438 fuisse
2802 1377 3175 1437 naturalem

723 1468 1174 1528 conditionem
1219 1469 1529 1547 hominiS,
1581 1468 1772 1544 quasi
1822 1468 2286 1528 immortalitas
2334 1485 2467 1527 non
2515 1466 2759 1527 fuisset
2803 1468 3175 1543 gratuitum

724 1556 1140 1637 beneficium,
1191 1558 1307 1618 sed
1355 1558 1684 1617 naturalis
1731 1557 2054 1617 conditio:

920 1646 1255 1725 Captiosa,
1295 1647 1665 1723 temeraria,
1709 1646 2039 1721 Apostolo
2071 1646 2410 1723 iniuriosa,
2444 1645 2612 1705 alias
2642 1646 2976 1706 damnata.

1057 1859 1157 1903 DE
1206 1858 1661 1904 CONDITIONE
1712 1857 2028 1902 HOMINIS
2078 1857 2154 1902 IN
2203 1857 2434 1903 STATU
2482 1855 2831 1903 NATURAE

1081 2005 1180 2064 De
1210 2010 1375 2082 yrat.
1412 2006 1471 2082 ξ.
1516 2009 1617 2066 10.

815 2096 917 2154 18.
956 2093 1282 2154 Doctrina
1313 2093 1567 2170 synodi
1613 2094 1994 2172 enuntians,
2020 2100 2168 2170 post
2203 2095 2446 2169 lapsum
2494 2094 2756 2169 Adami,
2807 2092 3013 2152 Deam
3060 2110 3175 2152 an-

724 2183 1052 2242 nuntiasse
1086 2182 1571 2260 promissionem
1614 2182 1830 2256 futari
1864 2183 2223 2242 liberatoris
2247 2188 2304 2241 et
2342 2182 2608 2241 voluisse
2645 2182 2961 2241 consolari
2981 2199 3175 2258 yenus

724 2271 1069 2331 humanum
1105 2289 1227 2349 per
1272 2290 1439 2348 spem
1486 2273 1734 2348 salutis,
1799 2290 1987 2348 quam
2042 2271 2224 2331 Iesus
2283 2270 2570 2330 Christus
2617 2271 2938 2330 allaturus
2984 2276 3123 2330 erat
3144 2292 3172 2348 ,⁰

722 2365 946 2421 tamen
995 2360 1201 2421 Deum
1232 2361 1499 2421 voluisse
1526 2368 1596 2421 ut
1625 2379 1817 2437 ,aeuus
1850 2361 2190 2419 humanum
2223 2361 2528 2419 transiret
2551 2378 2671 2436 per
2708 2360 2919 2418 varios
2943 2365 3172 2437 status,

719 2456 1055 2527 antequam
1101 2451 1340 2510 veniret
1374 2451 1705 2527 plenitudo
1756 2456 2102 2528 temporum
2134 2468 2212 2511 ac
2257 2449 2545 2525 primum
2591 2452 2672 2509 ut
2717 2449 2786 2508 in
2834 2451 3019 2509 statu
3057 2467 3175 2509 na-

724 2542 915 2601 turae
948 2540 1127 2601 homo
1161 2541 1417 2600 relictas
1438 2540 1728 2617 propriis
1763 2539 2102 2600 luminibus
2141 2540 2401 2599 disceret
2434 2539 2508 2598 de
2552 2556 2670 2598 sua
2700 2532 2892 2599 'caeca
2929 2539 3178 2600 ratione

717 2630 993 2706 diffidere
1030 2636 1087 2689 et
1120 2648 1194 2688 ex
1238 2631 1370 2688 suis
1417 2629 1922 2690 aberrationibas
1970 2635 2236 2689 vtoveret
2267 2647 2329 2689 se
2361 2630 2446 2689 ad
2477 2629 2957 2688 desiderandum
2990 2629 3175 2688 amci-

720 2718 876 2777 lium
922 2719 1267 2795 superiorls
1317 2719 1594 2797 luminis,

812 2807 1154 2883 Doctrina,
1204 2811 1285 2869 ut
1329 2807 1521 2885 iacet,
1557 2808 1856 2883 captiosa
1888 2811 2092 2882 atque
2129 2807 2474 2869 intellecta
2506 2807 2587 2867 de
2624 2806 2953 2867 desiderio
2986 2807 3175 2867 adiu-

722 2895 877 2955 torii
917 2896 1284 2971 superioris
1330 2896 1603 2956 luminis
1630 2897 1698 2956 in
1723 2897 1954 2957 ordine
1989 2897 2073 2956 ad
2100 2897 2380 2957 salutem
2412 2898 2798 2972 promissam
2834 2913 2954 2972 per
2986 2896 3176 2957 Chri-

719 2987 919 3063 stum,
953 2985 1040 3045 ad
1086 2986 1266 3061 quod
1314 2985 1824 3062 concipiendum
1869 2987 2066 3047 homo
2112 2986 2386 3047 relictus
2418 2987 2556 3047 suis
2588 2985 2876 3062 propriis
2907 2985 3173 3046 lumini-

718 3074 845 3134 bus
877 3079 1299 3150 supponatur
1335 3091 1480 3136 sese
1526 3076 1829 3151 potuisse
1873 3092 2168 3136 movere:

1167 3164 1513 3243 Suspecta,
1555 3165 1792 3225 favens
1840 3165 2098 3225 haeresi
2144 3165 2722 3241 semipelagianae.

1252 3378 1348 3423 DE
1398 3377 1850 3424 OONDITIONE
1901 3378 2214 3424 HOMINIS
2250 3379 2386 3424 SUB
2434 3379 2630 3425 LEGE

1074 3523 1243 3584 Ibid.

808 3619 911 3678 19.
953 3616 1124 3674 Item
1158 3631 1331 3689 quae
1377 3613 1746 3692 subiungit,
1783 3615 2116 3674 hominem
2151 3617 2277 3676 sub
2308 3618 2475 3694 lege,
2511 3636 2648 3676 cam
2681 3626 2833 3679 esset
2866 3621 3172 3698 impotens

717 3708 801 3766 ad
848 3723 985 3764 eam
1031 3704 1502 3781 observandam,
1542 3704 2126 3780 praevaricatorem
2172 3707 2455 3784 evasisse,
2520 3726 2644 3767 non
2692 3710 2938 3784 quidem
2984 3710 3170 3787 eulpa

716 3796 890 3874 leyis,
924 3811 1083 3871 quae
1105 3793 1507 3853 sanctissima
1530 3798 1690 3868 erat,
1718 3793 1824 3851 sed
1848 3794 2032 3870 eulpa
2061 3793 2346 3872 hominis,
2374 3795 2483 3871 qai-
2503 3797 2616 3857 sab
2645 3798 2769 3874 leye
2799 3799 2934 3859 sine
2955 3799 3172 3876 qratia

714 3885 917 3963 mayis
950 3883 1268 3961 mayisqae
1296 3882 1786 3958 praevaricator
1831 3884 2027 3943 evasit
2074 3884 2621 3962 superadditque‚
2674 3887 2883 3964 leym,
2941 3888 3000 3948 si
3047 3906 3172 3948 non

714 3974 971 4035 sanavit
995 3990 1104 4032 cor
1135 3971 1423 4049 hominis,
1460 3970 1729 4047 effecisse
1767 3977 1837 4031 ut
1883 3990 2000 4032 sua
2033 3975 2205 4033 mala
2236 3981 2622 4050 cognosceret
2653 3982 2711 4035 et
2743 3977 2818 4036 de
2839 3995 2960 4036 sua
2993 3977 3172 4053 infir-

713 4064 935 4122 mitate
979 4061 1295 4122 convictus
1327 4062 1710 4121 desideraret
1740 4063 2018 4138 qratiam
2054 4062 2452 4139 Mediatoris‚

808 4152 956 4224 Qua
1003 4153 1193 4225 parte
1240 4151 1647 4226 generaliter
1696 4150 1937 4228 innuit,
1989 4152 2321 4212 hominem
2370 4154 2966 4228 praevaricatorem
3014 4170 3173 4216 eva-

716 4240 883 4301 sisse
931 4256 1049 4314 per
1095 4238 1663 4300 inobservantiam
1711 4241 1901 4318 legis,
1950 4258 2150 4315 quam
2201 4242 2529 4318 impotens
2561 4248 2740 4305 esset
2784 4244 3168 4322 observare3

714 4328 909 4405 quasi
948 4327 1270 4405 ⁴impossib&
1276 4329 1329 4386 le
1352 4329 1596 4406 aliquid
1608 4330 1894 4406 potnerit
1927 4331 2239 4405 imperare
2269 4332 2377 4407 qui
2397 4332 2600 4394 iustus
2632 4339 2742 4413 est,
2767 4339 2882 4393 aut
2906 4335 3171 4394 damna-

719 4424 903 4478 turus
934 4418 1019 4477 sit
1054 4416 1355 4475 homine-m
1382 4435 1507 4494 pro
1546 4435 1614 4477 eo
1646 4419 1809 4493 quod-
1840 4437 1960 4476 ποτε
1994 4420 2209 4494 potuit
2246 4420 2467 4499 vitare,
2502 4423 2777 4500 quipius
2808 4428 2901 4483 est
2921 4443 2944 4483 .·

808 4507 913 4566 Ex
950 4523 1001 4566 s.
1039 4506 1349 4567 Caesario
1398 4524 1588 4567 serm.
1636 4508 1735 4567 73.
1781 4507 1849 4566 in
1886 4508 2172 4583 append.
2224 4509 2288 4569 S.
2333 4513 2513 4587 Aug.
2564 4528 2756 4572 serm.
2809 4513 2958 4573 273.
3008 4512 3168 4573 edit.

715 4613 995 4656 maurm.
