3529 5158
296 351 453 427 [463]
529 365 784 413 QUANDO
821 365 1119 407 0113010111
1157 366 1575 408 mamaea-no.
1613 367 2056 408 mumma-10.
2091 367 2379 410 cassano
2416 369 2597 411 00013
2673 356 2778 411 441

293 465 367 529 et
399 463 597 527 aliam
644 482 776 527 esse
820 482 1017 547 posse.
1051 463 1404 546 Aliquando
1453 465 1620 528 enim
1660 465 1759 527 est
1795 484 1892 528 res
1922 483 2031 547 per
2061 484 2128 529 se
2156 465 2437 539 honesta,
2472 466 2534 529 in
2568 466 2780 548 aliqua

293 566 623 630 virtutum
654 566 872 649 specie,
921 568 997 631 ut
1040 567 1361 645 ieiunium,
1415 567 1617 631 oratio
1664 570 1822 631 etc:
1859 567 2193 650 aliquando
2225 586 2371 632 vero
2404 568 2499 632 est
2529 587 2627 632 res
2672 588 2779 651 per

289 688 364 733 se
400 667 777 746 indifferens),
826 671 1152 752 assumpta
1199 668 1279 732 ad
1325 670 1568 734 certum
1621 669 1808 733 finem
1847 669 2315 752 assequendum.
2364 669 2500 750 Quo
2548 671 2774 753 posito,

293 771 429 835 ait:
463 791 612 836 cum
641 772 906 836 materia
942 773 1038 836 est
1073 792 1180 855 per
1217 790 1282 836 30
1315 773 1595 847 honesta,
1639 773 1835 837 etiam
1873 774 2151 837 cessante
2181 772 2526 854 adaequate
2555 774 2780 839 extrin-

289 894 438 939 seco
477 875 622 952 fine,
671 877 921 958 propter
964 894 1150 957 quem
1186 894 1260 939 ea
1304 875 1571 939 materia
1622 877 1951 958 praecepta
1999 878 2114 951 est,
2160 893 2285 939 non
2331 877 2533 940 cessat
2567 896 2675 959 per
2710 894 2775 941 se
2831 897 2839 906 ·

286 977 430 1054 le13
465 978 620 1059 quia
651 976 852 1042 adhuc
888 978 1121 1042 servari
1151 977 1378 1061 potest,
1413 978 1644 1060 quippe
1677 996 1838 1058 quae
1868 977 2046 1041 utilis
2077 978 2175 1041 est
2210 976 2429 1053 adhuc,
2463 978 2775 1060 possibilis

289 1082 358 1144 et
389 1080 561 1143 bona
587 1082 776 1161 atque
798 1079 939 1144 finis
972 1080 1359 1155 intrinsecus),
1386 1080 1495 1161 qui
1527 1079 1730 1142 adhuc
1751 1081 1985 1157 manet,
2019 1080 2085 1143 et
2114 1079 2244 1161 ipse
2273 1078 2554 1144 intentus
2582 1079 2773 1145 fuisse

287 1201 329 1246 0
351 1181 724 1265 legislatore
753 1180 1044 1246 dicendus
1082 1183 1197 1245 est.
1235 1180 1301 1245 Si
1338 1199 1483 1245 vero
1522 1182 1716 1245 etiam
1753 1181 2128 1245 intrinsecus
2158 1180 2299 1244 finis
2335 1184 2622 1257 cessaret,
2656 1181 2775 1247 hoc

283 1286 389 1349 ost
413 1284 724 1348 desineret
745 1284 1009 1348 materia
1040 1303 1171 1347 esse
1195 1285 1372 1347 actus
1405 1283 1679 1360 virtutiS,
1723 1282 2057 1365 possibilie,
2092 1283 2296 1346 utilis:
2324 1286 2475 1347 tunc
2503 1286 2772 1349 cessaret

284 1405 365 1451 eo
406 1387 549 1469 ipso
585 1386 711 1449 lex:
760 1385 866 1449 sed
910 1386 1086 1469 patet
1131 1385 1296 1468 quod
1341 1387 1493 1450 tuuc
1522 1385 1663 1449 finis
1694 1404 1819 1449 non
1868 1385 2075 1450 301010
2105 1386 2395 1469 negative
2427 1385 2532 1450 sed
2577 1386 2769 1450 etiam

285 1489 612 1553 contrarie
641 1488 928 1551 cessaret.

380 1591 452 1656 Si
477 1595 694 1656 autem
715 1592 979 1656 materia
1000 1593 1329 1674 praecepta
1351 1592 1449 1655 est
1472 1591 1623 1673 quid
1646 1610 1758 1675 per
1789 1610 1855 1656 se
1887 1591 2258 1667 indifferens,
2292 1594 2571 1655 cessante
2594 1591 2773 1656 adae-

281 1696 488 1777 quate
517 1692 661 1767 fine,
691 1695 894 1758 cessat
922 1712 994 1758 eo
1026 1694 1162 1776 ipso
1193 1693 1324 1769 lex;
1363 1712 1508 1758 cum
1541 1695 1751 1759 solum
1783 1694 2035 1777 propter
2067 1712 2211 1757 eum
2241 1693 2429 1758 finem
2463 1696 2672 1776 posset
2693 1714 2767 1759 00

279 1816 388 1861 res
423 1815 560 1860 esse
588 1796 854 1860 materia
882 1795 1040 1879 legis
1072 1797 1171 1859 vel
1200 1798 1365 1859 certe
1394 1796 1585 1859 fuerit
1624 1796 1891 1859 materia
1923 1795 2109 1859 huius
2140 1795 2317 1880 10813.

377 1899 459 1963 In
490 1899 588 1962 his
612 1897 856 1963 duobus
877 1897 1120 1962 ultimis
1151 1898 1398 1961 casibus
1429 1915 1555 1962 000
1578 1898 1925 1980 requiritur
1954 1898 2291 1963 declaratio
2322 1899 2634 1982 principis,
2661 1900 2765 1964 sed

279 2003 451 2069 satis
487 2003 585 2066 est
619 2002 964 2066 notorietas
1000 2001 1170 2078 facti,
1205 2001 1372 2083 quod
1402 2000 1543 2064 finis
1575 2001 1865 2066 cessavit.

378 2099 567 2174 463.
616 2101 779 2183 Quid
824 2121 969 2167 vero
1016 2103 1070 2167 si
1115 2102 1255 2167 finis
1301 2104 1459 2188 legis
1508 2102 1854 2185 adaequate
1891 2106 2088 2169 cesset
2124 2104 2188 2168 10
2219 2105 2602 2187 particulari,
2651 2125 2764 2190 pro

281 2207 510 2290 aliqua
548 2224 765 2288 nempe
788 2224 1068 2290 persona.
1103 2205 1458 2289 Respondet
1487 2205 1813 2290 Laymann
1844 2206 1887 2270 1.
1922 2225 1973 2271 0.
2000 2227 2060 2270 0.
2095 2208 2157 2270 3.
2191 2226 2314 2272 non
2345 2227 2583 2273 cessare
2615 2209 2765 2274 obli-

278 2309 617 2396 gationem
644 2308 804 2393 10813
834 2309 1027 2373 etiam
1057 2327 1168 2391 pro
1199 2307 1312 2372 illa
1343 2326 1632 2391 persona;
1675 2333 1713 2368 ‹
1750 2308 1901 2391 quia
1930 2308 2192 2374 interest
2221 2309 2368 2374 boni
2397 2311 2649 2394 publici,
2689 2313 2764 2376 ut

277 2414 462 2500 leges
510 2430 867 2477 communes
912 2413 992 2476 ab
1040 2411 1326 2475 omnibus
1363 2411 1783 2476 communiter
1814 2414 2155 2487 serventur,
2190 2412 2469 2493 quandiu
2499 2432 2621 2478 000
2669 2433 2765 2478 00-

212 2571 222 2579 .
278 2516 490 2582 currit
525 2514 778 2598 aliquod
819 2514 1333 2599 impedimentum
1365 2516 1769 2593 contrarium,
1805 2515 1971 2598 quod
2019 2535 2127 2600 per
2156 2516 2463 2601 epikeiam
2493 2520 2759 2599 excuset,

277 2621 359 2685 ut
393 2620 565 2682 recte
592 2619 841 2683 notavit
870 2616 1097 2683 Suarez
1122 2619 1230 2683 lib.
1258 2619 1319 2682 6.
1353 2638 1404 2682 0.
1440 2621 1500 2682 9.
1535 2639 1596 2682 0.
1638 2619 1698 2682 6.
1733 2617 1940 2698 Quare
1971 2619 2241 2684 breviter
2270 2619 2393 2684 dici
2422 2622 2647 2702 potest,
2682 2621 2762 2686 ad

276 2721 755 2787 excusationem
792 2739 829 2783 a
872 2720 1009 2804 1080
1044 2739 1167 2785 000
1200 2721 1356 2786 satis
1387 2740 1537 2798 0330,
1572 2721 1626 2785 31
1673 2722 1838 2787 ratio
1868 2721 2026 2806 10813
2056 2724 2255 2786 cesset
2285 2722 2349 2786 10
2395 2722 2761 2806 particulari

275 2825 610 2906 neyative,·
640 2842 785 2888 cum
828 2824 1049 2888 debeat
1094 2825 1287 2888 etiam
1317 2844 1554 2889 cessare
1585 2826 1924 2899 contrane,
1972 2826 2261 2891 videlicet
2289 2829 2542 2909 propter
2571 2827 2761 2911 impe-

275 2927 642 2991 dimentum
671 2928 772 2990 vel
792 2927 1093 2992 moralem
1123 2927 1697 3010 impossibilitatem
1733 2927 2070 2992 servandae
2105 2929 2264 3012 legis
2288 2954 2350 2991 ».

371 3029 562 3093 Hanc
600 3030 811 3093 tamen
863 3029 1237 3093 sententiam
1283 3049 1332 3093 3.
1380 3030 1738 3112 Α1111100303
1785 3030 1828 3093 l.
1877 3049 1929 3093 c.
1965 3032 2148 3094 vocat
2186 3033 2438 3094 tantum
2474 3032 2758 3111 probabi-

273 3132 547 3207 liorem;
583 3131 846 3196 alteram
875 3150 1020 3196 vero
1051 3131 1450 3209 contrariam,
1483 3150 1672 3212 quam
1721 3131 1930 3213 plures
1960 3134 2169 3194 tenere
2201 3131 2311 3206 ait,
2344 3130 2475 3211 ipse
2505 3131 2754 3212 quidem

276 3233 680 3318 probabilem
722 3252 845 3297 non
893 3233 1187 3308 affirmat,
1237 3232 1344 3297 sed
1380 3251 1490 3296 nec
1537 3234 1848 3315 reprobat.
1884 3232 2180 3296 Affirmat
2210 3234 2420 3295 tamen
2451 3231 2570 3295 sibi
2608 3234 2757 3296 arri-

271 3336 435 3400 dere
471 3334 673 3418 magis
708 3336 1084 3401 sententiam
1129 3336 1397 3418 priorem
1444 3354 1516 3400 eo
1562 3334 1748 3417 quod,
1797 3333 2210 3398 communiter
2253 3333 2580 3414 loquendo,
2630 3334 2754 3400 fere

275 3455 618 3520 nunquam
639 3437 700 3502 in
723 3438 1088 3521 particulari
1112 3440 1309 3503 cesset
1326 3438 1577 3502 omnino
1594 3437 1941 3521 periculum
1955 3436 2480 3502 hallucinationis.
2507 3435 2751 3503 Subdit:

279 3567 320 3601 ‹
343 3541 404 3605 si
431 3558 579 3605 vero
605 3540 937 3623 aliquando
960 3560 1144 3605 casus
1178 3540 1498 3619 accideret,
1518 3560 1642 3623 quo
1670 3540 1899 3622 aliquis
1925 3538 2174 3603 omnino
2192 3541 2398 3604 certus
2415 3541 2480 3603 et
2501 3559 2752 3606 securus

270 3647 448 3709 esset
480 3643 692 3708 abesse
724 3662 903 3708 omne
939 3643 1451 3708 hallucinationis
1490 3643 1853 3726 periculum,
1890 3643 2038 3706 tunc
2069 3661 2190 3706 non
2224 3641 2515 3707 auderem
2545 3663 2756 3709 secun-

269 3747 428 3811 dam
490 3746 867 3810 senteutiam
926 3746 1312 3829 improbare:
1380 3745 1486 3811 sed
1531 3745 1891 3811 huiusmodi
1938 3765 2119 3810 casus
2162 3745 2477 3810 rarissime
2521 3749 2753 3828 poterit

271 3867 529 3915 evemre
551 3873 615 3912 ι».

365 3950 744 4034 Exemplum
773 3951 860 4015 sit
893 3952 958 4015 in
988 3952 1253 4017 lectione
1281 3950 1586 4015 librorum
1623 3951 2108 4034 prohibitorum:
2142 3948 2465 4030 quaeritur
2511 3967 2747 4031 nempe,

271 4073 356 4119 an
387 4054 675 4118 cessante
696 4054 971 4136 periculo
1003 4058 1067 4118 et
1103 4053 1414 4130 scandalo,
1449 4053 1689 4136 possint
1721 4053 1866 4136 legi,
1909 4051 2127 4131 utique
2160 4051 2390 4131 absque
2426 4050 2746 4114 facultate.

270 4156 686 4222 Affirmativa
716 4158 1043 4234 sententia,
1077 4158 1184 4222 ubi
1215 4176 1429 4240 reapse
1462 4157 1627 4221 absit
1649 4158 1815 4220 certe
1847 4154 2191 4237 periculum
2219 4152 2748 4229 hallucinationis,

271 4260 531 4324 videtur
554 4278 711 4323 00110
733 4279 878 4324 cum
909 4260 1306 4342 praecedente
1330 4260 1641 4324 solutione
1678 4277 1727 4321 3.
1756 4257 2079 4340 Alphonsi.
2107 4254 2515 4321 Communius
2538 4259 2750 4321 tamen

266 4363 551 4447 negatur
581 4364 647 4425 et
677 4362 868 4446 negat
891 4380 1136 4444 quoque
1166 4362 1208 4425 1.
1243 4382 1294 4426 0.
1322 4382 1371 4426 3.
1399 4362 1778 4444 Alphonsus.
1818 4360 2007 4424 Ratio
2033 4378 2176 4423 vero
2209 4358 2459 4423 aliunde
2483 4358 2747 4441 petitur;

265 4467 550 4550 negatur
580 4464 820 4527 scilicet
849 4465 1263 4546 suppositum.
1296 4464 1495 4529 Aiunt
1525 4464 1692 4528 enim
1722 4482 1844 4528 non
1873 4463 2084 4536 licere;
2119 4462 2265 4544 quia
2306 4461 2444 4525 finis
2482 4461 2751 4544 prohibi-

265 4568 467 4634 tionis
507 4586 830 4649 nunquam
853 4571 1086 4642 cessat;
1112 4587 1259 4632 nam
1283 4568 1418 4631 heic
1447 4585 1571 4631 non
1609 4568 1705 4630 est
1728 4568 1937 4630 solum
1971 4567 2047 4630 ut
2076 4564 2373 4629 damnum
2403 4565 2747 4648 legentium
