3529 5158
658 327 723 369 vr
1546 322 1894 364 ramnum
1931 322 2222 365 ammius

658 424 935 486 summis
986 427 1251 485 tantum
1300 423 1498 485 labiis
1544 423 1905 499 degustare
1936 426 2212 498 propter
2246 424 2566 485 materiae
2603 425 3116 500 amplitudinem

657 545 727 601 et
773 540 1177 617 Theologiae
1222 538 1544 617 mysticae
1588 534 1787 620 (quae
1833 555 1955 614 per
1999 555 2072 600 se
2117 542 2344 600 tamen
2376 556 2533 617 pars
2563 546 2669 601 est
2715 542 3116 619 'theologiae

657 656 928 717 moralis
959 656 1329 718 universim
1363 656 1726 733 spectatae)
1760 654 2173 733 permittere,
2206 658 2524 717 contenta
2554 658 2810 718 versari
2842 658 2914 719 in
2950 659 3117 720 obli-

657 772 1045 848 gationibus
1080 772 1474 832 enarrandis
1520 775 1590 832 et
1635 788 1864 833 earum
1911 771 2559 848 transgressionibus
2604 773 2670 833 11.
2720 790 2774 833 6.
2824 775 3116 851 peccatis

657 886 1026 962 mediisque
1064 887 1528 948 communibus
1573 887 1834 948 salutis·
1871 886 2068 961 Quod
2111 903 2309 964 porro
2355 887 2711 949 maximam
2757 889 2829 950 in
2876 906 2947 949 re
2978 906 3113 949 mo-

655 1002 780 1063 rali
827 1002 1294 1065 difficultatem
1326 1002 1524 1081 parit,
1560 1007 1664 1064 est
1694 1002 2003 1064 absentia
2039 1001 2357 1079 frequens
2387 1003 2813 1064 certitudinis
2846 1006 3126 1081 proprie.

652 1118 893 1199 dictae,
943 1137 1117 1196 quae
1163 1120 1383 1181 locum
1414 1119 1714 1180 vicissim
1746 1118 1930 1180 cedit
1966 1118 2381 1195 certitudini,
2415 1122 2494 1179 ut
2525 1120 2795 1192 dicitur,
2844 1121 3108 1181 morali:

657 1235 725 1294 id
772 1251 933 1296 vero
976 1235 1289 1313 pluribus
1335 1234 1407 1295 in
1452 1235 1683 1296 eadem
1742 1252 1815 1295 re
1874 1234 2310 1310 opinionibus
2377 1234 2552 1296 viam
2626 1236 2889 1314 sternit,
2939 1252 3110 1311 quae

653 1353 1034 1430 probabiles
1080 1357 1240 1414 sunt
1285 1356 1405 1413 aut
1450 1351 1934 1429 probabiliores
1975 1355 2100 1412 aut
2165 1353 2391 1415 minus
2458 1354 2838 1429 probabiles
2885 1358 2952 1415 et
3014 1355 3112 1415 ita

651 1470 925 1547 quidem
973 1473 1051 1530 ut
1097 1471 1279 1546 quod
1325 1469 1671 1547 probabile
1720 1475 1826 1532 est
1869 1469 2046 1549 huic,
2081 1470 2180 1530 illi
2214 1470 2307 1531 sit
2343 1470 2778 1546 improbabile
2825 1475 2896 1531 et
2931 1470 3110 1546 quod

649 1585 848 1647 alteri
894 1588 1000 1645 est
1040 1585 1477 1665 probabilius,
1518 1587 1715 1648 alteri
1763 1587 1857 1648 sit
1903 1586 2022 1648 vix
2092 1585 2437 1663 probabile
2480 1603 2559 1646 ac
2604 1586 2923 1647 vicissim.
2970 1585 3031 1645 N
3034 1602 3110 1647 66

652 1700 966 1760 finiendis
1012 1702 1266 1763 exortis
1312 1702 1825 1777 quaestionibus
1893 1701 1998 1762 illi
2064 1718 2325 1779 semper
2391 1701 2616 1762 idonei
2663 1701 2877 1778 magis
2921 1719 3108 1778 repe-

650 1817 941 1895 riuntur,
992 1817 1112 1893 qui
1157 1818 1464 1880 acumine
1494 1822 1842 1896 praestent
1880 1818 2156 1897 ingenii,
2205 1837 2356 1880 cum
2401 1819 2732 1881 feliciores
2778 1838 2916 1881 non
2959 1838 3108 1883 raro

650 1933 790 1994 sint
836 1933 953 2007 qui
999 1933 1205 1993 insito
1252 1950 1454 1995 sensu
1500 1934 1787 2009 quodam
1834 1950 1954 1993 seu
2002 1936 2188 1994 tactu
2258 1935 2494 1995 morali
2551 1935 2868 1997 instructi
2915 1943 3105 2014 sunt3

651 2048 1042 2129 felicissimi,
1091 2050 1210 2126 qui
1262 2054 1544 2127 utroque
1591 2051 1952 2128 excellunt,
2001 2056 2083 2111 ut
2128 2051 2433 2127 ThomaS,
2484 2052 2692 2127 Lugo.
2757 2054 2939 2114 Hinc
2985 2060 3106 2131 est,

653 2165 834 2241 quod
882 2165 948 2224 in
1001 2170 1195 2228 tanta
1244 2166 1678 2227 multitudine
1723 2166 2190 2243 theologorum
2238 2166 2585 2228 moralium
2656 2185 2792 2230 non
2859 2172 3107 2231 multos

651 2280 940 2356 optimos
988 2281 1370 2343 habeamus.
1420 2282 1610 2343 Inter
1656 2282 1778 2342 hos
1823 2281 2125 2342 eminent
2160 2282 2228 2361 ii,
2272 2298 2441 2358 quos
2487 2282 2713 2345 schola
2758 2284 2940 2364 tulit,
2990 2287 3105 2361 qui

652 2413 787 2457 non
834 2397 1055 2459 minus
1103 2398 1175 2459 in
1226 2399 1466 2460 Morali
1498 2416 1700 2475 quam
1730 2399 1803 2459 in
1839 2399 2238 2477 Dogmatica
2269 2400 2774 2479 praestiterunt,
2809 2401 2940 2463 imo
2973 2419 3102 2465 non

648 2531 796 2575 raro
843 2516 1058 2592 magis
1106 2516 1177 2576 in
1246 2516 1368 2576 illa
1415 2533 1615 2593 quam
1665 2517 1735 2576 in
1784 2517 1917 2578 ista
1961 2517 2397 2578 emicuerunt.
2439 2518 2614 2579 Sane
2659 2519 3106 2596 praestantior

647 2649 804 2706 pars
851 2633 1161 2693 Summae
1200 2648 1252 2692 8.
1301 2633 1594 2693 Thomae
1641 2650 1777 2693 non
1823 2635 2056 2710 paucis
2103 2634 2379 2697 videtur
2424 2635 2741 2713 secunda,
2790 2652 2962 2711 quae
3001 2642 3105 2698 est

646 2747 729 2807 de
778 2763 847 2806 re
879 2747 1114 2807 morali
1145 2749 1232 2826 et,
1268 2751 1347 2806 ut
1383 2748 1465 2808 de
1500 2746 1841 2808 Cardinali
1874 2750 2064 2825 Lugo
2095 2752 2372 2829 taceam,
2407 2751 2522 2826 qui
2570 2754 2898 2813 tractatus
2929 2753 3107 2815 inter

647 2877 848 2937 opera
882 2862 1127 2923 Suarez
1164 2863 1450 2922 maxime
1480 2862 2053 2942 commendantur,
2101 2867 2264 2926 sunt
2310 2867 2641 2928 tractatus
2692 2866 2776 2927 de
2813 2868 3107 2947 Legibus

647 2981 717 3037 et
748 2976 830 3037 de
879 2977 1250 3055 Religione.
2249 3041 2252 3044 ,

736 3094 924 3154 Inter
957 3093 1360 3155 recentiores
1393 3093 1633 3155 ceteris
1663 3095 1882 3157 anteit
1909 3113 1960 3157 s.
1989 3097 2404 3177 AlphonsuS,
2430 3099 2549 3174 qui
2580 3099 2973 3164 ianseniana
2994 3103 3106 3163 1116

650 3211 950 3291 depulsa,
984 3228 1158 3287 quae
1204 3212 1431 3288 plures
1476 3211 1817 3289 infecerat,
1867 3213 2209 3274 doctrinae
2256 3231 2514 3276 morum
2560 3232 2755 3277 suum
2802 3217 3101 3279 decorem

649 3328 970 3407 restituit,
1012 3345 1252 3390 nomen
1300 3329 1593 3391 doctoris
1636 3328 1923 3407 adeptus
1968 3333 2244 3406 propter
2289 3331 2692 3409 singularem
2733 3332 3102 3394 doctrinam

646 3459 798 3501 cum
845 3446 1204 3507 sanctitate
1248 3446 1692 3508 coniunctam.

737 3559 1017 3619 Coetum
1063 3563 1167 3620 tot
1214 3561 1709 3640 Magistrorum,
1759 3562 1878 3638 qui
1924 3563 2058 3622 iam
2104 3563 2187 3623 de
2235 3580 2307 3624 re
2359 3565 2591 3626 morali
2646 3565 2895 3640 optime
2943 3567 3103 3624 sunt

643 3675 885 3752 meriti,
920 3676 1300 3752 ingreditur
1337 3695 1516 3737 nunc
1548 3678 1896 3739 Antonius
1929 3678 2271 3759 Ballerini,
2306 3698 2454 3741 cum
2487 3681 2738 3740 honore
2769 3685 2838 3741 et
2884 3679 3102 3759 laude,

638 3792 768 3853 nisi
803 3796 988 3854 totus
1023 3793 1241 3873 fallor,
1267 3795 1720 3872 excipiendus·
1757 3796 1926 3856 Cum
1958 3813 2179 3857 meum
2209 3800 2432 3857 tamen
2465 3812 2599 3855 non
2631 3794 2740 3872 sit,
2767 3810 2920 3854 eum
2949 3795 3100 3871 plu-

638 3909 822 3969 ribus
870 3911 1095 3971 verbis
1144 3911 1632 3971 commendare:
1674 3911 1841 3973 satis
1887 3912 2017 3973 erit
2060 3913 2194 3972 tria
2237 3910 2592 3972 monuisse.

728 4024 817 4083 Et
850 4025 1063 4100 primo
1097 4025 1368 4102 quidem
1403 4030 1489 4088 A.
1524 4027 1851 4088 Ballerini
1884 4029 1954 4089 in
1992 4032 2138 4090 toto
2184 4044 2382 4104 opere
2413 4026 2584 4088 illud
2622 4027 2749 4089 sibi
2788 4034 3099 4091 constan·

640 4137 897 4198 tissime
942 4142 1310 4220 proposuit,
1343 4147 1423 4203 ut
1469 4143 1900 4221 Theologiam
1939 4145 2258 4208 Moralem
2303 4143 2390 4206 ad
2427 4147 2690 4205 veteres
2720 4146 2789 4205 et
2820 4145 3099 4221 purissi-

638 4269 781 4313 mos
828 4252 1050 4318 fontes
1099 4262 1461 4338 revocaret,
1502 4258 1682 4319 unde
1712 4258 2013 4335 profecta
2042 4264 2146 4320 est
2191 4276 2471 4335 eamque
2507 4258 2753 4320 idcirco
2799 4259 3100 4338 exigeret

639 4369 1003 4431 secundum
1052 4373 1512 4450 magisterium
1557 4391 1965 4435 summorum
1997 4374 2397 4452 Theologiae
2442 4375 2773 4436 luminum
2803 4380 2873 4437 et
2911 4393 3099 4452 prae-

640 4487 866 4547 sertim
918 4506 968 4549 s.
1004 4491 1314 4567 Thomae,
1346 4490 1539 4551 cuius
1585 4489 1954 4550 doctrinam
2004 4489 2305 4566 qualibet
2341 4491 2412 4552 in
2458 4491 2851 4566 quaestione
2897 4509 3092 4567 quam

3129 2370 3184 2421 a
