3529 5158
373 324 522 400 [532]
703 327 713 335 '
867 338 1252 382 numerario
1287 337 1549 394 nonosA,
1585 339 1971 395 narxonams,
2012 340 2343 384 snusrnrms
2725 330 2830 385 491

373 437 437 501 et
462 434 717 520 gaudio,
742 437 819 499 ut
846 435 1219 501 desiderium
1248 436 1334 501 sit
1363 436 1437 500 de
1468 436 1628 501 bono
1661 435 1875 501 futuro
1913 436 2043 500 scil.
2079 438 2353 503 nondum
2385 440 2710 522 acquisito,
2733 441 2833 504 de-

367 539 621 605 lectatio
654 538 729 601 de
764 538 927 602 bono
957 539 1285 621 praesenti,
1317 538 1620 623 gaudium
1654 556 1798 602 vero
1831 538 1904 602 (10
1937 559 2004 603 10
2034 541 2391 622 praeterita.
2423 540 2545 606 Sed
2581 544 2697 607 hoc
2728 562 2834 625 po-

369 643 671 707 stremum
708 661 745 705 a
776 659 825 705 s.
865 641 1132 705 Doctore
1164 642 1328 705 sicut
1363 643 1427 705 et
1459 661 1496 705 3
1533 639 1708 725 Gury
1748 641 1806 724 ἓ.
1846 641 1992 705 167.
2027 661 2086 706 n.
2124 644 2185 707 2.
2218 643 2403 708 nimis
2435 646 2829 720 coarctatum

370 744 517 827 qnia
561 742 863 827 gaudium
909 745 1007 807 est
1041 743 1233 808 etiam
1278 743 1353 806 de
1398 744 1557 808 bono
1605 744 1935 827 praesenti,
1969 745 2095 810 imo
2144 745 2295 827 (vid.
2337 745 2515 811 Suar.
2552 747 2615 811 in
2660 748 2715 812 1.
2767 750 2829 811 2.

370 847 552 912 tract.
589 846 650 909 2.
683 844 838 927 disp.
883 844 940 908 7.
980 847 1128 909 sect.
1175 845 1230 909 1.
1265 866 1324 909 n.
1365 846 1426 909 3.
1462 847 1555 928 5.)
1590 846 1729 929 ipsa
1759 846 1975 911 fruitio
2024 848 2170 912 boni
2217 850 2485 931 possessi
2524 851 2589 913 et
2634 849 2832 915 amati

369 950 466 1015 est
493 947 815 1033 gaudium.
857 945 974 1012 Sed
1006 950 1079 1012 ut
1114 949 1297 1013 notat
1332 968 1380 1014 s.
1416 948 1687 1013 Thomas
1724 948 1782 1011 1.
1820 950 1878 1012 2.
1920 969 1979 1030 q.
2015 950 2120 1013 31.
2158 970 2213 1013 a.
2248 952 2332 1028 3.,
2374 951 2678 1035 gaudium
2707 971 2830 1016 non

369 1053 530 1117 solet
572 1051 697 1115 dici
723 1050 845 1115 nisi
876 1050 950 1114 de
980 1050 1387 1116 delectatione
1421 1050 1733 1125 rationali,
1772 1051 1971 1115 brutis
2003 1052 2425 1117 animantibus
2471 1054 2676 1119 solum
2724 1053 2831 1117 tri·

369 1155 619 1219 buimus
649 1172 871 1218 nomen
904 1152 1351 1218 delectationis,

458 1256 949 1322 Delectationem
994 1256 1129 1319 DD.
1170 1255 1419 1322 definire
1465 1256 1685 1332 solent,
1737 1257 1810 1319 ut
1856 1257 1942 1320 sit
1987 1258 2165 1321 actus
2212 1256 2464 1339 quidam
2514 1258 2829 1341 appetitus

366 1361 648 1426 animum
686 1359 958 1424 afficiens
1003 1357 1278 1422 sensibili
1307 1357 1579 1439 quadam
1625 1359 1959 1436 suavitate,
1995 1378 2118 1440 qua
2156 1358 2434 1423 vitaliter
2470 1359 2735 1441 quiescit
2763 1360 2828 1423 in

361 1462 527 1526 bono
560 1461 802 1543 adepto.
837 1460 938 1523 Ita
970 1457 1195 1524 Suarez
1228 1457 1303 1522 de
1332 1457 1635 1523 Pas-sion.
1670 1459 1828 1542 disp.
1868 1459 1924 1523 1.
1965 1462 2113 1525 sect.
2149 1461 2208 1523 6.
2245 1482 2305 1525 11.
2353 1463 2409 1524 1.
2446 1463 2506 1524 4.

454 1563 628 1644 Quae
659 1562 937 1627 definitio
970 1581 1238 1627 consona
1261 1563 1358 1625 est
1379 1561 1694 1625 doctrinae
1718 1579 1767 1624 s.
1795 1561 2089 1636 Thomae,
2110 1562 2217 1643 qui
2246 1562 2302 1625 1.
2328 1564 2388 1625 2.
2413 1582 2471 1643 q.
2491 1563 2596 1625 31.
2626 1564 2744 1626 art.
2768 1564 2826 1625 1.

361 1665 840 1733 delectationem
870 1664 1021 1727 dicit
1049 1664 1223 1746 prius
1253 1682 1385 1727 esse
1429 1664 1676 1726 motum
1709 1663 2044 1745 appetituS,
2078 1663 2396 1746 inquiens:
2423 1689 2457 1724 «
2483 1663 2640 1728 Cum
2672 1663 2831 1729 dele-

357 1770 562 1834 ctatio
594 1768 682 1833 sit
707 1768 919 1831 motus
949 1765 1013 1829 in
1045 1766 1330 1848 appetitu
1359 1765 1670 1838 rationali.
1697 1783 2074 1848 consequens
2108 1767 2651 1849 apprehensionem
2693 1786 2832 1831 sen·

354 1889 538 1937 sus...
565 1894 628 1933 ».
654 1869 810 1933 Dein
842 1867 990 1932 ibid.
1024 1867 1102 1932 ad
1135 1868 1195 1930 2.
1231 1867 1514 1950 explicat,
1541 1886 1652 1931 cur
1682 1867 1870 1933 simul
1903 1867 1989 1932 sit
2017 1868 2322 1950 quaedam
2353 1869 2551 1950 (111103,
2585 1869 2826 1934 dicens:

365 1999 402 2032 «
434 1972 617 2038 Licet
644 1972 709 2035 in
741 1988 835 2048 eo,
868 1970 976 2052 qui
1003 1970 1133 2033 iam
1162 1971 1529 2034 consecutus
1561 1971 1656 2034 031
1685 1969 1937 2047 bonum,
1971 1969 2036 2033 in
2074 1989 2196 2052 quo
2236 1970 2599 2047 delectatur,
2633 1971 2831 2035 cesset

358 2079 577 2144 motus
609 2073 1036 2151 exsecutionis
1063 2093 1185 2155 quo
1218 2073 1418 2138 tendit
1446 2073 1511 2137 in
1543 2074 1746 2150 finem,
1783 2093 1904 2139 non
1938 2075 2144 2139 tamen
2176 2076 2379 2139 cessat
2406 2076 2619 2139 motus
2651 2093 2831 2157 appe-

358 2181 588 2247 titivae
619 2178 844 2262 partis3
870 2178 1019 2259 quia
1049 2179 1211 2242 sicut
1242 2177 1415 2260 prius
1446 2176 1836 2241 desiderabat
1866 2195 1986 2241 non
2017 2178 2324 2255 habitum,
2359 2178 2451 2241 ita
2484 2177 2698 2259 postea
2731 2177 2830 2240 de-

356 2283 635 2348 lectatur
662 2281 728 2345 in
757 2281 993 2345 habito.
1021 2279 1195 2344 Licet
1223 2280 1387 2343 enim
1419 2278 1747 2343 delectatio
1781 2279 2070 2361 sitquies
2101 2279 2407 2362 quaedam
2439 2280 2827 2344 considerata

357 2384 714 2471 praesentia
742 2384 888 2448 boni
920 2381 1306 2458 delectantis,
1339 2381 1503 2463 quod
1536 2382 1844 2464 appetitui
1876 2381 2216 2456 satisfacit;
2252 2383 2460 2446 tamen
2495 2382 2696 2446 adhuc
2732 2401 2830 2445 re-

361 2487 578 2553 manet
597 2485 959 2551 immutatio
986 2485 1302 2568 appetitus
1326 2485 1404 2549 ab
1428 2484 1768 2567 appetibili,
1795 2485 2035 2549 ratione
2059 2486 2237 2549 0111113
2261 2484 2588 2550 delectatio
2613 2485 2827 2549 motus

361 2591 619 2673 quidam
658 2589 755 2654 est
789 2613 853 2665 »‚
888 2590 1065 2654 actus
1097 2587 1333 2653 scilicet
1360 2587 1593 2653 vitalis.

450 2688 632 2764 532.
668 2691 1124 2755 Delectationes
1158 2692 1370 2755 autem
1415 2689 1718 2775 distingui
1764 2692 1856 2754 ita
1902 2691 2122 2767 solent
2159 2693 2232 2756 ut
2278 2618 2437 2755 aliae
2469 2691 2826 2773 spirituales

360 2795 667 2872 dicantur,
704 2795 862 2859 aliae
895 2794 1226 2859 sensitivae
1259 2812 1368 2859 seu
1401 2794 1736 2858 sensibiles,

448 2900 553 2963 Ita
585 2896 812 2961 Suarez
843 2895 918 2959 dc
940 2895 1363 2959 Pas-sionibus
1386 2895 1540 2979 disp.
1574 2897 1629 2959 1.
1657 2899 1806 2960 sect.
1834 2897 1895 2961 6.
1923 2918 1981 2960 n.
2015 2898 2102 2962 1.:
2138 2922 2172 2954 ‹<
2198 2897 2547 2961 Delectatio
2575 2897 2698 2960 alia
2730 2900 2828 2960 031

358 2998 737 3079 spiritualia,
774 3018 933 3081 quae
970 3000 1294 3081 propterea
1339 2999 1434 3063 est
1481 2999 1856 3072 voluntatis3
1899 2999 2022 3063 alia
2070 3001 2167 3063 est
2212 2999 2458 3081 propria
2510 2998 2826 3079 appetitus

360 3102 661 3178 sensitivi,
695 3120 853 3183 quae
883 3101 1158 3185 generali
1196 3101 1441 3164 nomine
1471 3102 1680 3184 potest
1710 3100 1831 3164 dici
1862 3101 2182 3173 sensitiva,
2209 3100 2495 3179 quamvis
2530 3099 2826 3180 peculiari

361 3205 545 3270 modo
592 3205 819 3270 dicitur
865 3204 1192 3269 delectatio
1240 3203 1565 3279 sensibilis,
1605 3223 1763 3283 quae
1804 3221 1875 3265 ex
1922 3203 2074 3266 reali
2120 3203 2551 3265 coniunctione
2600 3201 2822 3264 obiecti

369 3307 445 3371 ad
475 3308 835 3371 exteriorem
858 3326 1107 3372 sensum
1132 3307 1349 3372 oritur.
1378 3306 1496 3369 1113
1529 3305 1711 3377 enim,
1739 3323 1898 3386 quae
1931 3324 2000 3368 ex
2026 3324 2182 3387 pura
2216 3304 2695 3386 apprehensione
2721 3323 2827 3367 na-

365 3410 579 3487 scitur,
605 3410 762 3474 solet
792 3410 1138 3494 spiritualis
1164 3409 1388 3484 vocari,
1417 3408 1666 3472 tametsi
1693 3408 1753 3472 in
1783 3408 2065 3490 appetitu
2097 3408 2393 3472 sensitivo
2417 3407 2736 3471 inhaereat
2760 3432 2822 3468 ».

453 3513 534 3577 Et
571 3512 820 3577 Marcus
852 3511 1113 3596 Struggl
1145 3512 1326 3575 tract.
1358 3511 1415 3574 7.
1442 3531 1499 3591 q.
1539 3511 1595 3574 7.
1633 3513 1751 3574 311.
1781 3512 1840 3575 2.
1868 3531 1927 3574 11.
1969 3512 2106 3574 12.;
2140 3535 2174 3569 «
2200 3510 2548 3575 Delectatio
2575 3528 2822 3575 morosa

365 3616 663 3681 dividitur
690 3616 755 3679 in
788 3616 1158 3681 rationalem
1190 3616 1254 3678 et
1290 3614 1659 3678 sensibilem.
1693 3613 2062 3678 Rationalis
2093 3616 2189 3679 est
2218 3614 2520 3699 gaudium
2554 3615 2617 3678 et
2663 3633 2828 3678 com·

364 3717 672 3800 placentia
702 3717 1068 3795 voluntatis,
1103 3736 1261 3798 quae
1307 3716 1586 3800 exsurgit
1613 3717 1677 3780 in
1712 3716 2034 3781 voluntate
2067 3737 2140 3781 ex
2174 3717 2527 3801 cognitione
2563 3717 2653 3780 rei
2697 3717 2825 3780 1111-

365 3820 540 3885 citae.
578 3820 913 3885 Sensimus
948 3839 1092 3885 vero
1125 3822 1220 3884 est
1250 3819 1578 3883 delectatio
1618 3820 1931 3902 appetitus
1978 3820 2277 3893 sensitivi‚
2312 3838 2469 3900 quae
2509 3818 2708 3881 oritur
2754 3838 2826 3882 ex

363 3922 810 4009 imaginatione
856 3922 1249 4007 phantastica
1296 3941 1400 4005 per
1432 3923 1675 3986 motum
1714 3922 2050 4003 spirituum
2081 3921 2372 3985 vitalium
2403 3920 2564 3983 circa
2611 3920 2825 4001 pectus

365 4026 427 4088 et
469 4025 533 4089 in
581 4025 855 4090 venereis
900 4044 1007 4107 per
1037 4026 1280 4089 motum
1312 4024 1647 4105 spirituum
1678 4024 2047 4107 genitalium
2079 4024 2140 4086 in
2177 4024 2352 4106 parte
2398 4021 2692 4086 inferiori.
2729 4024 2827 4086 In-

366 4126 548 4192 terim
580 4128 791 4192 tamen
829 4126 1297 4192 delectationem
1318 4126 1699 4191 ·rationalem
1731 4128 1981 4209 propter
2012 4125 2444 4190 connexionem
2477 4124 2824 4189 naturalem
2943 4111 2950 4118 ’

362 4228 783 4309 potentiarum
814 4227 1119 4292 ordinarie
1150 4228 1547 4309 consequitur
1578 4227 1907 4292 delectatio
1942 4227 2266 4305 sensibih'S,
2303 4227 2528 4291 saltem
2576 4227 2822 4308 quando

363 4348 455 4394 res
488 4333 588 4396 est
621 4330 986 4395 conveniens
1019 4331 1325 4413 appetitui
1363 4331 1659 4395 sensitivo
1695 4355 1757 4393 ».

449 4431 533 4499 Et
561 4433 698 4497 heic
735 4432 1176 4498 advertendum
1205 4451 1348 4496 cum
1381 4431 1606 4497 Suarez
1655 4431 1728 4495 de
1760 4431 2053 4498 Peccatis
2090 4433 2244 4516 disp.
2283 4435 2342 4497 5.
2385 4435 2532 4498 sect.
2572 4434 2629 4498 7.
2663 4455 2723 4499 n.
2763 4435 2821 4497 1.

365 4551 412 4595 s.
445 4534 753 4600 Thomam
786 4535 849 4599 et
885 4535 1040 4599 alios
1078 4535 1207 4598 DD;
1248 4536 1450 4599 totam
1486 4536 1677 4599 istam
1725 4555 1856 4600 rem
1887 4536 2234 4620 specialiter
2265 4536 2584 4619 disputare
2617 4538 2691 4601 de
2723 4538 2821 4602 de-
