3529 5158
685 321 794 375 mo
1151 335 1360 376 TnAc‘r.
1401 335 1463 376 11.
1506 336 1588 375 Dm
1624 335 2041 378 consciam-ra,
2080 336 2278 379 onpu‘r
2318 337 2383 376 11.
2422 335 2563 376 nun.
2605 335 2669 375 11.
2995 318 3155 393 [1951.

775 430 926 510 Quis
958 432 1197 515 primus
1237 431 1561 495 Rebellum
1601 432 1986 515 allegaverit,
2015 433 2252 497 nescio:
2294 451 2439 495 eum
2468 431 2630 496 certe
2662 431 2806 512 post
2836 422 3152 494 Nicolium

685 535 921 617 allegat
944 533 1251 598 Gonzalez
1292 533 1535 596 Introd.
1574 555 1631 597 n.
1661 535 1720 597 9.
1748 534 1988 599 dicens:
2023 562 2056 591 «ι
2083 535 2356 598 Tantum
2391 533 2565 597 abest
2589 534 2663 596 ut
2692 532 2844 595 haec
2867 531 3153 596 doctrina

685 634 1168 717 (probabilismi)
1217 634 1513 717 prodierit
1560 655 1595 698 a
1644 634 1969 711 societate,
2020 638 2094 698 ut
2140 635 2349 717 potins
2387 656 2418 697 e
2457 632 2765 699 Societate
2815 632 3157 715 prodierint

685 736 869 818 primi
918 737 1049 800 eius
1097 737 1582 820 impugnatores,
1634 737 1796 802 Nam
1845 756 2004 802 anno
2052 737 2240 801 1608.
2278 738 2346 801 P.
2393 736 2814 801 Ferdinandus
2860 733 3154 799 Rebellus

686 839 837 901 tom.
881 840 934 901 1.
977 838 1049 899 de
1083 838 1340 901 Iustitia
1373 842 1434 900 et
1462 838 1612 901 Iure
1650 842 1889 920 quaest.
1933 842 1991 904 5.
2028 840 2091 904 in
2138 840 2258 903 fine
2307 839 2663 921 oppositam
2710 837 2985 921 appellat
3032 856 3156 901 cer·

685 942 837 1011 tam,
865 942 951 1004 sic
977 941 1231 1005 disserte
1270 941 1711 1024 pronuntians:
1758 968 1793 1000 «
1833 945 2072 1006 certum
2096 944 2209 1017 est,
2237 941 2544 1006 neminem
2577 941 2751 1004 salva
2777 939 3153 1004 conscientia

685 1045 860 1125 sequi
921 1062 1098 1125 posse
1155 1044 1521 1125 opinionem,
1571 1063 1729 1124 quae
1786 1044 1990 1108 minus
2046 1042 2382 1126 probabilis
2430 1061 2560 1106 esse
2608 1041 2685 1106 ab
2739 1041 2874 1123 ipso
2930 1058 3155 1124 cogno·

686 1146 881 1210 scitur
919 1174 980 1209 ».

775 1248 948 1311 Unde
997 1248 1408 1329 imposturam
1447 1248 1605 1310 hanc
1651 1248 1782 1329 ipse
1821 1248 2207 1329 exscripserit
2240 1247 2385 1328 (nisi
2428 1266 2463 1311 a
2496 1245 2766 1327 Nicolio)
2798 1244 3001 1308 nescio
3043 1263 3153 1307 nec

684 1349 816 1412 eius
865 1350 1015 1432 puto
1064 1348 1268 1430 ipsum
1317 1350 1652 1412 auctorem.
1703 1350 1789 1412 At
1835 1350 2183 1431 impostura
2229 1350 2326 1413 est
2370 1352 2434 1413 et
2480 1348 2687 1431 prodit
2733 1366 2797 1412 se
2845 1365 2916 1410 ex
2965 1345 3149 1409 modo

683 1452 1013 1535 allegandi.
1065 1451 1354 1516 Rebellus
1411 1471 1531 1516 non
1588 1452 1778 1516 habet
1825 1472 1979 1535 opus
2033 1452 2235 1517 ullum
2291 1452 2365 1515 dc
2429 1451 2689 1515 Iustitia-
2735 1453 2797 1513 et
2839 1449 2991 1513 Iure
3044 1469 3151 1513 nec

684 1553 871 1617 habet
917 1554 1122 1636 plures
1163 1556 1385 1618 tomos.
1428 1554 1695 1618 Unicum
1734 1556 1944 1619 autem
1993 1554 2185 1618 edidit
2232 1555 2520 1618 volumen
2566 1573 2709 1617 cum
2748 1552 2937 1616 titulo
2980 1549 3149 1630 Opus

681 1656 756 1718 de.
798 1655 1297 1737 Obligyationilms
1346 1656 1656 1729 Iustitiae,
1706 1655 2064 1736 Rele'ye'om’s
2101 1660 2161 1717 et
2206 1654 2569 1719 czar-itatis.
2619 1652 2911 1738 Lugduni
2954 1654 3145 1717 1608.

681 1760 1006 1823 Praeterea
1045 1759 1200 1823 duas
1232 1759 1421 1823 habet
1455 1760 1659 1840 partes
1691 1760 1753 1821 et
1786 1758 1983 1841 prima
2034 1759 2466 1842 complectitur
2512 1758 2703 1821 libros
2733 1757 3025 1838 quatuor,
3062 1775 3149 1819 se-

680 1861 878 1923 cunda
925 1861 1115 1924 libros
1163 1861 1590 1944 duodeviginti
1638 1864 1700 1924 et
1746 1861 1978 1945 singuli
2016 1860 2160 1924 libri
2206 1860 2569 1924 dividuntur
2620 1858 2682 1922 in
2730 1858 3144 1939 quaestiones,

680 1962 1034 2043 impostura
1084 1965 1258 2044 patet
1303 1981 1449 2045 ergo
1498 1981 1568 2025 ex
1615 1980 1685 2026 eo
1719 1981 1985 2044 quoque,
2025 1962 2191 2045 quod
2223 1962 2374 2025 citet
2419 1960 2843 2044 quaestionem
2870 1962 2930 2024 5.
2968 1961 3148 2025 omit—

679 2065 815 2126 tens
863 2067 1104 2145 partem
1151 2066 1213 2129 et
1260 2065 1454 2147 partis
1488 2064 1751 2128 librum:
1788 2066 1950 2129 certe
1983 2065 2376 2147 quaestiones
2410 2064 2663 2146 quintae
2710 2082 3018 2127 recurrere
3050 2063 3147 2127 de-

679 2164 826 2227 bent
872 2165 1136 2249 singulis
1163 2167 1267 2229 22.
1300 2165 1494 2229 libris,
1530 2165 1695 2248 Ergo
1731 2166 1999 2230 ostendit
2034 2165 2338 2230 Gonzalez
2372 2184 2436 2229 se
2469 2164 2695 2229 librum
2735 2182 2857 2228 non
2896 2163 3142 2241 vidisse,

677 2266 856 2329 cuius
903 2286 1011 2331 nec
1057 2268 1173 2332 scit
1222 2268 1481 2331 titulum
1513 2287 1622 2331 nec
1655 2270 1859 2333 tomos
1894 2288 1999 2333 nec
2032 2266 2418 2351 partitiones,
2456 2266 2681 2348 Reipsa
2721 2284 3148 2347 omnesquae-

677 2368 908 2432 stiones
955 2369 1206 2450 quintas
1246 2370 1477 2451 inspexi
1511 2372 1572 2432 et
1607 2369 1792 2433 verba
1827 2369 2098 2453 allegata
2132 2368 2353 2433 nullibi
2391 2368 2799 2450 reperiuntur.
2835 2367 3000 2452 Ergo
3049 2371 3147 2432 est

676 2489 846 2534 mera
893 2472 1258 2553 impostura.

765 2569 1054 2637 Ceterum
1103 2592 1300 2638 nonne
1348 2576 1576 2638 tessera
1616 2575 1711 2639 est
1747 2573 2092 2658 rigidorum
2130 2573 2589 2658 theologorum,
2628 2572 2693 2636 in
2740 2571 2928 2637 dubio
2976 2574 3146 2637 stan-

673 2675 826 2739 dum
872 2695 1000 2740 esse
1048 2695 1158 2758 pro
1191 2676 1325 2761 lege
1364 2678 1426 2740 et
1459 2677 1886 2761 obligatione?
1917 2677 2113 2758 Atqui
2146 2677 2435 2740 Rebellus
2468 2695 2590 2740 non
2621 2676 2711 2739 ita
2744 2675 2952 2739 sentit.
2982 2674 3143 2740 Sane

673 2781 850 2858 parte
909 2778 1109 2860 prima
1162 2779 1268 2842 lib.
1320 2781 1379 2842 2.
1430 2780 1668 2860 quaest.
1724 2780 1825 2842 14.
1875 2799 1935 2842 ιι.
1990 2779 2045 2841 7.
2098 2779 2216 2842 ait:
2260 2805 2293 2836 ‹<
2328 2777 2588 2858 Quando
2636 2777 2895 2842 dubium
2951 2778 3142 2842 fuerit

674 2880 948 2960 aequale,
986 2900 1060 2944 an
1102 2881 1479 2945 concurreris
1515 2881 1591 2944 ad
1623 2881 1921 2944 iniustam
1971 2882 2407 2962 acceptionem,
2457 2880 2902 2965 deobligandus
2951 2882 3070 2946 eris
3104 2901 3141 2946 a

671 2981 1130 3047 restitutione...
1181 2984 1682 3047 Fundamentum
1730 2982 2141 3046 conclusionis
2188 2984 2302 3058 est,
2343 2983 2491 3065 quia
2539 2983 2601 3047 in
2648 2983 2836 3047 dubio
2892 2984 3139 3066 aequali

671 3083 890 3148 melior
935 3088 1030 3150 est
1075 3085 1346 3149 conditio
1393 3084 1827 3168 possidentis...
1863 3103 1969 3148 nec
2009 3084 2261 3168 proinde
2300 3087 2358 3149 te
2406 3086 2655 3168 exponis
2703 3085 2973 3168 periculo
3008 3106 3142 3170 pec-

670 3185 868 3263 candi,
918 3205 1039 3251 non
1087 3187 1500 3254 restituendo:
1545 3186 1692 3269 quia
1724 3205 1867 3250 cum
1899 3206 1969 3250 eo
2004 3186 2189 3251 dubio
2238 3187 2621 3270 speculativo
2670 3189 2800 3251 stat
2828 3188 3138 3253 certitudo

669 3289 961 3370 practica,
1011 3290 1175 3370 quod
1239 3290 1481 3353 licitum
1528 3290 1611 3353 sit
1659 3308 1780 3352 non
1830 3289 2174 3366 restituere,
2225 3289 2359 3353 iure
2417 3289 2821 3372 possessionis
2854 3313 2928 3354 »z
2978 3311 3143 3373 quae

670 3391 766 3452 est
791 3409 944 3470 pura
978 3390 1258 3454 doctriua
1291 3391 1736 3472 probabilismi.
1766 3391 1848 3453 Et
1881 3390 2092 3455 exinde
2121 3391 2236 3455 hoc
2269 3391 2517 3455 deducit
2548 3392 2945 3457 corollarium
2970 3414 3027 3458 n.
3065 3396 3137 3459 8:

676 3515 710 3546 «
745 3491 948 3570 Atque
997 3492 1136 3554 hinc
1183 3492 1374 3554 etiam
1421 3492 1510 3566 fit,
1548 3494 1620 3554 ut
1657 3492 1710 3555 si
1741 3492 1986 3557 dubites
2036 3493 2396 3575 aequaliter,
2434 3513 2511 3558 an
2550 3494 2972 3577 promittendo
3006 3497 3139 3562 sive

667 3593 906 3656 homiui
952 3593 1080 3656 sive
1128 3593 1257 3657 Deo
1307 3596 1419 3656 aut
1464 3593 1645 3657 aliter
1682 3593 1963 3658 debitum
2010 3597 2404 3672 contraxeris,
2446 3615 2565 3661 non
2607 3597 2897 3682 obligeris
2932 3625 2991 3661 ».
3033 3599 3137 3664 Ita

668 3696 733 3757 et
771 3694 928 3776 part.
959 3694 1151 3758 2.1ib.
1185 3696 1239 3757 1.
1267 3715 1324 3775 q.
1355 3697 1412 3757 2.
1442 3716 1499 3759 n.
1534 3697 1670 3759 lo.:
1713 3722 1747 3754 «
1782 3695 1957 3775 Quod
2000 3697 2076 3761 ad
2110 3700 2257 3760 vota
2307 3699 2553 3774 attinet,
2590 3699 2644 3762 si
2675 3699 2813 3781 quis
2861 3699 3135 3779 dubitat,

667 3798 888 3860 votum
933 3795 1121 3860 fuisse
1169 3797 1461 3861 emissum
1498 3817 1638 3861 cum
1687 3799 2021 3862 sufficienti
2068 3798 2529 3878 deliberatione,
2580 3802 2824 3866 etiamsi
2872 3802 3139 3870 dubium

667 3899 752 3962 sit
796 3919 907 3982 pro
956 3902 1218 3982 utraque
1268 3902 1440 3983 parte
1488 3900 1761 3981 aequale,
1814 3920 1933 3963 non
1983 3903 2228 3965 tenetur
2260 3902 2414 3967 illud
2457 3922 2717 3967 servare.
2753 3904 3133 3971 Probatur...

668 4004 806 4066 tum
852 4003 999 4084 quia
1044 4004 1108 4067 in
1154 4003 1340 4067 dnbio
1389 4003 1607 4066 melior
1637 4004 1732 4066 est
1763 4002 2036 4067 conditio
2084 4004 2489 4086 possidentis,
2540 4005 2815 4087 quandiu
2864 4008 3028 4071 enim
3060 4008 3139 4073 li-

663 4106 868 4169 bertas
895 4108 1107 4169 nostra
1133 4124 1254 4169 non
1279 4107 1374 4167 est
1399 4124 1503 4186 per
1526 4105 1786 4169 liberam
1822 4105 2295 4188 promissionem
2319 4108 2448 4172 Deo
2484 4107 2748 4184 addicta,
2783 4108 2861 4172 ad
2894 4110 3137 4192 aliquid

662 4206 1121 4290 praestandum,
1147 4206 1455 4270 libertatis
1480 4207 1784 4271 eiusmodi
1808 4225 2187 4290 possessores
2211 4228 2447 4287 sumus,
2482 4227 2603 4273 non
2629 4228 2771 4274 vero
2796 4210 2927 4292 ipse
2960 4212 3139 4279 Deus
3168 4265 3183 4274 .

661 4327 832 4371 more
869 4306 1270 4382 donatarii...;
1312 4328 1502 4390 quare
1542 4310 1604 4373 in
1651 4309 1837 4374 dubio
1872 4310 2006 4392 pari
2045 4329 2225 4374 nemo
2258 4313 2505 4375 tenetur
2552 4314 2768 4376 votum
2801 4313 3041 4380 solvere
3067 4343 3135 4382 ».

663 4408 856 4489 Atqui
891 4408 1044 4474 istae
1082 4410 1352 4475 rationes
1385 4412 1532 4474 sunt
1568 4411 1778 4494 potius
1810 4411 2171 4495 desumptae
2203 4434 2234 4477 e
2272 4433 2433 4496 penu
2466 4414 2908 4498 probabilismi.
