3529 5158
373 332 522 409 [337]
775 346 1026 395 QUANDO
1064 345 1378 388 mmmmm
1415 344 1711 386 oamoenm
1747 345 1939 389 Pomm
1977 345 2240 389 nmmos
2277 345 2446 389 acci..
2734 333 2843 388 345

468 446 540 508 In
572 464 637 508 re
685 451 817 507 tam
849 444 1170 526 perspicua
1217 460 1287 505 ac
1334 441 1601 524 simplici
1648 442 2070 508 confusionem
2118 442 2433 525 quandam
2472 443 2843 510 induxerunt

374 546 895 611 Salmanticenses
927 544 1001 608 de
1028 545 1181 626 Ley.
1215 563 1346 627 cap.
1382 545 1444 607 3.
1479 564 1579 608 nn.
1618 546 1857 609 50.=52.
1884 564 2026 610 cum
2065 548 2374 626 quaerunt
2398 566 2457 609 11.
2496 548 2601 610 50.
2629 550 2841 611 utrum

378 650 574 734 pueri,
609 653 939 732 postquam
975 649 1051 712 ad
1092 667 1274 713 usum
1312 648 1572 713 rationis
1611 650 2000 731 pervenerint
2022 649 2159 732 (qui
2192 649 2477 713 advenire
2507 650 2838 726 iudicatur,

379 753 501 817 nisi
530 751 703 820 aliud
735 755 994 829 constet,
1029 751 1351 834 completis
1387 754 1628 834 septem
1660 751 1884 834 annis),
1936 754 2265 817 teneantur
2306 753 2629 818 observare
2676 754 2841 837 leges

376 855 826 920 ecclesiasticas
859 879 919 918 ».
954 851 1241 918 Subdunt
1286 874 1345 917 n.
1397 855 1500 917 51.
1552 854 1856 935 quosdam
1904 855 2038 918 DD.
2090 855 2323 926 docere,
2382 882 2413 911 «
2450 874 2673 938 pueros
2721 875 2840 921 non

378 957 577 1022 teneri
606 957 686 1020 ad
731 957 897 1040 leges
943 956 1388 1020 ecclesiasticas
1436 956 1867 1026 observandas,
1917 956 2163 1021 etiamsi
2196 957 2627 1023 discretionem
2674 958 2839 1022 nacti

377 1060 627 1128 fuerint.
649 1060 867 1123 statim
891 1078 963 1122 ac
995 1058 1074 1121 ad
1097 1058 1359 1122 rationis
1383 1077 1568 1122 usum
1591 1058 1881 1139 (rationis
1910 1077 2057 1122 usus
2091 1077 2211 1122 non
2246 1063 2340 1123 est
2375 1059 2606 1141 absque
2632 1060 2840 1142 aliqua

375 1163 772 1245 discretione)
819 1163 1204 1245 pervenerint
1252 1188 1312 1225 ».
1355 1160 1591 1241 Quibus
1653 1160 1869 1225 deinde
1918 1161 2115 1226 veluti
2161 1181 2340 1226 suam
2388 1163 2839 1227 conclusionem

379 1269 701 1349 opponunt
725 1285 782 1328 n.
821 1266 926 1328 52.
959 1290 993 1322 «
1027 1283 1247 1346 pueros
1281 1268 1420 1347 post
1460 1283 1642 1328 usum
1674 1264 2000 1329 131101113...
2036 1265 2234 1328 1811811
2267 1265 2591 1330 observare
2631 1284 2839 1330 omnes

374 1368 824 1432 ecclesiasticas
868 1368 1035 1452 leges
1082 1368 1422 1449 (excipiunt
1467 1366 1654 1451 legeS,
1714 1386 1873 1447 quae
1921 1366 2403 1432 determinatum
2460 1369 2705 1451 tempus
2753 1389 2841 1433 re-

376 1471 638 1553 quirunt
671 1473 741 1535 ut
774 1489 829 1533 v.
870 1491 963 1554 gr.
998 1470 1095 1534 lex
1132 1469 1374 1552 ieiunii)
1406 1472 1469 1533 et
1517 1488 1762 1552 peecare
1810 1469 1954 1532 illas
1986 1469 2493 1553 transgrediendo
2520 1495 2582 1534 »‹.
2618 1471 2698 1534 Et
2730 1491 2839 1553 pro

377 1575 578 1656 prima
626 1573 931 1637 sententia
970 1572 1247 1657 allegant
1270 1570 1370 1647 Sa,
1406 1569 1647 1644 Sotum,
1687 1591 1735 1636 3.
1771 1571 2177 1646 Antoninum,
2231 1571 2578 1644 Marchant,
2616 1573 2840 1637 Henri-

374 1696 552 1758 quez.
586 1675 782 1757 Atqui
817 1676 1019 1758 plures
1068 1694 1139 1738 ex
1172 1674 1459 1758 allegatis
1492 1692 1810 1756 perperam
1849 1672 2299 1756 producuntur.

469 1781 561 1844 De
593 1779 916 1844 Dominico
949 1778 1099 1843 Soto
1127 1780 1403 1842 occurret
1440 1776 1787 1852 dicendum,
1821 1776 1929 1840 ubi
1960 1776 2034 1841 de
2068 1777 2457 1842 Eucharistia
2499 1778 2603 1858 (cf.
2640 1783 2719 1844 tr.
2760 1779 2835 1843 X.

373 1883 525 1946 sect.
564 1883 624 1944 4.
661 1881 774 1944 sub
802 1881 859 1962 g.
889 1877 1224 1960 imvm).
1251 1879 1336 1944 At
1367 1879 1598 1944 falsum
1629 1881 1741 1955 est,
1784 1878 1948 1959 quod
1989 1878 2166 1943 aiunt
2199 1876 2733 1954 Salmanticenses,
2769 1902 2840 1947 ex

372 2005 426 2048 3.
466 1984 769 2048 Antonini
806 1981 1109 2047 sententia
1149 2001 1272 2047 non
1311 1981 1576 2065 obligari
1614 1980 1923 2045 masculos
1972 1983 2115 2046 ante
2154 2001 2386 2046 annum
2433 1983 2742 2047 decimum
2778 1987 2841 2047 et

370 2085 725 2160 dimidium,
773 2085 1033 2149 feminas
1081 2103 1225 2149 vero
1259 2088 1401 2148 ante
1449 2102 1681 2148 nonum
1715 2103 1858 2147 cum
1890 2083 2164 2148 dimidio.
2206 2083 2369 2148 Nam
2403 2105 2450 2149 s.
2486 2085 2838 2151 Antoninus

375 2187 618 2253 Summ.
650 2190 809 2270 part.
847 2188 907 2250 2.
949 2186 1048 2251 tit.
1081 2188 1162 2265 Δ9.
1198 2205 1328 2269 cap.
1365 2188 1424 2249 8.
1469 2187 1528 2267 ξ).
1564 2186 1646 2250 11.
1686 2185 1749 2248 id
1797 2185 1981 2251 refert
2020 2204 2090 2249 ex
2140 2191 2345 2252 mente
2383 2188 2553 2251 Petri
2599 2188 2672 2252 de
2718 2190 2841 2253 An·

372 2292 668 2357 charano.
694 2308 816 2354 non
854 2309 926 2353 ex
957 2307 1091 2353 sua.
1118 2287 1179 2352 S.
1206 2288 1507 2353 Antonini
1532 2287 1841 2354 sententia
1865 2290 1959 2353 831
1996 2289 2062 2351 1⁰
2094 2289 2260 2370 quod
2299 2316 2331 2347 «
2369 2290 2525 2354 utin
2559 2291 2839 2372 pluribus

368 2397 583 2460 octavo
613 2414 783 2456 anno
806 2393 965 2472 (scil.
1001 2393 1243 2474 expleto
1268 2391 1615 2474 septennio)
1638 2411 1801 2471 puer
1832 2390 2110 2454 nondum
2141 2388 2327 2454 habet
2349 2411 2533 2456 usum
2557 2393 2836 2471 rationiS,

373 2499 452 2562 ut
475 2496 848 2581 experientia
865 2496 1060 2560 docet.
1090 2495 1345 2559 Certum
1369 2496 1463 2558 est
1497 2497 1726 2568 autem,
1761 2493 1927 2575 quod
1960 2493 2103 2557 ante
2138 2511 2319 2558 usum
2352 2494 2612 2558 rationis
2630 2495 2839 2560 nullus

374 2619 628 2685 peccare
674 2602 881 2682 potest
912 2617 1020 2664 nec
1051 2598 1293 2682 legibus
1327 2597 1772 2681 adstringitur;
1807 2595 1967 2661 unde
1999 2596 2146 2661 talis
2180 2616 2285 2679 per
2317 2616 2692 2679 consequens
2731 2619 2839 2664 nec

372 2703 658 2768 confiteri
706 2704 950 2767 tenetur
974 2727 1036 2764 ».
1085 2701 1164 2764 Et
1212 2699 1428 2765 deinde
1472 2700 1709 2765 subdit:
1751 2725 1786 2755 «
1818 2697 1977 2764 Cum
2025 2700 2159 2783 pari
2207 2703 2530 2783 praecepto
2578 2702 2839 2783 quilibet

374 2807 692 2891 obligetur
731 2804 810 2869 ad
845 2804 1340 2869 communionem
1371 2804 1532 2868 sicut
1571 2802 1647 2867 ad
1686 2802 2150 2879 confessionem,
2191 2807 2263 2868 ut
2296 2804 2468 2887 patet
2502 2823 2606 2886 per
2637 2806 2837 2887 ipsam

372 2909 748 2976 decretalem
780 2909 958 2987 (haec
989 2926 1110 2971 non
1142 2908 1236 2971 est
1267 2906 1698 2989 interpretatio
1731 2906 2125 2987 communis),
2160 2905 2309 2970 dicit
2357 2926 2406 2970 s.
2456 2906 2726 2972 Thomas
2776 2909 2835 2973 in

372 3014 437 3077 4.
466 3015 645 3085 38111..
673 3010 836 3092 quod
855 3009 1030 3093 pueri
1053 3010 1213 3074 circa
1241 3009 1632 3073 undecimum
1659 3008 1754 3071 vel
1780 3007 2215 3071 duodecimum
2236 3027 2467 3071 annum
2500 3012 2621 3086 (est
2654 3010 2835 3093 lectio

373 3116 692 3185 mendosa.
719 3133 767 3177 S.
795 3113 1066 3177 Thomas
1096 3113 1316 3176 habet:
1358 3110 1680 3182 decanum,
1717 3108 1809 3170 vel
1845 3107 2280 3189 undecinmm),
2314 3108 2366 3171 si
2405 3112 2743 3188 appareant
2776 3110 2837 3173 in

372 3219 466 3282 eis
504 3218 683 3302 signa
730 3215 1096 3291 devotioniS,
1146 3213 1238 3278 ita
1292 3212 1526 3277 scilicet
1572 3210 1737 3291 quod
1785 3209 1983 3273 sciant
2023 3209 2362 3272 discernere
2395 3226 2617 3289 panem
2650 3211 2840 3272 mate-

376 3320 598 3384 rialem
636 3338 670 3383 a
704 3316 1156 3392 sacramentali,
1206 3315 1445 3398 possint
1482 3312 1970 3377 communicare:
2006 3310 2171 3392 quod
2202 3310 2372 3385 dicit,
2414 3310 2561 3391 quia
2596 3329 2840 3393 praesu-

375 3422 579 3486 mitur
629 3422 754 3484 iam
801 3420 1023 3484 habere
1079 3436 1261 3483 usum
1310 3415 1568 3480 rationis
1616 3417 1679 3478 et
1725 3433 1848 3477 non
1896 3415 2080 3478 antea
2122 3438 2181 3476 1».
2236 3412 2323 3475 Ex
2371 3412 2597 3493 quibus
2645 3415 2836 3496 patet,

373 3548 426 3592 s.
454 3526 841 3591 Antoninum
873 3524 1152 3597 sensisse,
1187 3540 1372 3585 usum
1404 3518 1662 3584 rationis
1695 3517 1892 3582 serius
1926 3516 2247 3592 advenire3
2286 3516 2391 3581 sed
2431 3516 2585 3580 nihil
2618 3516 2839 3581 habere

372 3629 453 3694 de
482 3627 782 3692 dilatione
807 3629 947 3710 post
975 3644 1157 3690 usum
1193 3623 1477 3688 rationis.

466 3727 644 3802 337.
681 3729 895 3811 Neque
941 3728 1217 3793 theoriae
1264 3724 1846 3790 Salmanticensium
1894 3723 2123 3795 favent,
2167 3742 2324 3805 quae
2357 3722 2544 3787 habet
2579 3723 2838 3787 Iacobus

375 3834 709 3901 Marchant
725 3831 972 3914 abipsis
998 3830 1325 3914 allegatus.
1346 3829 1464 3893 Hic
1497 3829 1715 3892 auctor
1747 3825 2134 3891 Canclelcaebm‘
2158 3826 2404 3905 mystici
2428 3828 2505 3886 tr.
2527 3826 2586 3885 4.
2615 3843 2746 3904 cap.
2776 3824 2836 3885 6.

373 3958 436 4020 q.
473 3940 553 4012 2.,
602 3940 830 4009 censet,
858 3934 1283 4018 perfectiorem
1330 3950 1513 3995 usum
1559 3930 1838 3999 rationis,
1873 3948 1996 4012 quo
2044 3931 2106 3990 et
2135 3927 2433 4008 mysteria
2458 3924 2710 4003 plenius
2733 3946 2840 4006 αρ-

363 4039 766 4121 prehendant
795 4037 1104 4119 (loquitur
1135 4035 1207 4099 de
1248 4033 1626 4118 obligatione
1665 4030 1952 4096 audiendi
1984 4029 2271 4111 Missam)
2298 4030 2359 4091 et
2392 4026 2837 4109 obligationem

377 4162 448 4207 ac
478 4141 913 4215 attentionem,
954 4157 1078 4220 qua
1108 4137 1233 4201 illis
1267 4135 1577 4221 mysteriis
1602 4136 1895 4200 interesse
1923 4135 2187 4215 oportet,
2217 4149 2437 4214 pueros
2463 4149 2583 4194 non
2616 4129 2838 4193 habere

375 4246 517 4323 fere,
536 4244 839 4310 nisicirca
866 4243 1157 4318 aetatem,
1181 4260 1304 4322 qua
1338 4239 1540 4304 idonei
1571 4258 1700 4303 esse
1717 4236 2022 4319 incipiunt
2047 4236 2237 4300 etiam
2272 4234 2349 4298 ad
2382 4232 2838 4298 Eucharistiam

374 4348 761 4413 sumendam.
805 4369 838 4402 «
873 4343 1168 4408 Videmus
1200 4342 1385 4415 euim,
1420 4340 1641 4423 inquit,
1682 4339 1981 4404 maiorem
2007 4340 2245 4421 partem
2285 4355 2617 4419 puerorum
2650 4334 2837 4398 etiam

371 4451 683 4515 decimum
722 4465 956 4510 annum
995 4444 1440 4528 attingentium
1489 4444 1551 4506 in
1600 4442 1854 4506 ecclesia
1894 4444 2058 4504 stare
2098 4443 2373 4522 tempore
2422 4438 2670 4507 Missae,
2722 4436 2841 4500 huc

370 4553 518 4618 illuc
551 4545 1122 4630 circumspiciendo,
1174 4546 1302 4609 sine
1351 4545 1693 4608 attentione
1741 4543 2039 4624 requisita
2089 4545 2203 4605 aut
2239 4541 2430 4605 etiam
2469 4560 2610 4604 cum
2657 4539 2838 4602 sociis
