3529 5158
315 349 458 426 [228]
1132 361 1534 405 consorrm'rm
1573 362 1965 405 scaurunosA
2672 351 2781 406 257

317 461 475 526 idest
519 459 855 525 dummodo
900 459 1208 524 iudicetur
1254 459 1333 522 ab
1380 461 1622 543 agente,
1673 460 2220 543 apprehensionem
2264 461 2442 525 illam
2479 481 2608 526 6336
2655 463 2784 528 166-

316 582 454 627 nem
498 580 748 639 vanam,
782 560 1007 626 falsam
1053 561 1168 625 etc.
1203 562 1390 642 atque
1439 561 1590 625 adeo
1638 561 1841 644 reipsa
1872 581 1994 627 non
2026 562 2241 627 haberi
2271 565 2593 645 peccatum
2618 566 2783 646 quod

318 667 601 731 timetur.

404 770 738 835 Rationem
776 769 955 833 affert
983 768 1083 842 A.‚
1110 768 1274 851 quod
1297 769 1454 832 nulli
1488 788 1552 833 se
1575 770 1849 852 periculo
1884 771 2177 852 exponat3
2213 770 2436 853 quippe
2468 789 2628 834 vana
2660 772 2786 834 ista

319 872 720 957 apprehensio
757 889 882 936 non
907 871 1080 936 tollit
1109 870 1409 936 iudicium
1441 872 1787 953 practicum
1812 872 2128 955 probabile
2153 872 2228 937 de
2257 872 2581 936 honestate
2606 874 2784 937 actus

318 976 478 1059 quod
511 974 750 1039 scilicet
784 973 1087 1038 iudicium
1132 974 1295 1038 inest
1339 974 1459 1056 ipsi
1493 975 1703 1058 agenti
1738 975 2072 1039 actualiter
2103 975 2201 1038 vel
2231 974 2636 1038 habitualiter
2673 994 2784 1040 seu

319 1078 691 1158 virtualiter,
739 1079 966 1162 quippe
1014 1078 1120 1161 qui
1157 1079 1352 1157 novit,
1395 1078 1698 1143 actionem
1735 1099 1859 1144 non
1892 1098 2023 1144 esse
2053 1079 2254 1162 reipsa
2285 1079 2590 1143 illicitam.
2617 1081 2783 1144 Bene

317 1201 362 1246 3.
394 1181 582 1266 Alph.
617 1181 725 1245 lib.
764 1183 821 1245 1.
849 1202 909 1245 n.
956 1182 1089 1245 18.:
1131 1206 1166 1238 «
1198 1178 1588 1246 Conscientia
1635 1181 2017 1266 scrupulosa,
2059 1200 2166 1246 seu
2214 1180 2521 1246 dictamen
2554 1182 2781 1247 mentis

316 1303 384 1349 ex
429 1284 739 1367 scrupulis
773 1286 984 1349 ortum
1020 1301 1142 1348 non
1188 1285 1397 1366 potest
1427 1283 1666 1348 auferre
1699 1303 2019 1348 assensum
2050 1284 2123 1348 de
2162 1284 2423 1349 actionis
2454 1285 2780 1349 honestate

317 1386 485 1469 prius
533 1386 931 1452 efformatum
977 1404 1048 1450 ex
1079 1385 1436 1451 confessarii
1476 1386 1706 1450 iudicio
1753 1387 1854 1450 vel
1901 1387 2026 1451 alio
2070 1386 2254 1452 modo
2303 1412 2337 1444 »
2390 1406 2448 1450 v.
2488 1407 2582 1471 gr.
2632 1387 2781 1469 quia

317 1507 384 1552 ex
419 1486 597 1552 libris
630 1488 729 1551 vel
767 1487 1158 1551 catechismis
1191 1490 1304 1552 aut
1335 1488 1731 1553 concionibus
1763 1488 1980 1553 didicit
2005 1490 2192 1570 atque
2223 1488 2374 1553 adeo
2399 1489 2462 1551 in
2486 1492 2783 1572 promptu

317 1591 519 1668 habet,
555 1609 680 1674 quo
727 1590 940 1655 vincat
967 1609 1195 1655 vanam
1227 1590 1789 1675 apprehensionem.
1837 1591 2000 1655 Hinc
2047 1591 2373 1673 scrupulus
2413 1590 2614 1673 reipsa
2660 1610 2782 1654 non

317 1693 637 1777 suspendit
670 1712 1008 1771 assensum,
1043 1694 1117 1756 ut
1148 1692 1269 1756 dici
1300 1692 1521 1757 debeat
1550 1712 1768 1756 verum
1800 1693 2076 1770 dubium,
2114 1692 2215 1756 sed
2249 1695 2345 1757 est
2375 1692 2570 1756 veluti
2603 1711 2786 1774 quae-

317 1795 457 1860 dam
489 1795 715 1879 calig0,
734 1794 963 1874 fumuS,
990 1795 1204 1872 nubes,
1231 1814 1391 1876 quae
1406 1796 1644 1858 rectum
1669 1794 1969 1859 iudicium
1986 1795 2277 1859 obscurat
2292 1792 2540 1875 quidem
2574 1790 2783 1876 aliquo

319 1897 498 1962 modo
548 1898 614 1961 et
660 1896 1042 1975 obtenebrat,
1093 1896 1200 1961 sed
1246 1915 1369 1961 non
1417 1897 1606 1961 tollit.
1657 1897 1758 1961 Ita
1792 1917 1848 1961 v.
1883 1917 1976 1981 gr.
2012 1896 2120 1979 qui
2166 1896 2329 1960 inter
2358 1896 2784 1960 celebrandam

318 1999 577 2064 Missam
610 1999 866 2084 angitur
911 1999 1222 2082 scrupulo,
1262 1998 1427 2081 quod
1473 2017 1595 2063 non
1629 1999 1867 2063 attente
1899 1997 2400 2082 pronunciaverit
2430 1998 2614 2061 verba
2646 2016 2785 2062 con-

319 2103 679 2169 secrationis
726 2104 790 2167 et
834 2105 1042 2168 tamen
1089 2103 1478 2186 perturbatio
1525 2104 1649 2167 ista
1696 2122 1819 2167 non
1867 2103 2039 2167 tollit
2082 2103 2389 2167 dictamen
2435 2101 2509 2165 de
2541 2121 2661 2167 non
2694 2121 2785 2166 re-

322 2206 581 2290 petenda
628 2205 863 2270 forma:
912 2206 1005 2269 ita
1050 2205 1159 2287 qui
1206 2206 1326 2269 sibi
1371 2206 1615 2269 videtur
1660 2224 1783 2270 non
1833 2205 1983 2269 bene
2018 2192 2309 2269 recitasse
2354 2205 2560 2269 Horas
2594 2206 2783 2286 atque

323 2309 469 2374 adeo
516 2308 879 2392 repetendas
926 2307 1045 2373 sibi
1079 2308 1223 2372 illas
1270 2326 1401 2373 esse
1446 2309 1633 2391 putat
1673 2310 1737 2372 et
1784 2309 1990 2371 tamen
2022 2306 2252 2371 iudicio
2282 2306 2637 2371 confessarii
2670 2305 2786 2369 aut

323 2414 507 2477 etiam
539 2412 866 2495 praecepto
893 2410 1277 2476 obedientiae
1299 2411 1418 2474 scit
1441 2410 1556 2474 sibi
1588 2410 1651 2473 id
1685 2429 1816 2475 6336
1840 2408 2236 2473 1616111161616
2270 2411 2382 2473 661
2404 2407 2781 2473 dissuasum.

408 2514 628 2579 Monet
657 2515 870 2579 autem
893 2513 970 2578 A.
989 2531 1112 2578 non
1145 2531 1301 2597 opus
1338 2531 1488 2590 esse,
1520 2513 1597 2575 ut
1628 2512 1704 2576 ad
1737 2511 2018 2595 singulos
2043 2513 2220 2575 actus
2243 2509 2600 2575 efformetur
2623 2510 2782 2575 illud

326 2617 649 2682 dictamen.
685 2616 746 2681 S.
780 2618 965 2700 Alph.
998 2637 1059 2680 n.
1098 2617 1240 2680 19.:
1286 2642 1321 2674 «
1353 2616 1480 2680 Nec
1513 2635 1668 2699 opus
1715 2616 1827 2692 est,
1861 2616 1935 2678 ut
1980 2615 2045 2678 in
2091 2613 2371 2696 quolibet
2416 2613 2782 2695 particulari

327 2722 462 2784 actu
500 2721 619 2785 hoc
664 2719 965 2785 iudicium
995 2718 1292 2797 efformet,
1326 2738 1543 2802 nempe
1581 2718 1747 2801 quod
1778 2718 2101 2800 scrupulos
2132 2717 2270 2798 (666
2304 2734 2529 2780 vanam
2568 2735 2785 2799 appre-

326 2821 676 2887 hensionem
714 2823 780 2886 et
806 2820 1062 2904 falsam)
1094 2822 1479 2885 contemnere
1504 2820 1724 2884 debeat
1746 2839 1817 2885 ex
1841 2821 2166 2903 praecepto
2198 2817 2586 2883 confessarii:
2629 2819 2784 2882 satis

329 2925 419 2988 est
461 2925 648 3004 enim,
687 2924 854 3006 quod
900 2943 972 2988 ex
1001 2923 1230 2988 iudicio
1263 2923 1434 3006 prius
1471 2923 1739 2988 formato
1774 2923 1989 2987 contra
2018 2920 2380 3004 scrupulum
2419 2922 2602 3005 agat3
2631 2921 2780 3003 quia

327 3030 571 3111 propter
617 3026 1057 3110 experientiam
1088 3026 1487 3109 praeteritam
1535 3025 1778 3107 (utendi
1810 3025 1940 3089 3611.
1981 3024 2097 3089 hoc
2127 3023 2491 3107 dictamine)
2537 3024 2602 3087 in
2649 3024 2782 3088 6163

328 3130 695 3195 conscientia
725 3129 1027 3194 iudicium
1055 3128 1213 3192 illud
1244 3128 1649 3193 habitualiter
1681 3128 1809 3192 sive
1841 3127 2196 3191 virtualiter
2226 3126 2487 3202 exsistit,
2522 3125 2667 3189 licet
2699 3126 2786 3189 te-

330 3233 524 3298 nebris
558 3233 960 3298 obscuratum
991 3257 1053 3294 ».

418 3361 452 3394 «
485 3335 689 3399 Tanto
721 3334 944 3418 magist,
977 3332 1183 3417 pergit
1230 3352 1278 3396 s.
1313 3333 1589 3408 Doctor.,
1640 3330 1805 3413 quod
1839 3329 2084 3412 quando
2117 3328 2517 3412 scrupulosus
2562 3329 2625 3392 in
2671 3329 2785 3393 illa

328 3437 679 3502 confusione
718 3438 1028 3520 operatur,
1062 3455 1187 3501 non
1220 3436 1512 3518 operatur
1542 3453 1683 3498 cum
1715 3431 2091 3498 conscientia
2137 3431 2408 3498 formata
2454 3433 2519 3495 et
2564 3432 2787 3495 delibe-

327 3543 479 3618 rata,
512 3558 674 3621 quae
718 3538 1058 3620 requiritur
1092 3537 1167 3601 ad
1201 3540 1522 3620 peccatum
1555 3564 1614 3600 ».
1666 3535 1867 3616 Quam
1914 3536 1977 3600 in
2015 3556 2146 3601 rem
2185 3536 2365 3600 affert
2410 3535 2782 3599 sententiam

328 3640 616 3707 Gersonis
642 3641 899 3705 aientis:
939 3665 975 3698 ⁴<
1006 3638 1397 3705 Conscientia
1427 3639 1696 3704 formata
1728 3641 1842 3714 est,
1884 3639 2128 3721 quando
2162 3639 2305 3722 post
2340 3637 2784 3702 discussionem

328 3746 389 3808 et
422 3743 930 3808 deliberationem
975 3761 1046 3807 ex
1083 3742 1402 3807 definitiva
1441 3742 1747 3806 sententia
1778 3742 2043 3806 rationis
2075 3741 2387 3805 iudicatur
2428 3738 2661 3818 aliquid
2700 3738 2787 3800 fa-

328 3845 607 3911 ciendum
639 3846 738 3910 vel
768 3845 1097 3909 vitandum
1128 3847 1192 3909 et
1222 3848 1436 3910 contra
1469 3864 1606 3909 eam
1645 3864 1827 3930 agere
1858 3847 1952 3910 est
1984 3845 2325 3926 peccatum.
2376 3841 2590 3903 Timor
2637 3857 2782 3903 vero

329 3966 432 4012 seu
469 3949 798 4031 scrupulus
843 3948 1252 4013 conscientiae
1283 3949 1396 4026 est,
1446 3948 1691 4030 quando
1722 3967 1896 4012 mens
1944 3946 2104 4010 inter
2151 3943 2339 4007 dubia
2376 3940 2649 4012 vacillat,
2685 3959 2788 4002 ne-

329 4049 518 4114 sciens
552 4049 629 4115 ad
660 4050 811 4131 quid
840 4050 1050 4133 potius
1082 4051 1385 4126 teneatur,
1420 4070 1541 4116 non
1590 4053 1799 4115 tamen
1832 4048 2021 4113 vellet
2062 4046 2366 4119 omittere,
2401 4040 2567 4125 quod
2600 4040 2784 4104 sciret

330 4171 454 4217 esse
478 4154 782 4236 placitum
812 4153 1055 4218 divinae
1085 4154 1399 4218 voluntati
1430 4156 1495 4219 et
1525 4155 1740 4218 contra
1773 4154 1937 4217 hunc
1960 4150 2248 4213 timorem
2280 4166 2388 4211 seu
2421 4144 2783 4227 scrupulum

333 4254 523 4321 facere
569 4274 692 4321 non
740 4275 978 4339 semper
1014 4258 1110 4320 est
1146 4258 1468 4340 peccatum
1501 4258 1746 4339 (nempe
1792 4256 1853 4319 ,ςὲ
1887 4255 2318 4318 contemnatur
2346 4252 2421 4312 ut
2454 4247 2685 4329 vanus)
2724 4245 2789 4311 61

330 4359 630 4437 quantum
653 4357 788 4423 fieri
819 4358 1043 4440 potest,
1084 4357 1460 4423 abiiciendus
1493 4360 1557 4423 et
1594 4355 2077 4441 exstinguendus
2108 4380 2170 4417 ».
2189 4352 2271 4417 Et
2308 4351 2482 4416 addit
2510 4350 2632 4414 ista
2659 4349 2785 4411 alia

331 4478 398 4523 ex
427 4461 642 4525 eodem
672 4459 977 4526 Gersone:
1033 4485 1069 4518 ⁴<
1117 4459 1507 4545 Scrupulosis
1554 4463 1770 4526 contra
1817 4459 2175 4540 scrupulum
2226 4455 2535 4541 agendum
2582 4454 2677 4516 est
2720 4451 2786 4513 61

330 4563 446 4629 fixo
479 4564 680 4647 operis
725 4563 877 4647 pede
923 4565 1302 4630 certandum.
1352 4563 1688 4646 Scrupulos
1734 4579 2114 4645 compescere
2158 4559 2402 4637 melius,
2444 4575 2632 4639 quam
2678 4571 2785 4634 per

489 4682 775 4736 Burmann,
805 4681 974 4725 Hor-al.
1002 4683 1153 4726 'I'omo
1179 4684 1221 4728 1.
2574 4674 2628 4715 1⁷
