3529 5158
378 378 519 455 [196]
877 395 1049 439 aneu
1060 397 1268 438 unm-A
1308 397 1356 441 s·
1394 399 1695 441 Ani-noum
1731 398 1851 441 PRO
1887 399 2335 444 PROBAmLxsuo
2723 391 2832 446 229

382 514 418 548 «
446 493 625 573 sequi
660 493 1012 572 opinionem
1055 493 1153 557 vel
1194 495 1365 559 inter
1393 494 1757 574 probabiles
1791 496 2386 576 probabilissimum.
2425 497 2583 564 Cum
2620 502 2831 565 autem

384 618 419 653 α
450 594 565 658 hoc
611 595 930 673 iudicium,
970 596 1137 678 quod
1182 597 1378 679 aliqui
1414 616 1487 661 ex
1516 598 1746 662 nostris
1784 599 2143 664 auctoribus
2175 601 2488 683 appellant
2519 601 2829 680 reflexum,

382 719 418 753 «
446 715 570 761 non
620 697 705 761 sit
751 697 924 762 aliud
970 717 1163 781 quam
1201 698 1537 782 applicatio
1583 700 1869 782 principii
1913 702 2219 786 generalis
2251 703 2329 767 ad
2359 722 2538 768 casus
2569 706 2836 787 particu-

380 822 416 856 «
444 799 628 873 lares,
655 800 971 866 evidenter
999 801 1065 867 in
1097 820 1169 866 eo
1215 800 1704 886 comprehensos,
1743 802 1948 868 nescio
1994 804 2303 885 quomodo
2350 806 2665 884 contrarii,
2699 826 2837 872 con-

380 927 414 959 «
445 921 615 967 cesso
663 903 965 987 principio
1011 903 1368 985 universali,
1409 903 1648 987 possint
1691 904 1756 968 in
1803 904 2063 970 dubium
2096 926 2404 980 revocare,
2451 928 2530 972 an
2577 909 2661 973 sit
2705 910 2835 974 lici-

376 1026 410 1060 «
442 1006 580 1068 tum
626 1024 770 1069 cum
815 1005 934 1069 tali
969 1005 1197 1070 iudicio
1245 1006 1504 1089 operari.
1553 1004 1620 1070 Si
1664 1006 1828 1071 enim
1873 1007 2029 1072 mihi
2066 1009 2449 1085 concesseris,
2499 1031 2559 1074 V.
2605 1032 2701 1095 gr.
2748 1012 2831 1076 le-

375 1129 411 1163 «
438 1125 584 1190 gem
627 1107 885 1172 dubiam
926 1126 1051 1174 non
1099 1107 1406 1193 obligare3
1457 1109 1658 1191 posito
1705 1108 1873 1190 quod
1902 1110 1966 1174 in
1999 1110 2114 1175 hoc
2150 1112 2474 1177 contractu
2504 1131 2626 1177 non
2663 1113 2827 1178 adsit

374 1209 539 1274 «lex
575 1212 767 1285 certa,
804 1230 927 1276 non
973 1211 1205 1294 poteris
1250 1210 1466 1287 dicere,
1501 1211 1581 1275 ad
1625 1211 1804 1275 illam
1847 1212 2049 1297 legem
2094 1233 2193 1278 me
2223 1215 2437 1279 teneri.
2464 1214 2641 1280 Unde
2684 1236 2828 1281 cum

374 1336 408 1370 «
441 1312 519 1377 ad
551 1314 1052 1379 constituendam
1087 1314 1288 1397 legem
1318 1314 1572 1379 dubiam
1617 1315 1890 1380 sufficiat
1935 1334 2078 1397 yera
2127 1318 2532 1400 probabilitas
2575 1318 2640 1383 in
2685 1338 2825 1384 con—

372 1437 407 1470 «
438 1414 725 1489 trarium‚
742 1419 818 1480 ut
840 1435 1028 1500 supra
1043 1416 1355 1482 evidenter
1377 1415 1789 1492 ostendimus3
1808 1418 2108 1499 sequitur,
2133 1418 2318 1499 quod,
2344 1420 2592 1485 etiamsi
2613 1419 2821 1502 opinio

373 1541 408 1575 «
436 1535 549 1599 pro
594 1518 732 1603 lege
763 1518 848 1583 sit
882 1518 1278 1601 probabilior,
1311 1537 1564 1602 possum
1593 1519 1818 1583 habere
1848 1519 2148 1584 iudicium
2178 1523 2415 1586 certum
2445 1522 2574 1585 sive
2606 1522 2824 1604 proba-

372 1643 407 1677 «
438 1619 834 1700 bilissimum,
891 1622 1058 1703 quod
1107 1621 1295 1687 liceat
1338 1621 1497 1686 mihi
1540 1620 1878 1686 secundum
1924 1621 2305 1705 probabilem
2366 1623 2624 1705 operari,
2673 1623 2821 1688 dato

372 1748 406 1779 ‹
436 1722 603 1804 quod
628 1723 1194 1806 probabilissimum
1223 1722 1524 1788 iudicium
1554 1723 1837 1800 habeam,
1876 1722 2042 1804 quod
2071 1723 2168 1787 lex
2197 1722 2385 1787 dubia
2408 1742 2529 1789 non
2563 1725 2816 1809 obliget.

372 1847 406 1881 «
435 1825 733 1908 Alioquin
777 1826 833 1890 si
862 1826 942 1891 ad
971 1826 1352 1909 operandum
1380 1844 1623 1892 necesse
1645 1827 1808 1890 esset
1836 1825 2059 1890 habere
2103 1825 2403 1890 iudicium
2434 1825 2662 1892 directe
2684 1847 2822 1910 pro-

373 1952 406 1985 «
438 1928 706 1993 habilius
737 1929 813 1993 de
843 1928 1107 1995 veritate
1151 1929 1261 2007 rei,
1311 1928 1597 1995 subditus
1644 1946 1768 1993 non
1813 1930 2020 2011 posset
2051 1928 2354 2012 superiori
2390 1929 2651 2008 obedire,
2699 1931 2821 1997 nisi

374 2055 408 2089 «
438 2034 608 2097 certo
655 2031 774 2096 sibi
809 2031 1115 2110 suaderet,
1151 2031 1502 2114 opinionem
1546 2031 1622 2095 de
1651 2050 1717 2095 re
1746 2032 2075 2114 praecepta
2105 2050 2235 2096 esse
2267 2031 2495 2097 directe
2540 2033 2823 2116 probabi·

372 2158 405 2191 «
435 2134 687 2209 liorem;
723 2133 829 2198 sed
874 2134 991 2198 hoc
1036 2132 1495 2198 subversionem
1541 2132 1858 2198 induceret
1893 2133 2090 2198 totius
2124 2133 2524 2210 obedientiae,
2565 2138 2638 2202 ut
2668 2137 2820 2202 vidi·

372 2263 405 2295 ‹
435 2255 576 2301 mus
620 2236 685 2301 in
731 2237 959 2319 quarta
1003 2236 1247 2301 ratione
1291 2236 1355 2301 et
1400 2237 1562 2300 esset
1605 2237 1823 2300 contra
1868 2254 2258 2300 communem
2297 2238 2670 2303 sententiam
2716 2259 2820 2322 pa-

374 2364 405 2397 ‹
437 2342 608 2403 trum
639 2340 703 2403 et
733 2338 1190 2421 theologorum.
1226 2336 1326 2403 Sic
1341 2338 1575 2421 pariter
1597 2338 1754 2402 alias
1792 2339 2099 2403 vassallus
2129 2357 2252 2403 non
2282 2342 2491 2422 posset
2521 2360 2634 2405 suo
2657 2343 2820 2424 prin·

371 2467 403 2500 ‹
434 2441 557 2525 cipi
587 2460 798 2525 parere
830 2440 1178 2517 militando,
1212 2440 1333 2505 nisi
1378 2440 1760 2523 probabilius
1790 2442 2082 2517 censeret,
2114 2441 2350 2506 bellum
2380 2462 2509 2508 esse
2545 2443 2814 2510 iustum:

367 2569 400 2602 ‹
433 2542 537 2609 sed
567 2543 684 2610 hoc
713 2544 877 2609 esset
898 2545 1114 2609 contra
1144 2542 1490 2608 doctrinam
1512 2542 1572 2607 d.
1598 2542 1957 2628 Augustini,
1991 2544 2099 2626 qui
2121 2543 2318 2620 docet,
2345 2544 2403 2610 ei
2424 2545 2703 2612 sufficere
2734 2548 2813 2613 ad

366 2672 401 2706 «
432 2646 855 2725 obediendum,
889 2645 1055 2728 quod
1077 2646 1331 2723 nesciat,
1364 2645 1597 2711 bellum
1632 2665 1763 2711 esse
1794 2649 1957 2710 certe
1978 2647 2283 2712 iniustum
2314 2673 2376 2712 ».

452 2775 487 2808 «
519 2747 635 2814 Sed
660 2748 852 2813 dices:
892 2749 945 2812 si
977 2767 1083 2831 per
1113 2748 1413 2812 iudicium
1448 2747 1753 2813 directum
1784 2749 1994 2831 aliqua
2042 2750 2247 2833 opinio
2295 2753 2390 2816 est
2434 2752 2642 2817 minus
2677 2772 2815 2836 pro-

365 2875 400 2908 «
431 2851 673 2923 babilis,
707 2849 1018 2933 quomodo
1049 2869 1158 2932 per
1187 2849 1503 2926 iudicium,
1537 2849 1703 2931 quod
1733 2850 1950 2915 dicunt
1971 2851 2283 2928 reflexum,
2317 2856 2525 2936 potest
2557 2855 2812 2922 evadere

363 2978 397 3010 «
433 2952 849 3036 probabilior?
880 2949 997 3016 Sed
1021 2951 1271 3016 omnino
1317 2969 1555 3033 semper
1584 2950 1687 3032 (ut
1717 2951 1949 3033 pluries
1972 2954 2400 3038 repetivimus)
2430 2954 2811 3040 distinguere

365 3080 399 3112 ‹
434 3055 680 3137 oportet
703 3053 1055 3137 opinionem
1079 3053 1159 3117 ab
1181 3072 1299 3118 usu
1333 3052 1656 3135 opinionis.
1682 3053 1873 3117 Aliud
1898 3055 1992 3118 est
2022 3055 2184 3118 enim
2215 3075 2526 3135 quaerere,
2554 3077 2631 3121 an
2663 3059 2814 3122 haec

363 3183 397 3214 «
433 3157 636 3239 opinio
685 3156 748 3220 in
796 3175 942 3220 casu
987 3154 1352 3239 particulari
1396 3155 1482 3218 sit
1524 3155 1730 3218 minus
1761 3155 1861 3218 vel
1890 3154 2094 3236 magis
2125 3155 2481 3236 probabilis,
2516 3157 2687 3220 aliud
2733 3177 2811 3222 an

364 3284 399 3316 «
432 3260 616 3324 liceat
646 3260 762 3323 hac
788 3257 1073 3341 opinione
1096 3257 1212 3322 uti.
1247 3255 1422 3322 Unde
1452 3255 1706 3319 minime
1727 3273 1842 3318 nos
1873 3253 2155 3329 dicimus,
2181 3255 2347 3335 quod
2379 3256 2584 3339 opinio
2602 3257 2811 3338 aliqua

365 3389 402 3419 ‹
435 3362 607 3426 iuxta
644 3360 948 3425 iudicium
979 3358 1284 3424 directum
1329 3359 1413 3422 sit
1442 3356 1649 3421 minus
1694 3355 2032 3438 probabilis
2079 3356 2144 3420 et
2188 3356 2364 3420 iuxta
2391 3356 2684 3422 reflexum
2730 3360 2814 3424 sit

363 3489 400 3521 ι
434 3462 847 3546 probabilior:
895 3461 1001 3527 sed
1048 3461 1399 3538 asserimus,
1433 3459 1599 3541 quod
1628 3458 1738 3522 illa
1770 3458 1945 3521 iuxta
1991 3456 2295 3523 directum
2325 3458 2399 3523 de
2429 3459 2693 3525 veritate
2722 3463 2813 3528 rei

358 3592 394 3622 «
430 3565 546 3629 erit
582 3563 791 3628 minus
837 3562 1194 3646 probabiliS,
1241 3562 1419 3626 iuxta
1465 3563 1674 3626 autem
1721 3560 2016 3625 reflexum
2051 3560 2125 3624 de
2172 3560 2496 3627 honestate
2527 3563 2808 3642 actionis,

364 3693 401 3725 ι
435 3686 586 3732 usus
615 3666 790 3731 illius
839 3664 1145 3748 opinionis
1191 3663 1310 3729 erit
1355 3663 1735 3746 probabilius
1780 3663 2012 3728 licitus.
2050 3663 2133 3727 Et
2163 3664 2252 3728 sic
2293 3665 2699 3748 respondetur
2734 3667 2809 3731 ad

360 3797 396 3830 ι
432 3770 623 3835 aliam
674 3769 1092 3834 obiectionem
1136 3786 1325 3849 quam
1356 3767 1615 3840 faciunt,
1653 3787 1870 3850 nempe
1901 3767 2067 3848 quod
2098 3787 2239 3833 cum
2272 3765 2354 3832 sit
2394 3769 2696 3853 obligatio
2726 3789 2815 3835 se-

359 3898 392 3930 «
428 3872 640 3937 ctandi
686 3870 1034 3947 veritatem,
1092 3871 1375 3934 tenemur
1419 3869 1595 3951 sequi
1638 3869 1805 3950 quod
1851 3869 2247 3934 verisimilius
2300 3869 2476 3933 nobis
2524 3870 2807 3947 videtur3

359 4000 396 4032 ι
429 3994 578 4039 nam
624 3977 700 4038 ut
747 3992 937 4055 supra
981 3973 1269 4048 diximus,
1302 3972 1462 4036 duae
1505 3971 1802 4036 veritates
1840 3972 2088 4036 omnino
2126 3972 2273 4034 sunt
2318 3969 2810 4054 distinguendae,

352 4103 388 4135 ‹
421 4077 655 4141 veritas
703 4074 1009 4158 opinionis
1055 4075 1118 4139 et
1161 4073 1393 4138 veritas
1423 4072 1769 4138 honestatis
1800 4073 2005 4155 quoad
2034 4092 2219 4137 usum
2267 4071 2591 4155 opinionis.
2624 4072 2812 4137 Tene-

350 4205 385 4238 «
419 4199 564 4244 mur
593 4178 816 4259 utique
860 4176 1084 4242 sectari
1128 4175 1296 4257 quod
1341 4163 1739 4241 'verisimilius
1786 4177 2042 4258 apparet
2085 4176 2247 4240 circa
2277 4174 2606 4240 veritatem
2628 4175 2813 4240 hone-

352 4307 388 4339 «
423 4281 614 4346 statis
645 4297 819 4353 usus,
854 4296 977 4342 non
1010 4279 1220 4342 autem
1268 4296 1505 4360 semper
1536 4276 1701 4358 quod
1749 4278 2003 4359 apparet
2040 4277 2438 4341 verisimilius
2468 4277 2629 4342 circa
2661 4277 2814 4342 veri-

347 4410 383 4444 «
417 4386 622 4451 tatem
655 4381 998 4465 opinionis:
1030 4381 1190 4446 unde
1226 4380 1377 4446 bene
1422 4380 1631 4463 potest
1659 4378 1874 4443 haberi
1904 4378 2166 4444 formido
2197 4379 2272 4443 de
2318 4380 2406 4444 rei
2452 4380 2717 4444 veritate
2747 4383 2810 4443 et

345 4514 378 4546 «
415 4486 731 4553 certitudo
783 4483 860 4548 de
905 4483 1230 4549 honestate
1277 4482 1569 4557 actionis;
1618 4481 1766 4564 quia
1812 4481 2061 4563 pluries,
2111 4484 2242 4545 esto
2289 4482 2386 4545 lex
2433 4482 2813 4565 probabilius

345 4615 384 4651 ι
417 4589 711 4655 videatur
748 4585 981 4664 adesse,
1014 4586 1224 4650 tamen
1268 4584 1648 4668 probabilius
1695 4584 1833 4660 erit,
1884 4602 2021 4648 eam
2051 4601 2173 4649 non
2221 4584 2496 4668 obligare
2543 4585 2606 4647 et
2637 4603 2709 4647 ex
2740 4602 2810 4647 eo
