3529 5158
330 370 472 446 [521]
759 385 1094 428 nrt-smmum
1133 377 1589 428 CORDHIONATA
1627 382 1692 423 m
1730 381 1813 422 nn
1850 382 2016 423 rums
2055 382 2344 425 ussukan
2687 368 2797 424 48ss

339 482 675 548 secundum
722 484 884 548 hunc
930 484 1186 548 modum
1217 485 1280 548 et
1310 483 1512 547 multo
1543 481 1746 565 magis
1780 481 2114 544 secundum
2145 480 2605 563 praecedentem
2650 481 2793 563 (sub

334 585 667 651 condition.
703 586 834 650 scil.
868 585 1258 669 impossibili,
1292 584 1366 648 de
1413 603 1535 666 qua
1582 583 1644 647 in
1692 583 1898 648 Resol.
1939 584 2096 664 seq.)
2126 582 2400 659 modum,
2435 600 2565 647 esse
2612 601 2795 666 opera

334 689 395 752 et
441 687 818 752 tentationes
864 687 1075 753 fatuas
1119 688 1184 752 et
1227 687 1485 764 diaboli3
1535 704 1680 750 nam
1724 685 2103 749 diabolicum
2148 686 2262 760 est,
2311 703 2687 766 quemquam
2730 685 2795 748 in

338 790 746 855 tentationem
783 808 847 855 se
894 792 958 854 et
1004 790 1198 855 alium
1246 789 1682 874 praecipitare:
1718 788 1773 852 si
1809 791 1989 863 esset,
2024 788 2077 851 si
2124 787 2362 863 fuisset,
2395 785 2677 863 facerem,
2710 786 2798 850 di-

330 909 541 957 ·cerem
572 893 720 968 etc‚;
763 892 841 956 ad
872 893 1027 956 nihil
1064 893 1226 957 enim
1259 893 1410 956 haec
1441 892 1694 967 ducunt,
1734 890 1855 955 nisi
1887 890 1965 953 ad
2001 892 2322 972 peccatum
2358 914 2419 952 ».

424 994 689 1059 Proinde
721 1013 770 1058 3.
800 995 983 1078 Alph.
1010 995 1119 1058 lib.
1149 997 1207 1058 5.
1243 995 1342 1058 13.
1371 994 1540 1070 dicit,
1568 1021 1601 1052 «
1621 992 1925 1057 ordinarie
1956 991 2312 1056 huiusmodi
2347 991 2648 1055 desideria
2673 1008 2794 1056 non

340 1098 713 1161 excusantur
766 1116 802 1161 a
853 1097 1114 1162 veniali:
1164 1117 1305 1161 cum
1365 1096 1775 1161 communiter
1827 1094 1953 1158 sint
2005 1093 2347 1176 periculosa
2402 1096 2514 1156 aut
2571 1092 2795 1156 saltem

336 1199 540 1263 otiosa
572 1225 632 1262 ».
669 1199 750 1263 Et
781 1197 863 1263 Sa
900 1198 978 1263 V.
1013 1198 1263 1263 Peccat.
1300 1219 1358 1262 n.
1394 1201 1453 1262 2.
1496 1198 1648 1261 dicit
1677 1197 1739 1261 id
1758 1195 2184 1276 periculosum
2215 1197 2279 1258 et
2308 1194 2651 1258 vitandum.

440 1340 550 1394 xll.
576 1342 623 1394 3.
652 1340 756 1394 Etsi
793 1340 920 1394 idem
960 1341 1171 1407 quidam,
1200 1347 1254 1394 ut
1291 1340 1395 1394 Cai.
1434 1341 1533 1394 Sal.
1561 1340 1710 1405 Vasq.
1739 1337 2006 1392 universim
2044 1341 2285 1391 affirment
2322 1339 2382 1390 de
2421 1335 2647 1390 omnibus
2683 1335 2793 1391 inre

331 1431 536 1479 naturae
574 1432 623 1479 et
660 1425 946 1493 simpliciter
971 1426 1249 1494 prohibitis,
1276 1426 1316 1480 si
1344 1424 1559 1479 conditio
1584 1423 1901 1491 impossibilis
1925 1423 2146 1491 apposita
2180 1425 2320 1477 tollat
2345 1422 2582 1476 rationem
2610 1419 2797 1488 pcccati

329 1513 391 1564 ab
431 1511 642 1575 obiecto,
670 1519 722 1565 ut
761 1512 804 1565 si
839 1511 992 1579 (11033,
1017 1512 1058 1566 31
1086 1527 1181 1566 11011
1207 1517 1339 1566 esset
1364 1518 1629 1578 peccatum,
1661 1510 1955 1577 fornicarer3
1981 1524 2042 1563 eo
2066 1511 2198 1575 quod
2235 1515 2350 1562 tunc
2390 1521 2660 1561 consensus
2699 1521 2795 1561 non

328 1594 563 1650 videatur
603 1597 715 1650 terri
739 1596 787 1650 in
816 1600 1023 1651 malum:
1050 1595 1357 1664 probabilius
1385 1603 1542 1650 tamen
1572 1595 1778 1657 videtur,
1802 1596 1935 1660 quod
1959 1593 2136 1648 docent
2160 1596 2307 1656 Azor,
2334 1596 2511 1650 Sancti.
2537 1599 2587 1647 et
2625 1595 2795 1658 Laym.

329 1694 445 1734 esse
471 1688 753 1747 peccatum
781 1696 840 1734 eo
872 1683 1006 1746 quod
1045 1679 1108 1734 sit
1143 1679 1407 1734 intrinsece
1446 1683 1625 1733 malum
1666 1693 1753 1733 nec
1780 1677 1960 1732 malitia
1999 1692 2085 1732 sua
2125 1676 2240 1731 exui
2264 1676 2420 1743 possit
2429 1691 2448 1748 3
2475 1676 2684 1742 ideoque
2713 1691 2796 1729 vo·

323 1765 495 1818 luntas
534 1769 715 1819 teratur
751 1765 799 1818 in
841 1767 1039 1818 malum.
1067 1767 1211 1832 Quod
1250 1770 1409 1817 tomen
1446 1763 1678 1827 intellige,
1705 1762 1748 1815 si
1773 1761 2035 1816 efficaciter
2061 1764 2264 1827 teratur3
2290 1759 2420 1826 quia,
2445 1759 2486 1813 si
2528 1766 2709 1814 tantum
2737 1760 2798 1813 sit

323 1848 626 1913 significatio
668 1848 1009 1916 propensionis
1035 1848 1269 1902 naturalis
1298 1851 1442 1914 (quae
1479 1847 1527 1901 in
1560 1861 1852 1900 consensum
1878 1845 2005 1900 circa
2034 1848 2130 1898 tale
2154 1843 2398 1897 obiectum
2443 1848 2680 1907 traheret,
2705 1843 2800 1896 nisi

330 1932 433 1988 Dei
462 1935 542 1986 lex
565 1935 771 2000 arceret)
793 1932 842 1986 in
867 1933 990 1986 illud
1019 1932 1283 1995 obiectum,
1309 1947 1405 1986 non
1430 1938 1506 1985 est
1531 1939 1799 1999 peccatum.
1826 1934 2002 1984 Sancb.
2030 1932 2060 1983 l.
2085 1933 2131 1983 l.
2160 1929 2300 1986 Hor.
2322 1944 2364 1983 c.
2387 1933 2436 1982 2.
2456 1943 2504 1982 n.
2524 1930 2608 1982 25.
2631 1931 2799 1993 Laym.

322 2019 356 2071 1.
392 2020 442 2070 1.
472 2023 508 2070 t.
537 2019 587 2069 3.
613 2031 656 2069 0.
682 2019 733 2070 6.
762 2030 808 2069 n.
841 2019 921 2072 ll.
951 2018 1012 2070 V.
1038 2018 1186 2072 Card.
1211 2018 1274 2071 (le
1298 2019 1434 2081 Lngo
1458 2015 1525 2071 de
1548 2015 1755 2071 Poenit.
1782 2017 1830 2069 d.
1861 2016 1942 2068 46.
1971 2029 2016 2068 n.
2045 2014 2166 2067 379.

425 2121 583 2196 521.
620 2125 681 2189 S.
720 2126 1075 2208 Alphonsus
1106 2126 1213 2190 lib.
1251 2127 1309 2190 5.
1346 2145 1404 2190 n.
1451 2127 1551 2188 13.
1589 2125 1664 2189 ad
1697 2125 1801 2188 fin.
1842 2124 2047 2188 censet
2076 2122 2391 2187 conciliari
2422 2140 2598 2204 posse
2644 2121 2799 2186 duas

333 2229 681 2295 sententias
729 2228 864 2292 DD.
932 2230 1009 2293 ab
1054 2229 1325 2294 Auctore
1373 2229 1599 2293 allatas
1662 2229 1726 2292 et
1771 2228 1959 2292 huius
2003 2225 2452 2291 conciliationis
2494 2225 2801 2289 rationem

330 2333 609 2398 desumit
656 2352 728 2396 ex
767 2332 1097 2416 postremis
1135 2332 1427 2398 Auctoris
1459 2332 1680 2408 verbiS,
1715 2332 1895 2413 quasi
1926 2349 2140 2413 nempe
2179 2329 2244 2404 ii,
2278 2328 2384 2411 qui
2433 2329 2671 2404 docent,
2705 2327 2803 2392 de-

331 2435 563 2501 sideria
594 2434 705 2499 illa
740 2434 1167 2500 conditionata
1191 2453 1310 2500 non
1337 2454 1467 2499 esse
1498 2436 1841 2517 peccatum,
1868 2434 1982 2498 hoc
2014 2433 2224 2497 dicant
2255 2451 2374 2496 non
2398 2431 2471 2494 de
2502 2430 2799 2495 desiderio

334 2537 582 2625 proprie
629 2538 815 2616 dicto,
852 2537 1019 2620 quod
1056 2538 1332 2619 aliquam
1363 2537 1702 2602 efficaciam
1733 2537 1979 2613 habeat,
2016 2535 2122 2601 sed
2151 2535 2356 2601 solum
2388 2533 2462 2600 de
2492 2532 2804 2619 significa·-

333 2643 507 2708 tione
540 2642 811 2724 quadam
852 2640 1278 2724 propensionis
1324 2640 1632 2705 naturalis
1678 2642 1742 2704 in
1777 2639 1937 2703 illud
1984 2640 2324 2703 obiectum:
2359 2637 2643 2719 quivero
2691 2635 2802 2701 illa

336 2744 643 2809 desideria
689 2744 1030 2820 damnavit,
1068 2743 1125 2807 is
1172 2742 1246 2807 de
1291 2742 1605 2807 desideriis
1646 2742 1855 2825 aliquo
1902 2741 2086 2806 modo
2134 2739 2483 2805 efficacibus
2528 2739 2591 2803 id
2639 2738 2803 2804 affir-

334 2847 555 2911 mavit.
605 2845 794 2910 Recte
841 2845 1107 2927 quidem.
1157 2845 1240 2909 Et
1285 2865 1430 2910 sane
1475 2846 1632 2910 duae
1678 2846 1836 2909 istae
1882 2845 2245 2923 sententiae,
2295 2843 2383 2907 sic
2426 2842 2796 2921 intellectae,

339 2950 491 3014 adeo
525 2968 649 3013 non
678 2950 1031 3033 repugnant
1067 2948 1229 3013 inter
1260 2968 1343 3025 se,
1379 2951 1451 3013 ut
1482 2968 1585 3013 eas
1619 2947 1888 3013 Sanchez
1927 2947 2101 3011 velut
2141 2948 2403 3010 alteram
2441 2946 2699 3009 alterius
2728 2946 2801 3009 li-

338 3052 734 3118 mitationem
772 3052 1001 3116 tradat.
1028 3051 1109 3114 Et
1142 3052 1324 3115 iuvat
1354 3052 1488 3115 heic
1519 3051 1864 3115 doctrinam
1897 3049 2165 3113 Sanchez
2195 3048 2439 3121 referre,
2478 3047 2552 3109 ut
2583 3065 2799 3110 earum

337 3155 790 3221 sententiarum
823 3154 1058 3219 indoles
1089 3154 1278 3237 probe
1309 3154 1736 3236 cognoscatur.

426 3262 688 3342 Quaerit
733 3281 879 3348 ergo
932 3261 1202 3327 Sanchez
1248 3260 1355 3324 lib.
1413 3260 1468 3323 1.
1518 3279 1649 3343 cap.
1687 3262 1746 3321 2.
1796 3279 1855 3321 n.
1894 3259 1996 3320 22.
2033 3281 2066 3315 «
2100 3276 2178 3320 an
2224 3270 2554 3322 consensus
2599 3255 2802 3318 condi-

345 3363 621 3439 tionaliS,
642 3363 804 3429 idest
840 3383 961 3446 quo
997 3362 1137 3444 quis
1174 3360 1314 3425 vult
1353 3360 1586 3442 aliquid
1620 3359 1735 3425 sub
1769 3378 1841 3423 ea
1878 3358 2257 3423 conditione:
2292 3358 2352 3421 si
2380 3353 2537 3419 mihi
2568 3353 2799 3429 liceret,

343 3466 447 3531 vel
477 3467 540 3529 si
567 3486 689 3529 non
721 3472 881 3530 esset
894 3468 1283 3546 peccatum„
1310 3465 1558 3547 excuset
1589 3483 1623 3527 a
1659 3461 1934 3539 mortali,
1962 3461 2205 3544 quando
2240 3461 2550 3526 obiectum
2581 3458 2669 3524 sic
2698 3477 2803 3523 vo-

334 3568 524 3634 litum
561 3570 647 3633 sit
674 3570 939 3634 mortale
970 3593 1032 3632 ».

428 3672 513 3736 Et
543 3691 688 3737 mox
719 3672 1003 3755 explicat,
1038 3690 1103 3735 se
1134 3670 1209 3734 de
1241 3668 1475 3734 efficaci
1503 3668 1829 3732 voluntate
1866 3666 2066 3748 loqui:
2101 3691 2134 3725 «
2157 3664 2297 3731 Non
2329 3667 2552 3745 tracto,
2574 3665 2797 3749 inquit,

339 3775 414 3839 de
462 3774 870 3840 delectatione
904 3775 1032 3838 sive
1066 3773 1411 3837 voluntatis
1443 3771 1571 3835 sive
1604 3769 1918 3853 appetitus
1965 3770 2343 3845 sensitivi...;
2378 3770 2483 3832 sed
2515 3786 2804 3851 praesens

340 3877 685 3960 (quaestio)
734 3878 829 3942 est
882 3861 956 3941 de
1016 3876 1340 3940 voluntate
1394 3874 1645 3952 efficaci,
1694 3892 1854 3954 quae
1908 3874 2003 3937 est
2064 3871 2432 3936 desiderium
2487 3871 2577 3935 rei
2636 3888 2802 3934 exse-

335 3979 615 4061 quendae
647 4006 709 4044 ».

427 4082 681 4167 Pergit:
715 4108 751 4142 «
787 4082 1052 4163 Quidam
1101 4078 1531 4146 universaliter
1578 4080 1734 4143 hanc
1783 4079 2063 4161 regulam
2110 4076 2398 4141 tradunt:
2435 4076 2499 4141 Si
2529 4076 2801 4142 conditio

340 4205 591 4251 omnem
638 4186 951 4250 malitiam
1016 4186 1092 4249 ab
1140 4184 1283 4247 actu
1330 4182 1591 4259 auferat,
1642 4180 1956 4245 excusabit
2003 4199 2037 4244 a
2087 4180 2289 4262 culpa,
2338 4199 2531 4255 300113,
2581 4180 2634 4243 31
2678 4197 2801 4243 11011

336 4289 586 4357 auferat
622 4315 685 4354 ».

428 4395 520 4458 At
553 4392 767 4457 subdit
787 4412 851 4456 n.
879 4391 1007 4456 23.:
1042 4416 1076 4449 «
1100 4389 1444 4455 Dicendum
1468 4390 1582 4465 est,
1608 4389 1766 4452 hanc
1797 4388 2079 4473 regulam
2102 4388 2191 4451 sic
2222 4385 2654 4450 universaliter
2683 4386 2805 4449 tra-

340 4493 544 4561 ditam
578 4514 712 4559 esse
744 4493 948 4559 solum
980 4513 1190 4559 veram
1221 4494 1282 4558 in
1333 4493 1428 4567 iis,
1465 4511 1624 4575 quae
1661 4491 1794 4556 solo
1828 4492 1958 4555 iure
1991 4490 2258 4574 positivo
2295 4488 2800 4571 prohibentur...;

336 4618 520 4665 secus
560 4601 773 4664 autem
809 4599 883 4663 de
915 4600 1011 4673 iis,
1052 4618 1209 4680 quae
1246 4598 1379 4662 iure
1410 4596 1687 4661 naturali
1719 4597 1848 4660 sint
1876 4594 2202 4660 interdicta
2235 4618 2295 4657 ».
