3529 5158
350 355 495 435 [626]
731 375 1079 419 msnncno
1114 375 1435 419 nummos
1475 376 1898 422 pmcnronuu.
1941 380 1996 421 sr
2034 354 2225 425 news
2262 383 2423 425 nnus
2706 373 2815 428 561

354 473 591 555 acquiri
636 475 914 556 possunt.
964 474 1127 539 Hinc
1172 474 1225 539 si
1273 474 1350 537 ad
1396 475 1655 540 eundem
1701 475 2070 558 pertineant,
2119 478 2511 546 constituunt
2564 483 2816 548 unicum

355 573 707 656 (moraliter
728 576 892 659 scil.)
914 595 1171 640 numero
1197 575 1507 641 obiectum
1529 579 1732 642 maius
1756 580 1822 642 et
1842 582 2284 661 consequenter
2307 583 2557 648 tantum
2582 588 2816 668 augent

353 678 663 743 malitiam
693 679 1079 742 numericam
1107 679 1187 762 (l)
1218 681 1414 755 actus,
1448 698 1571 760 quo
1602 680 1991 746 auferuntur.
2024 681 2074 745 Ε
2111 684 2328 749 contra
2359 685 2571 750 si·sint
2607 687 2814 769 plures

354 780 526 864 (res),
558 800 825 863 quarum
873 800 999 845 una
1028 800 1151 846 non
1182 782 1278 845 est
1312 800 1505 863 capax
1536 782 1871 864 accipiendi
1904 785 2311 867 augmentum
2344 787 2423 850 ab
2470 788 2668 854 altera
2702 791 2815 854 aut

352 901 511 965 quae
543 902 582 947 a
610 884 837 948 natura
869 881 1039 966 (sua)
1072 901 1311 964 usuque
1342 883 1664 949 hominum
1696 903 1818 949 non
1850 884 2195 951 referantur
2226 888 2304 951 ad
2334 889 2594 955 eundem
2625 890 2812 959 finem

350 1005 461 1051 nec
504 986 597 1050 ita
643 985 770 1051 sint
829 986 1270 1068 permutabiles
1316 986 1599 1065 invicem,
1647 986 1752 1051 sed
1798 988 1862 1051 in
1917 1006 1981 1052 se
2027 989 2298 1053 habeant
2344 1010 2490 1056 suas
2542 994 2814 1061 rationes

350 1091 690 1174 completas
722 1091 787 1155 et
816 1090 1110 1168 diversae,
1136 1090 1285 1156 tunc
1313 1109 1435 1155 non
1469 1091 1763 1173 poterunt
1787 1090 1953 1155 uniri
1980 1091 2046 1155 in
2077 1091 2318 1157 ratione
2348 1094 2534 1160 unius
2567 1096 2811 1175 obiecti,

349 1195 456 1260 sed
484 1196 740 1260 manent
767 1195 949 1278 plura
972 1192 1297 1259 moraliter
1319 1193 1578 1271 obiecta,
1604 1193 1892 1275 quamvis
1925 1193 2256 1259 terminent
2286 1215 2481 1260 unum
2507 1199 2718 1262 actum
2750 1200 2816 1264 et

351 1298 438 1363 sic
466 1316 532 1362 se
562 1298 751 1363 habet
796 1297 963 1364 fama
1008 1297 1203 1361 trium
1232 1294 1583 1370 hominum3
1609 1314 1757 1360 nam
1802 1294 1972 1359 fama
2004 1297 2191 1360 unius
2222 1316 2345 1361 non
2393 1301 2662 1383 augetur
2705 1321 2815 1384 per

347 1401 581 1466 famam
613 1401 935 1465 alterius...
961 1399 1125 1484 Ergo
1155 1417 1280 1465 non
1311 1397 1613 1462 uniuntur
1643 1397 1707 1461 in
1735 1397 1979 1462 ratione
2011 1398 2195 1463 unius
2223 1399 2467 1466 obiecti.
2493 1401 2576 1465 Et
2606 1421 2812 1469 conse-

346 1505 607 1586 quenter
636 1503 689 1568 si
720 1521 844 1567 uno
882 1503 1028 1566 actu
1064 1500 1432 1565 detrahatur
1461 1498 1535 1563 de
1563 1498 1734 1563 fama
1766 1498 1981 1576 trium,
2007 1518 2129 1564 non
2162 1503 2260 1565 est
2289 1501 2590 1569 detractio
2623 1505 2808 1571 unius

343 1606 549 1672 famae
587 1626 696 1671 nec
728 1606 995 1689 augetur
1025 1603 1270 1668 malitia
1317 1602 1500 1666 unius
1546 1602 1966 1678 detractionis,
2000 1603 2103 1667 sed
2137 1606 2286 1668 sunt
2328 1607 2652 1670 moraliter
2682 1610 2809 1672 tres

347 1708 759 1773 detractiones
790 1704 1052 1788 triplicis
1082 1704 1312 1779 famae3
1353 1721 1501 1786 ergo
1534 1702 1656 1766 tria
1687 1723 1944 1768 numero
1976 1707 2226 1787 peccata
2262 1731 2323 1770 ».

232 1880 237 1883 ,
438 1808 673 1873 Contra
708 1825 873 1884 vero,
907 1805 1112 1888 quoad
1142 1805 1259 1870 hoc
1297 1806 1698 1887 postremum,
1734 1804 2093 1870 Filliuccius
2126 1807 2187 1887 (e
2219 1827 2342 1889 quo
2374 1809 2612 1874 Auctor
2658 1810 2810 1876 dicit

345 1929 414 1975 se
445 1910 763 1975 desumere
792 1909 944 1991 ista)
975 1906 1190 1972 scribit
1212 1907 1395 1971 tract.
1432 1907 1535 1969 21.
1563 1926 1694 1989 cap.
1723 1908 1783 1970 8.
1812 1927 1870 1970 n.
1907 1908 2095 1972 320.:
2129 1934 2163 1966 «
2186 1909 2392 1976 Multo
2426 1912 2808 1994 probabilius

346 2012 614 2090 videtur,
634 2010 938 2079 eiusmodi
961 2010 1200 2075 obiecta
1230 2009 1472 2074 diversa
1503 2027 1759 2074 numero
1784 2010 2195 2075 materialiter
2218 2014 2282 2076 et
2304 2013 2555 2097 physice
2579 2016 2805 2096 (exem-

345 2116 520 2198 plum
542 2135 604 2179 n.
623 2115 774 2178 319.
801 2111 1121 2177 attuderat
1156 2136 1191 2171 «
1214 2112 1390 2185 inec,
1414 2112 1526 2192 qui
1545 2114 1691 2175 actu
1704 2110 1838 2174 odii
1849 2110 2096 2190 feratur
2121 2114 2190 2176 in
2213 2112 2419 2178 decem
2439 2112 2719 2181 homines
2735 2120 2806 2202 »)

345 2219 544 2284 facere
591 2218 839 2283 tantum
888 2216 1098 2280 actum
1142 2214 1377 2297 peccati
1422 2213 1807 2299 graviorem:
1843 2233 1974 2279 esse
2012 2216 2222 2280 autem
2259 2236 2456 2282 unum
2494 2219 2803 2286 obiectum

344 2320 691 2386 formaliter
749 2320 815 2383 et
863 2317 1212 2394 moraliter;
1261 2316 1522 2398 ideoque
1574 2316 1722 2381 licet
1768 2317 2035 2401 singula,
2086 2319 2140 2383 si
2186 2338 2291 2401 per
2338 2339 2402 2385 se
2450 2326 2799 2401 sumantur,

346 2424 585 2506 possint
629 2422 775 2487 dare
819 2420 1131 2486 malitiam
1178 2438 1433 2484 numero
1464 2419 1795 2497 diversam,
1829 2421 2040 2485 tamen
2089 2423 2395 2502 quatenus
2428 2424 2636 2488 omnia
2668 2444 2806 2490 con·

341 2526 691 2611 iunguntur
725 2524 790 2590 in
821 2541 947 2589 uno
989 2523 1154 2598 actu,
1187 2521 1289 2587 hic
1334 2523 1398 2587 et
1434 2541 1613 2599 nunc,
1647 2522 1893 2588 nullum
1941 2542 2013 2588 ex
2059 2523 2136 2589 iis
2183 2544 2289 2607 per
2334 2543 2400 2591 se
2445 2526 2621 2592 illam
2667 2547 2806 2594 con·

340 2629 567 2707 ferunt,
617 2627 722 2693 sed
769 2626 976 2691 omnia
1021 2625 1210 2691 simul
1256 2644 1363 2707 per
1406 2624 1663 2691 modum
1720 2625 1905 2691 unius
1952 2629 2330 2691 concurrunt
2375 2628 2451 2693 ad
2499 2649 2690 2695 unam
2738 2634 2802 2696 et

339 2732 596 2798 eandem
643 2730 986 2795 malitiam:
1019 2728 1186 2810 quod
1231 2728 1406 2810 patet
1436 2728 1502 2791 in
1536 2727 1677 2792 odio
1718 2729 2142 2793 multitudinis
2181 2729 2524 2810 hominum,
2558 2735 2635 2798 ut
2664 2753 2804 2801 con-

341 2833 745 2920 gregationis,
780 2831 1073 2908 civitatis,
1106 2829 1378 2895 nationis
1415 2831 1531 2894 etc.
1571 2853 1634 2894 ».

430 2932 609 3007 626.
649 2935 732 2999 Et
759 2934 1009 3016 quidem
1039 2952 1259 3016 parum
1305 2933 1456 2997 haec
1500 2935 1920 2999 controversia
1966 2935 2310 3013 interesset,
2354 2939 2409 3002 si
2455 2942 2797 3006 necessario

344 3038 673 3104 tenendum
721 3037 934 3102 deinde
979 3036 1141 3100 foret
1185 3035 1340 3099 illud
1386 3054 1650 3117 quoque,
1691 3036 1857 3117 quod
1895 3035 2252 3101 Filliuccius
2285 3038 2513 3103 ibidem
2545 3060 2604 3103 n.
2648 3043 2796 3105 236.

340 3141 586 3206 subdit:
633 3165 669 3199 α
700 3139 900 3205 Debet
945 3140 1154 3203 tamen
1198 3138 1261 3202 in
1309 3135 1685 3201 confessione
1733 3136 1880 3200 talis
1929 3136 2152 3201 obiecti
2190 3139 2449 3220 exprimi
2493 3141 2794 3222 gravitas,

342 3246 643 3326 tanquam
680 3241 1149 3308 circumstantia
1178 3239 1539 3320 notabiliter
1570 3254 1941 3322 aggravans.
1977 3239 2183 3319 Atque
2214 3240 2277 3302 in
2311 3239 2523 3305 ordine
2555 3242 2632 3304 ad
2663 3262 2802 3307 con-

338 3346 667 3411 fessionem
697 3364 920 3428 parum
966 3342 1171 3407 differt
1207 3342 1359 3405 haec
1389 3340 1697 3405 sententia
1734 3359 1772 3403 a
1805 3339 2024 3422 priore.
2059 3339 2200 3405 Sive
2232 3343 2396 3406 enim
2427 3343 2554 3407 sint
2591 3344 2796 3411 decem

340 3450 593 3532 peccata
618 3448 816 3513 odisse
840 3446 1048 3511 decem
1062 3443 1363 3521 homines,
1381 3443 1512 3506 sive
1534 3461 1731 3505 unum
1753 3441 1987 3505 habens
2011 3443 2321 3508 malitiam
2339 3446 2404 3509 et
2416 3446 2793 3529 gravitatem

340 3551 549 3617 decem
570 3552 983 3634 peccatorum,
1008 3546 1257 3631 perinde
1288 3546 1416 3621 est3
1456 3545 1572 3609 hoc
1602 3545 1767 3609 enim
1799 3562 1994 3608 unum
2026 3547 2379 3628 aequivalet
2407 3548 2534 3614 illis
2566 3550 2792 3616 decem.

339 3654 512 3719 Idem
558 3652 883 3719 dicendum
926 3651 992 3715 in
1038 3649 1304 3733 peccatis
1352 3647 1776 3713 omissionum.
1812 3646 1879 3712 Si
1908 3649 2072 3713 enim
2119 3650 2258 3731 quis
2296 3671 2419 3716 uno
2454 3654 2600 3717 actu
2648 3656 2801 3719 velit

340 3757 629 3822 omittere
653 3755 927 3820 officium
959 3772 1064 3837 per
1093 3769 1366 3815 mensem
1398 3750 1494 3814 vel
1525 3750 1829 3814 ieiunium
1862 3769 1968 3833 per
2000 3751 2202 3816 totam
2233 3753 2793 3838 quadragesimam,

338 3859 684 3925 committit
726 3858 825 3922 vel
872 3855 1133 3940 triginta
1181 3852 1542 3918 omissiones
1590 3852 1778 3917 officii
1828 3855 1940 3916 aut
1985 3854 2404 3937 quadraginta
2450 3855 2662 3920 ieiunii
2710 3877 2798 3922 se-

340 3962 614 4027 eundum
659 3961 926 4045 primam
971 3957 1341 4023 sententiam
1391 3955 1487 4020 vel
1532 3975 1746 4033 unum,
1782 3954 1945 4037 quod
1995 3956 2345 4037 aequivalet
2379 3957 2505 4022 illis
2537 3959 2799 4042 triginta

338 4065 441 4130 vel
488 4062 903 4148 quadraginta
936 4087 997 4125 ».

430 4167 635 4248 Quam
667 4166 1013 4232 doctrinam
1058 4164 1229 4227 tenet
1272 4161 1486 4226 deinde
1518 4163 1582 4225 et
1612 4160 2032 4224 Busembaum
2066 4160 2128 4223 in
2165 4162 2541 4226 resolutione
2577 4165 2796 4246 prima,

338 4272 547 4338 dicens
577 4270 737 4335 hanc
769 4268 992 4334 obiecti
1022 4266 1401 4352 gravitatem
1448 4283 1579 4328 esse
1624 4264 1687 4327 in
1734 4262 2113 4327 confessione
2151 4265 2601 4347 explicandam
2635 4267 2800 4333 sicut

336 4375 639 4441 docuerat
669 4374 861 4437 etiam
891 4373 953 4436 in
984 4372 1165 4436 tract.
1201 4368 1274 4431 de
1307 4367 1584 4448 Leqibus
1612 4367 1794 4431 resol.
1835 4366 2061 4430 ultima
2093 4367 2237 4431 dub.
2275 4368 2334 4431 6.
2369 4369 2591 4452 capitis
2630 4371 2688 4434 3.
2733 4373 2797 4436 et

334 4478 413 4542 de
444 4476 853 4542 Poenitentia
883 4494 1015 4557 cap.
1054 4473 1111 4536 1.
1146 4472 1291 4536 dub.
1331 4472 1391 4534 3.
1424 4470 1489 4534 in
1521 4489 1677 4552 resp.
1719 4469 1796 4533 ad
1832 4470 1915 4532 3¹¹¹
1951 4470 2235 4552 explicat.
2277 4491 2336 4533 n.
2374 4471 2434 4534 3.

500 4613 788 4656 nanuum.
818 4635 870 4644 -
902 4610 1069 4654 uorat.
1099 4609 1233 4652 rom.
1264 4608 1308 4650 1.
2587 4609 2642 4652 3ss
