3529 5158
337 346 482 422 [506]
616 361 1020 405 cormrrrorms
1057 365 1138 405 m·
1176 365 1270 405 sir
1306 364 1649 407 paucarum.
1698 368 2021 410 mccxx-mu
2061 370 2550 412 Pmnosovmcuu
2693 357 2800 412 473

338 462 439 524 sat
485 461 679 524 etiam
726 463 1009 545 agnoscit
1055 462 1308 543 (saltem
1339 464 1398 526 in
1450 464 1735 546 confuso)
1783 467 2097 537 iniuriam,
2132 486 2323 548 quam
2359 467 2598 550 irrogat
2644 469 2795 546 Deo,

337 563 443 645 qui
481 566 578 628 est
608 564 847 629 Auctor
878 567 1139 630 naturae
1172 591 1232 629 ».

424 667 627 744 Quam
660 668 989 731 materiam
1022 668 1273 733 uberius
1322 672 1530 734 versat
1562 670 1721 734 Viva
1754 671 1819 733 in
1852 672 1912 734 h.
1948 672 2154 754 Prop.,
2205 672 2310 753 qui
2345 671 2478 736 fuse
2527 672 2798 736 ostendit

340 767 405 830 1⁰
441 787 562 831 non
601 770 898 851 proscribi
930 772 1303 835 sententiam
1349 792 1737 836 communem
1786 773 2111 837 doctorum
2159 773 2480 851 aientium,
2513 774 2576 837 in
2608 773 2797 857 hypo-

332 869 494 933 thesi
531 869 904 935 invincibilis
937 873 1327 956 ignorantiae
1365 876 1479 938 Dei
1515 877 1838 958 peccatum
1877 894 1997 939 non
2030 875 2160 939 fore
2193 875 2304 939 Dei
2345 876 2639 940 offensam
2677 877 2793 941 etc.

327 969 516 1036 Secus
549 972 983 1039 damnaremus
1023 977 1085 1039 et
1131 995 1182 1040 s.
1222 977 1547 1048 Thomam,
1583 977 1692 1058 qui
1730 977 1930 1060 primo
1978 977 2227 1057 quidem
2270 979 2588 1059 peccatum
2625 978 2796 1041 theo-

324 1074 604 1158 logicum
654 1095 690 1139 a
737 1077 1161 1160 philosophico
1208 1078 1560 1162 distinguit,
1610 1079 1817 1144 dicens
1865 1081 1920 1142 1.
1974 1082 2032 1141 2.
2073 1098 2132 1159 q.
2187 1079 2288 1141 71.
2340 1081 2458 1143 art.
2503 1079 2562 1143 6.
2605 1080 2682 1142 ad
2729 1081 2790 1145 5.

332 1201 365 1233 «
415 1176 471 1239 A
520 1177 830 1262 theologis
878 1181 1303 1245 consideratur
1360 1183 1682 1264 peccatum
1734 1181 2058 1264 praecipue
2105 1181 2440 1245 secundum
2486 1181 2652 1263 quod
2698 1185 2796 1246 est

325 1279 557 1344 offensa
605 1284 819 1346 contra
882 1285 1126 1359 Deum;
1179 1304 1213 1347 a
1263 1284 1629 1367 philosopho
1691 1286 1904 1347 autem
1961 1283 2182 1347 morali
2231 1281 2566 1347 secundum
2626 1284 2791 1365 quod

320 1383 746 1448 contrariatur
774 1386 1001 1450 rationi
1030 1411 1090 1448 ».
1119 1387 1350 1450 Deinde
1383 1406 1546 1456 vero,
1574 1386 1741 1450 facta
1767 1406 1838 1450 ea-
1864 1386 2212 1470 hypothesi,
2239 1385 2496 1449 eandem
2519 1385 2638 1450 fert
2661 1405 2791 1450 sen-

318 1485 609 1554 tentiam,
645 1487 924 1568 inquiens
951 1491 1011 1551 2.
1040 1490 1098 1551 2.
1129 1509 1188 1570 q.
1217 1491 1320 1552 20.
1351 1491 1467 1553 art.
1497 1490 1556 1551 3.
1593 1515 1627 1547 «
1654 1490 1725 1552 In
1758 1489 2040 1570 quolibet
2073 1491 2321 1570 peccato
2347 1487 2598 1551 mortali
2631 1489 2793 1568 prin-

314 1586 541 1669 cipalis
589 1589 750 1653 ratio
800 1591 949 1654 mali
998 1593 1060 1654 et
1108 1592 1387 1674 gravitas
1432 1593 1526 1654 est
1575 1611 1646 1654 ex
1676 1592 1812 1667 hoc,
1849 1591 2013 1671 quod
2061 1590 2291 1654 avertit
2337 1610 2401 1653 se
2449 1609 2484 1652 a
2533 1591 2683 1654 Deo.
2724 1589 2786 1655 Si

313 1689 485 1752 enim
521 1694 729 1772 posset
777 1712 907 1755 esse
954 1693 1270 1757 conversio
1320 1693 1397 1755 ad
1442 1693 1674 1756 bonum
1721 1692 2163 1756 commutabile
2210 1692 2340 1755 sine
2388 1692 2704 1755 aversione
2750 1713 2785 1756 a

314 1791 472 1866 Deo,
512 1795 799 1872 quamvis
846 1796 1009 1858 esset
1056 1794 1425 1870 inordinata,
1463 1814 1581 1858 non
1629 1797 1795 1858 esset
1841 1796 2163 1876 peccatum
2202 1793 2467 1857 mortale
2500 1820 2561 1858 ».
2602 1793 2789 1859 Patet

309 1896 555 1969 autem,
583 1895 645 1957 in
679 1898 930 1978 peccato
964 1916 1085 1961 non
1119 1896 1330 1960 adesse
1355 1897 1738 1961 aversionem
1767 1898 2108 1961 voluntatis
2145 1917 2178 1960 a
2205 1898 2335 1960 Deo
2369 1898 2430 1960 in
2458 1897 2784 1980 hypothesi

309 1997 712 2080 ignorantiae
748 1998 1119 2063 invincibilis
1152 2000 1286 2063 Dei.

500 2101 571 2162 2⁰
609 2099 895 2164 Ostendit
944 2101 1120 2178 Viva,
1158 2102 1519 2166 damnatam
1551 2122 1683 2166 esse
1733 2103 2250 2186 propositionem3
2287 2106 2424 2166 tum
2466 2102 2612 2183 quia
2644 2123 2784 2185 sup-

310 2203 494 2285 ponit
541 2202 671 2266 dari
720 2204 1144 2286 ignorantiam
1190 2205 1667 2269 inexcusabilem
1701 2225 1813 2269 seu
1855 2205 2270 2270 invincibilem
2311 2206 2424 2268 Dei
2471 2205 2662 2269 etiam
2708 2210 2785 2271 ut

306 2309 695 2392 legislatoris
744 2328 851 2373 seu
885 2309 1144 2374 vindicis
1184 2311 1676 2380 malefactorum.
1717 2332 1877 2394 quae
1917 2312 2192 2393 alioquin
2239 2331 2494 2394 peccans
2527 2332 2647 2377 non
2678 2333 2786 2395 po-

305 2413 439 2475 test
476 2430 599 2475 non
648 2410 964 2476 advertere
1012 2413 1233 2477 illicita
1282 2415 1468 2495 atque
1502 2413 1653 2478 adeo
1686 2414 1998 2496 prohibita
2033 2434 2068 2476 a
2117 2413 2441 2478 voluntate
2486 2415 2782 2497 quapiam

306 2514 657 2597 superiore,
692 2515 829 2578 tum
876 2515 1023 2597 quia
1071 2516 1388 2598 proposito
1435 2516 1526 2581 ita
1572 2516 1842 2595 effertur,
1884 2518 1956 2579 ut
2004 2534 2125 2581 non
2173 2515 2522 2601 distinguat
2566 2536 2781 2584 casum

304 2617 702 2701 ignorantiae
736 2617 1041 2682 vincibilis
1075 2620 1186 2683 aut
1219 2619 1607 2684 invincibilis

396 2718 604 2799 Quam
650 2720 713 2783 in
760 2739 889 2785 rem
936 2726 1101 2786 recte
1149 2722 1593 2785 animadvertit
1641 2721 1802 2785 Viva
1849 2723 1891 2785 1.
1941 2740 1991 2785 c.
2033 2742 2092 2784 n.
2144 2723 2271 2793 25„
2320 2721 2486 2803 quod
2531 2724 2776 2804 quoties

306 2823 504 2887 thesis
530 2822 873 2906 proscripta
907 2825 1002 2887 est
1032 2824 1349 2888 indefinita
1381 2827 1446 2889 et
1467 2827 1675 2907 potest
1697 2825 1862 2890 sumi
1886 2844 2070 2889 sensu
2102 2826 2238 2889 tum
2272 2825 2606 2890 universali
2638 2827 2775 2891 tum

305 2924 693 3008 particulari,
723 2926 869 2989 tunc
902 2926 977 2988 ad
1013 2926 1445 3004 definiendum,
1472 2947 1623 2991 num
1656 2927 1953 2991 sumenda
1994 2927 2076 2991 sit
2109 2927 2170 2990 in
2204 2947 2388 2991 sensu
2419 2929 2772 3006 universali,

306 3028 458 3093 adeo
498 3029 573 3091 ut
603 3027 1081 3093 contradictoria
1122 3030 1254 3093 eius
1287 3050 1431 3094 vera
1464 3031 1549 3093 sit
1579 3031 1994 3113 particulariS,
2032 3049 2106 3092 an
2147 3048 2290 3093 vero
2324 3031 2384 3092 in
2418 3050 2599 3093 sensu
2632 3051 2773 3112 par-

302 3131 578 3207 ticulari,
607 3130 756 3195 adeo
785 3132 856 3195 ut
886 3132 1365 3197 contradictoria
1400 3132 1595 3214 ipsius
1621 3150 1766 3194 vera
1800 3132 1884 3194 sit
1921 3131 2310 3207 universalis,
2337 3131 2544 3194 nullus
2575 3151 2768 3196 canon

301 3235 621 3316 suppetat,
655 3234 771 3297 nisi
808 3237 879 3298 ut
926 3234 1336 3316 inspiciantur
1375 3236 1513 3296 tum
1550 3233 1812 3295 materia
1847 3232 2001 3312 ipsa,
2038 3234 2177 3294 tum
2213 3233 2483 3294 rationes
2516 3234 2773 3314 proscri-

302 3323 563 3421 ptionis,
602 3340 736 3402 tum
768 3357 981 3403 sensus
1017 3339 1377 3402 Doctorum.

394 3442 592 3505 Porro
639 3441 699 3504 in
748 3460 891 3505 casu
925 3444 1140 3506 nostro
1174 3440 1364 3503 thesis
1396 3438 1716 3502 indefinita
1750 3461 1784 3495 «
1816 3436 2170 3521 ignorantia
2205 3436 2319 3499 Dei
2351 3439 2603 3501 excusat
2634 3456 2772 3519 ope·

301 3550 549 3610 rantem
583 3564 617 3607 a
658 3546 771 3608 Dei
804 3545 1030 3610 offensa
1070 3569 1105 3603 »
1137 3543 1431 3608 sumenda
1468 3543 1806 3607 necessario
1855 3544 1949 3605 est
1980 3541 2043 3603 in
2091 3560 2274 3605 sensu
2305 3540 2659 3617 universali,
2696 3561 2769 3606 ne

300 3648 432 3711 scil.
470 3648 533 3710 vi
583 3646 999 3711 damnationis
1046 3645 1344 3722 dicamus,
1387 3646 1808 3729 ignorantiam
1855 3643 2272 3708 invincibilem
2318 3643 2471 3708 iuris
2510 3646 2769 3708 naturae

301 3751 416 3814 aut
442 3749 559 3813 Dei
596 3768 719 3813 non
752 3767 1040 3813 excusare
1080 3768 1115 3812 a
1149 3750 1399 3831 peccato
1431 3747 1699 3811 formali.
1738 3746 1912 3811 Unde
1946 3767 2159 3811 sensus
2197 3747 2389 3810 thesis
2431 3747 2767 3810 necessario

298 3853 398 3916 hic
436 3871 570 3916 esse
603 3852 811 3916 debet:
846 3877 880 3910 ‹<
911 3851 1125 3915 Omnis
1175 3850 1527 3933 ignorantia
1562 3851 1677 3913 Dei
1707 3851 1836 3913 sive
1875 3850 2198 3919 vincibilis,
2235 3849 2363 3911 sive
2395 3847 2766 3911 invincibilis

298 3957 555 4019 excusat
578 3956 695 4018 etc.
717 3980 752 4014 »
779 3956 964 4037 atque
998 3954 1148 4018 adeo
1180 3952 1679 4030 contradictoria,
1708 3970 1960 4034 prorsus
1984 3950 2265 4023 tenenda,
2292 3950 2442 4012 erit:
2479 3974 2510 4003 «
2537 3948 2767 4029 Aliqua

300 4059 412 4123 Dei
462 4058 819 4143 ignorantia
857 4077 981 4122 non
1028 4060 1280 4122 excusat
1313 4057 1390 4120 ab
1424 4056 1649 4121 offensa
1685 4055 1803 4119 Dei
1835 4081 1894 4117 ».
1929 4054 2010 4116 Et
2047 4072 2187 4116 cum
2235 4052 2349 4115 hac
2392 4052 2622 4133 optime
2669 4070 2765 4116 co-

297 4161 513 4224 haeret
543 4160 847 4237 doctrina,
872 4179 1031 4241 quae
1064 4160 1173 4235 ait,
1208 4159 1628 4243 ignorantiam
1661 4157 1775 4220 Dei
1808 4154 2223 4220 invincibilem
2261 4172 2547 4218 excusare
2582 4173 2617 4217 a
2647 4154 2764 4219 Dei

298 4264 549 4327 offensa.
578 4263 744 4345 Ergo
778 4282 847 4325 ex
879 4262 1275 4325 damnatione
1304 4262 1475 4325 illius
1508 4260 1701 4325 thesis
1732 4277 1854 4322 non
1888 4257 2291 4341 proscribitur
2321 4258 2627 4321 sententia
2658 4258 2763 4322 do-

295 4386 458 4443 cens,
493 4365 915 4450 ignorantiam
965 4364 1077 4428 Dei
1110 4363 1525 4428 invincibilem
1559 4382 1847 4427 excusare
1882 4362 1958 4426 ab
1992 4360 2218 4426 offensa
2263 4360 2372 4423 Dei
2408 4362 2761 4442 operantem

295 4469 575 4550 alioquin
610 4469 826 4531 contra
864 4469 1096 4530 rectam
1129 4467 1451 4531 rationem.
