3529 5158
649 194 761 250 296
1189 211 1404 253 rarior.
1447 212 1534 251 111.
1571 209 1660 250 ma
1702 210 1984 253 nmmos.
2022 211 2222 256 carm·
2260 215 2299 254 1.
2336 214 2479 256 nun.
2519 215 2586 255 11.
2982 200 3132 277 [267]

657 306 787 371 vim
817 308 974 393 legis
1006 309 1235 373 habeat
1267 312 1380 374 aut
1403 311 1683 373 utentem
1714 309 1792 373 iis
1826 310 2068 375 actibus
2092 311 2222 375 vim
2246 311 2525 375 solvendi
2548 330 2585 374 a
2608 311 2776 396 lege:
2796 312 2931 375 Pal.
2953 314 3034 376 tr.
3063 313 3126 376 3.

660 409 816 493 disp.
852 411 913 473 3.
948 432 1005 493 p.
1040 413 1101 476 3.
1137 432 1197 475 n.
1237 414 1294 476 1.
1329 414 1393 476 et
1426 412 1534 477 alii
1566 412 1653 476 ibi
1692 412 1968 497 allegati.
2008 413 2091 478 Et
2121 414 2272 478 haec
2302 413 2552 496 quidem
2597 416 2694 478 est
2725 414 2901 479 iuxta
2933 433 2982 478 8.
3024 414 3133 478 Al-

663 511 971 594 phonsum
1001 513 1108 577 lib.
1142 516 1199 578 1.
1233 535 1292 578 n.
1333 515 1478 578 107.
1520 515 1720 597 prima
1767 515 2039 580 conditio
2086 515 2570 591 consuetudinis,
2620 534 2817 598 neque
2879 541 2915 575 «
2962 515 3130 598 quod

662 614 1098 680 introducatur
1145 636 1182 681 a
1219 618 1668 682 communitate
1701 620 1813 682 aut
1845 618 2069 682 saltem
2100 638 2136 683 a
2168 618 2392 683 maiori
2429 620 2604 701 parte
2636 618 3128 694 communitatis,

659 736 823 799 quae
855 737 1048 801 capax
1078 720 1163 784 sit
1191 720 1425 785 ferendi
1453 722 1640 806 16868,
1673 721 1821 786 11061
1858 724 2006 786 60111
2033 722 2190 786 16116
2220 722 2387 805 16868
2418 722 2704 803 nequeat.
2739 721 2948 798 Ratio,
2982 722 3134 804 quia

665 821 817 883 111110
863 822 1066 885 solum
1111 823 1491 888 consuetudo
1523 824 1652 888 vim
1687 823 1846 907 legis
1878 824 2066 888 habet
2096 844 2168 888 ex
2198 824 2395 888 tacito
2426 841 2728 887 consensu
2751 823 3042 905 principis
3067 847 3131 887 ».

759 921 945 987 Ratio
986 925 1098 1000 est,
1156 925 1306 1006 quia
1357 926 1787 990 irrationabile
1834 926 2019 990 nimis
2067 931 2131 991 61
2176 927 2339 990 bono
2384 925 2703 990 communi
2748 924 3135 989 contrarium

667 1022 848 1098 10161,
883 1024 937 1086 81
968 1025 1255 1090 subditus
1286 1027 1791 1111 transgrediendo
1838 1029 2040 1112 legem
2089 1029 2199 1091 aut
2245 1030 2642 1110 praeceptum
2688 1030 2896 1109 posset
2943 1045 3008 1091 se
3055 1027 3135 1091 ab

670 1124 1051 1208 obligatione
1095 1129 1293 1211 ipsius
1324 1130 1618 1205 eximere3
1669 1130 1923 1194 daretur
1970 1131 2130 1194 enim
2181 1148 2332 1194 ansa
2364 1118 2640 1194 violandi
2675 1129 2862 1213 leges.

760 1226 896 1291 Hoc
943 1232 1155 1294 autem
1202 1250 1272 1296 60
1320 1251 1515 1314 usque
1553 1232 1948 1316 progreditur
1979 1234 2052 1296 ut
2086 1251 2283 1315 neque
2333 1233 2611 1315 princeps
2658 1251 2769 1296 8611
2811 1232 3138 1316 legislator

670 1329 803 1413 ipse
848 1331 964 1395 1100
1013 1333 1210 1415 possit
1256 1334 1407 1414 (vid.
1459 1334 1687 1398 Palaus
1733 1335 1777 1397 1.
1812 1337 1914 1417 0.).
1950 1335 2139 1399 Ratio
2186 1338 2301 1410 est,
2337 1335 2484 1417 quia
2532 1335 2811 1417 princeps
2850 1352 2972 1398 non
3005 1352 3144 1398 cen-

673 1434 849 1497 setur
883 1438 1278 1518 praeceptum
1303 1439 1415 1501 aut
1443 1437 1645 1522 legem
1675 1438 1990 1519 imponere
2020 1436 2286 1501 subditis
2325 1438 2437 1500 aut
2474 1436 2616 1500 illos
2650 1436 2726 1499 ab
2760 1436 3142 1519 obligatione

677 1535 914 1599 solvere
946 1556 1017 1600 ex
1049 1556 1139 1614 60,
1174 1538 1339 1621 quod
1369 1539 1500 1622 ipse
1533 1539 1649 1604 hoc
1681 1540 1779 1603 vel
1810 1540 1919 1604 illo
1950 1539 2135 1604 modo
2170 1542 2474 1621 operetur,
2510 1536 2813 1602 Schmalz.
2845 1557 2905 1600 n.
2942 1537 3004 1599 3.

769 1639 864 1703 Ad
912 1640 1100 1705 dubia
1145 1641 1453 1718 diluenda,
1505 1643 1773 1719 adverte,
1817 1642 1986 1706 aliud
2033 1642 2355 1706 dicendum
2402 1660 2533 1705 6886
2578 1640 2655 1703 de
2699 1637 3144 1704 consuetudine

679 1740 891 1823 leyali,
927 1743 1000 1807 de
1047 1764 1171 1825 qua
1201 1745 1264 1808 in
1297 1764 1600 1827 praesens,
1655 1744 1824 1809 aliud
1856 1744 1929 1808 de
1974 1743 2416 1809 consuetudine
2452 1742 2913 1822 praesmptiva
2959 1741 3142 1804 iuris.

683 1844 865 1908 Prior
899 1865 1219 1927 nunquam
1249 1847 1456 1911 induci
1490 1849 1696 1930 potest
1729 1867 1766 1911 a
1784 1848 2047 1926 privata
2077 1864 2364 1929 persona3
2400 1844 2504 1909 sed
2551 1844 2770 1926 utique
2817 1842 3143 1926 posterior,

681 1964 804 2010 non
853 1966 1025 2011 secus
1051 1967 1122 2012 ac
1146 1967 1182 2012 6
1206 1968 1466 2032 persona
1505 1950 1750 2032 privata
1789 1953 1996 2033 potest
2026 1948 2235 2013 induci
2265 1947 2686 2031 praescriptio.
2726 1945 2970 2010 Privati
3001 1962 3147 2009 sane

684 2050 833 2112 sunt
863 2069 1115 2131 capaces
1139 2052 1492 2134 possidendi
1513 2053 1639 2117 ius:
1674 2072 1821 2136 ergo
1847 2054 2109 2135 possunt
2131 2050 2538 2134 praescribere
2558 2050 2728 2125 iura3
2756 2051 2824 2113 at
2853 2067 2976 2113 non
3002 2047 3149 2112 sunt

684 2172 938 2235 capaces
971 2155 1201 2221 ferendi
1229 2157 1431 2241 legem
1463 2159 1525 2220 et
1572 2155 1708 2219 ideo
1741 2158 1856 2219 610.
1908 2155 2008 2218 116
2054 2175 2114 2217 V.
2149 2172 2242 2237 gr.
2277 2151 2719 2216 consuetudine
2766 2169 2803 2214 a
2849 2168 2912 2214 86
2958 2149 3152 2212 intro-

689 2254 876 2320 ducta
910 2261 1117 2339 potest
1148 2259 1487 2342 Episcopus
1534 2258 1797 2323 eximere
1834 2276 1899 2321 se
1947 2258 2023 2321 ab
2057 2255 2437 2340 obligatione
2466 2253 2644 2338 legis,
2678 2271 2801 2335 qua
2832 2253 2969 2315 erat
3002 2250 3152 2315 obli-

667 2360 876 2441 gatus
923 2360 985 2423 in
1034 2362 1408 2427 correctione
1455 2361 1849 2425 subditorum
1880 2358 2201 2442 procedere
2248 2376 2319 2421 ex
2365 2355 2621 2421 consilio
2669 2353 2948 2437 capituli,
3001 2351 3149 2417 adeo

691 2461 765 2523 ut
796 2479 918 2524 non
950 2465 1239 2528 teneatur
1269 2464 1538 2547 amplius
1569 2463 1725 2527 illud
1758 2463 2091 2544 exquirere.
2128 2458 2431 2524 Schmalz.
2464 2478 2525 2521 n.
2561 2458 2621 2521 3.
2662 2455 2803 2520 Vid.
2836 2475 2970 2538 cap.
3004 2453 3153 2518 Non

693 2561 881 2625 estde
913 2570 1180 2630 consuet.
1222 2567 1292 2629 in
1325 2566 1383 2630 6.
1433 2592 1467 2625 ‹<
1514 2565 1572 2630 N
1577 2586 1655 2630 on
1693 2568 1806 2641 est,
1848 2564 1996 2629 dum
2042 2565 2252 2629 tamen
2301 2561 2456 2625 alias
2503 2560 2586 2625 sit
2632 2558 3014 2644 praescripta
3062 2576 3154 2621 ca-

694 2665 928 2742 nonice,
970 2668 1370 2744 consuetudo,
1411 2688 1600 2750 quam
1648 2669 1882 2753 allegat
1928 2668 2285 2750 Episcopus,
2326 2662 2727 2748 reprobanda,
2762 2660 2928 2743 quod
2956 2659 3025 2723 in
3069 2660 3156 2723 in-

695 2765 1025 2847 quirendiS,
1077 2771 1398 2854 puniendis
1447 2774 1509 2836 et
1556 2770 1931 2855 corrigendis
1979 2768 2371 2834 subditorum
2417 2765 2779 2841 610688111118,
2828 2761 3154 2828 consilium

697 2868 795 2933 sui
841 2873 1100 2955 capituli
1143 2875 1451 2958 requirere
1481 2874 1734 2939 minime
1766 2877 2053 2938 teneatur
2086 2899 2144 2934 ».

788 2970 964 3045 257.
992 2977 1256 3044 Nomine
1281 2982 1492 3044 autem
1524 2976 2010 3043 Communitatis
2040 2994 2164 3039 non
2188 2973 2358 3037 venit
2387 2971 2523 3035 heic
2545 2968 2921 3053 imperfecta,
2958 2967 3158 3031 cuius-

696 3077 869 3142 modi
899 3082 993 3144 est
1037 3081 1279 3145 familia
1324 3082 1661 3164 quaedam3
1703 3080 1929 3144 idcirco
1976 3079 2215 3142 certum
2259 3078 2374 3151 est,
2407 3074 2567 3137 hanc
2602 3090 2726 3137 non
2771 3087 2950 3153 posse
2987 3067 3161 3133 indu-

698 3199 832 3245 cere
879 3184 1407 3262 consuetudinem,
1458 3204 1615 3267 quae
1661 3183 1790 3248 vim
1836 3182 1992 3266 legis
2039 3180 2286 3244 habeat.
2319 3177 2552 3241 Palaus
2599 3177 2678 3239 tr.
2713 3174 2775 3235 3.
2817 3172 2972 3256 disp.
3002 3192 3061 3255 p.
3098 3171 3158 3234 3.

699 3301 760 3345 11.
797 3285 856 3346 2.
892 3287 955 3348 61
1001 3287 1321 3370 colligitur
1365 3287 1691 3351 manifeste
1750 3305 1842 3350 ex.
1876 3285 1918 3349 1.
1955 3285 2059 3347 32.
2097 3283 2154 3366 g.
2196 3282 2252 3344 1.
2280 3280 2423 3364 Dig.
2458 3277 2531 3341 de
2570 3274 2864 3357 Legibus.
2922 3299 2957 3332 «
3005 3271 3161 3338 Cum

703 3384 872 3466 ipsae
909 3386 1076 3471 leges
1122 3390 1297 3453 nulla
1344 3390 1468 3454 alia
1515 3409 1584 3453 ex
1632 3408 1821 3453 causa
1866 3406 1980 3452 nos
2027 3387 2298 3459 teneant,
2348 3401 2538 3466 quam
2585 3378 2750 3463 quod
2797 3377 3029 3442 iudicio
3058 3396 3166 3457 po-

689 3485 840 3564 puli
867 3492 1144 3572 receptae
1191 3495 1366 3567 sunt,
1399 3492 1622 3556 merito
1670 3493 1733 3556 et
1781 3510 1871 3567 ea,
1919 3509 2079 3572 quae
2116 3488 2246 3551 sine
2283 3486 2413 3549 ullo
2462 3483 2691 3567 scripto
2716 3479 2995 3562 populus
3034 3498 3168 3563 pro-

706 3587 899 3663 bavit,
934 3594 1233 3658 tenebunt
1250 3614 1459 3659 omnes
1484 3622 1544 3658 ».
1574 3594 1684 3658 Vis
1711 3592 2066 3678 argumenti
2088 3592 2153 3654 in
2170 3608 2241 3654 eo
2265 3587 2510 3663 residet,
2538 3584 2703 3668 quod
2728 3584 2821 3648 vis
2845 3583 3165 3647 tribuatur

709 3694 1031 3757 consensui
1064 3694 1241 3760 ‘illius
1273 3696 1516 3777 populi,
1552 3698 1660 3779 qui
1691 3699 1899 3781 potest
1930 3698 1992 3759 et
2024 3694 2190 3778 leges
2228 3691 2444 3756 facere.

799 3792 976 3873 Quod
1010 3818 1152 3864 vero
1187 3801 1414 3866 attinet
1453 3800 1528 3864 ad
1561 3799 2075 3865 communitatem
2121 3796 2476 3879 perfectam,
2511 3790 2861 3857 cuiusmodi
2908 3792 3006 3854 est
3051 3807 3171 3853 res-

708 3898 954 3977 publica
989 3903 1084 3966 vel
1124 3904 1458 3985 provincia,
1493 3922 1774 3988 regnum,
1815 3901 2193 3985 superiorem
2239 3916 2362 3962 non
2398 3911 2857 3979 recognoscenS,
2907 3894 3168 3967 certum,

711 4000 824 4075 est,
858 4020 1036 4084 posse
1058 4005 1346 4070 inducere
1376 4005 1904 4078 consuetudinem,
1938 4003 2087 4086 quia
2124 4004 2187 4065 et
2233 4001 2434 4084 legem
2464 3999 2672 4081 potest
2701 3996 2879 4060 ferre.

801 4100 919 4166 Sed
956 4109 1018 4169 et
1050 4108 1316 4190 idipsum
1350 4108 1787 4173 affirmandum
1820 4107 1893 4171 de
1918 4105 2167 4190 populo,
2202 4102 2309 4185 qui
2356 4099 2734 4184 superiorem
2771 4097 3175 4181 recognoscat

713 4203 776 4264 61
808 4221 928 4267 11011
960 4208 1187 4273 habeat
1219 4210 1661 4274 auctoritatem
1706 4210 1939 4274 ferendi
1982 4209 2203 4292 legem,
2253 4203 2456 4287 qualis
2503 4205 2617 4267 est.
2652 4220 2710 4263 v.
2744 4219 2840 4283 gr.
2883 4197 3176 4263 dioecesis

712 4307 1054 4373 constituta
1105 4312 1219 4376 sub
1266 4312 1568 4395 Episcopo
1601 4316 1663 4377 et
1699 4313 1761 4377 in
1801 4311 2087 4376 civilibus
2119 4326 2379 4392 regnum
2411 4305 2509 4369 vel
2545 4302 2878 4386 imperium
2910 4301 3010 4365 vel
3042 4319 3176 4384 pro-
