3529 5158
680 367 786 422 522
1071 380 1285 420 TRAOT.
1324 380 1406 420 lv.
1445 378 1531 418 nn
1570 376 1880 418 Pmoun-ms.
1918 375 2118 417 carm·
2155 376 2195 416 1.
2233 376 2377 418 nun.
2419 377 2484 417 11.
2524 377 2661 416 aar.
2701 377 2765 416 ιι.
3008 360 3152 436 [574]

680 480 745 530 V.
775 480 909 541 Lugo
929 475 1230 531 doPoem't.
1258 476 1306 527 d.
1338 477 1421 528 46.
1452 491 1505 528 ιι.
1538 477 1659 528 363.
1686 473 1831 528 Aliud
1863 480 1939 526 est
1963 475 2025 526 de
2049 471 2161 540 ipso
2186 486 2339 539 opere
2368 480 2593 536 externo,
2618 474 2752 539 quod
2779 486 2974 538 semper
3002 476 3153 526 fertur

678 563 727 615 in
764 562 1026 623 obiectum,
1055 561 1325 614 secundum
1362 567 1513 614 totam
1550 574 1689 613 suam
1729 556 1980 620 unalitiam,
2009 562 2092 611 aut
2129 555 2275 612 etiam
2315 556 2563 612 desiderio
2602 555 2804 619 efficaci,
2831 559 2966 622 quod
2997 561 3154 611 fertur

678 647 727 699 in
750 660 878 712 opus
901 652 1159 698 externum
1197 646 1461 698 secundum
1489 660 1542 698 se
1580 649 1629 697 et
1668 650 1721 697 ut
1762 651 1838 696 est
1876 658 1901 695 a
1945 650 2081 709 parte
2122 641 2192 695 rei
2232 656 2288 694 ac
2323 641 2529 708 proinde
2567 649 2642 696 est
2680 641 2899 694 eiusdem
2926 641 3153 694 cumino

677 729 861 798 speciei
873 745 889 796 3
913 729 1122 795 ideoque
1159 729 1265 781 eius
1303 728 1696 782 circumstantiae
1736 741 1930 794 semper
1971 727 2191 779 [alendae
2230 731 2359 778 sunt.
2387 725 2502 778 Vid.
2531 727 2694 779 Aucti.
2719 725 2802 778 cit.

768 865 944 940 574.
985 871 1077 932 De
1106 869 1224 932 hac
1259 887 1325 932 re
1360 868 1540 952 Lugo
1571 867 1647 931 de
1678 866 1931 931 Poemt.
1965 866 2120 949 disp.
2163 867 2261 929 16.
2299 887 2358 929 n.
2393 866 2762 929 363.-364.:
2809 891 2844 925 «
2877 864 3152 932 Celebris

677 975 772 1037 eat
795 971 1101 1036 sententia
1116 972 1187 1034 P.
1209 970 1557 1052 Vasquez...
1577 970 2053 1034 delectationem
2077 987 2392 1034 morosam
2414 968 2490 1033 de
2512 969 2737 1052 copula
2760 988 2904 1034 cum
2929 973 3148 1053 nupta,

678 1092 821 1138 cum
872 1072 1131 1136 moniali
1178 1074 1293 1135 etc.
1342 1090 1465 1135 non
1514 1071 1745 1135 variari
1791 1071 1991 1154 specie
2040 1072 2291 1153 propter
2331 1070 2476 1134 illas
2520 1069 2798 1135 diversas
2851 1088 3150 1154 personae

677 1176 1196 1251 circumstantiae,
1229 1175 1349 1238 nisi
1380 1175 1542 1238 circa
1588 1175 1793 1257 ipsam
1839 1174 2376 1238 circumstantiam
2423 1173 2770 1238 formaliter
2815 1173 3147 1240 delectatio

682 1281 1049 1355 versaretur,
1082 1297 1141 1342 v.
1174 1297 1267 1361 gr.
1309 1277 1470 1340 circa
1515 1276 1941 1359 coniugatam,
1981 1295 2105 1358 qua
2145 1276 2485 1359 coniugata
2532 1277 2645 1340 est.
2688 1275 2867 1340 Hanc
2912 1277 3156 1341 senten-

681 1381 837 1444 tiam
862 1380 1323 1462 ampleetuntur
1346 1380 1453 1443 alii
1478 1398 1601 1443 non
1626 1379 1828 1461 pauci,
1855 1378 2206 1462 Reginam„
2240 1377 2475 1462 Sayrus
2503 1380 2568 1443 et
2605 1378 2733 1454 alii,
2769 1397 2926 1460 quos
2965 1380 3154 1444 refert

681 1486 745 1547 et
775 1483 1056 1564 sequitur
1087 1482 1291 1545 Diana
1313 1485 1378 1545 et
1400 1481 1782 1563 probabilem
1816 1481 2034 1545 dicunt
2063 1481 2244 1558 Azor,
2272 1480 2470 1557 Salas,
2505 1481 2806 1558 Filliucc.,
2834 1482 3156 1546 Bonacina

680 1586 743 1649 et
772 1583 1022 1648 Lessius
1053 1583 1218 1666 apud
1249 1583 1510 1647 eundem
1560 1583 1760 1647 Diana
1804 1584 1869 1646 et
1905 1582 2159 1647 eandem
2208 1583 2491 1664 sequitur
2537 1581 2983 1666 Castropalaus
3030 1587 3148 1648 etc.

680 1690 851 1753 Haec
880 1689 1187 1753 sententia
1231 1688 1502 1751 difficilis
1550 1691 1645 1752 est
1689 1688 1956 1752 fortasse
2001 1688 2204 1770 magis
2236 1688 2300 1752 in
2332 1688 2517 1752 modo
2564 1688 2926 1770 explicandi,
2958 1708 3148 1771 quam

680 1792 744 1855 in
789 1811 855 1856 re
900 1792 1035 1874 ipsa
1066 1815 1129 1852 ».
1167 1790 1407 1869 Quibus
1453 1789 1655 1854 verbis
1693 1789 1872 1873 Lugo
1923 1789 2253 1874 significat,
2294 1810 2366 1854 ex
2399 1789 2531 1854 eius
2577 1791 2886 1855 sententia
2922 1791 3152 1856 thesim

682 1913 800 1958 non
827 1893 1130 1976 praeferre
1161 1893 1562 1956 difficultates
1593 1892 1656 1955 in
1690 1911 1774 1968 se,
1809 1891 1955 1956 licet
1985 1892 2262 1956 theoriae
2286 1891 2753 1973 Vasquezianae
2776 1910 2915 1956 eam
2945 1894 3154 1978 magis

679 1995 1017 2077 implicent,
1052 2013 1240 2075 quam
1279 1993 1582 2076 explicent
1614 1994 1692 2058 ob
1728 1994 2006 2059 rationes
2045 1994 2273 2058 allatas
2305 2013 2440 2077 sup.
2475 2014 2536 2057 n.
2574 1995 2675 2058 72.

771 2095 833 2160 S.
872 2096 1228 2177 Alphonsus
1258 2095 1587 2159 confirmat
1623 2095 1971 2160 doctrinam
2010 2096 2322 2173 Auctoris,
2357 2097 2626 2161 scribens
2657 2097 2764 2161 lib.
2806 2099 2867 2162 5.
2909 2118 2968 2160 n.
3011 2099 3147 2172 15.;

688 2225 723 2259 «
754 2198 952 2262 Valde
978 2199 1188 2261 autem
1222 2198 1558 2280 probabilis
1582 2202 1680 2262 est
1710 2199 2020 2262 sententia
2051 2198 2416 2282 Lugonis...,
2445 2199 2697 2276 Bonae„
2722 2197 2965 2282 Sporer‚
2991 2199 3149 2282 Lay-

680 2321 887 2379 mann,
926 2300 1286 2377 Tamburin,
1325 2301 1524 2377 Palai,
1559 2301 1749 2382 Vasq.
1792 2303 1907 2364 ete.
1941 2301 2028 2366 Hi
2065 2304 2294 2380 tenent,
2334 2301 2501 2383 quod
2532 2302 2587 2365 si
2616 2302 2758 2383 quis
2804 2302 3146 2367 delectatur

678 2405 753 2468 de
782 2404 1005 2487 copula
1052 2423 1195 2467 cum
1230 2405 1447 2486 nupta,
1485 2422 1606 2467 non
1654 2404 1803 2485 quia
1851 2405 2068 2486 nupta,
2110 2403 2215 2467 sed
2251 2403 2399 2485 quia
2445 2404 2670 2469 mulier
2716 2404 2977 2487 pulchra
3008 2407 3145 2481 etc„

678 2525 799 2572 non
845 2506 1160 2571 contrahit
1204 2507 1518 2569 malitiam
1565 2505 1890 2581 adulterii;
1940 2506 2410 2571 circumstantia
2456 2506 2619 2570 enim
2668 2506 2960 2571 adulterii
3002 2510 3150 2572 tunc

679 2630 801 2675 non
846 2611 1046 2673 intrat
1072 2610 1138 2672 in
1170 2609 1672 2673 delectationem:
1721 2610 1949 2674 idcireo
1989 2612 2238 2674 tantum
2271 2611 2550 2687 castitas,
2590 2629 2712 2675 non
2749 2611 3000 2675 iustitia
3030 2613 3149 2676 lae·

678 2714 867 2775 ditur.
902 2713 984 2774 Et
1030 2710 1193 2774 idem
1239 2711 1643 2793 probabiliter
1687 2712 1841 2776 dicit
1888 2713 2271 2791 Tamburin.,
2319 2713 2372 2778 si
2418 2713 2557 2795 quis
2595 2712 2822 2779 affectu
2867 2733 3146 2790 venerea,

679 2815 811 2879 sine
855 2812 1175 2885 desiderio,
1224 2814 1486 2895 nuptam
1534 2814 1861 2896 aspiciat...
1901 2814 2078 2879 Nulli
2125 2834 2267 2880 vero
2315 2815 2593 2889 dubium,
2632 2815 2951 2880 committi
2982 2816 3152 2881 adul-

680 2916 926 2992 terium,
961 2914 1470 2996 quotiescumque
1502 2915 1808 2980 habeatur
1855 2916 2157 3001 gaudium
2192 2935 2302 2981 seu
2333 2916 2782 2998 complacentia
2812 2917 2888 2982 de
2926 2919 3146 3002 copula

598 3012 604 3019 ’
678 3019 913 3094 habita,
963 3018 1062 3081 vel
1108 3017 1481 3081 desiderium
1511 3017 1586 3081 de
1622 3020 1848 3102 copula
1896 3019 2177 3084 habenda
2223 3038 2366 3083 cum
2412 3018 2778 3103 coniugata,
2817 3021 2972 3101 quia
3001 3026 3148 3086 tunc

680 3122 970 3187 veluntas
1018 3121 1417 3203 amplectitur
1446 3123 1657 3186 totum
1706 3123 2018 3186 obiectum
2051 3141 2312 3204 pravum
2359 3139 2502 3187 cum
2549 3122 2837 3187 omnibus
2878 3125 3010 3188 suis
3040 3124 3152 3188 cir-

680 3224 1073 3289 cumstantiis
1120 3243 1229 3287 nec
1267 3224 1345 3287 ab
1392 3224 1518 3287 illis
1550 3224 1974 3306 praescindere
2021 3226 2248 3306 potest,
2283 3224 2541 3305 ideoque
2587 3226 2651 3288 et
2696 3227 3054 3292 castitatem
3085 3230 3150 3291 et

678 3328 991 3391 iustitiam
1052 3326 1246 3389 laedit
1276 3351 1337 3389 ›.
1372 3324 1543 3405 Quae
1606 3326 1787 3408 plane
1833 3345 2103 3391 consona
2163 3329 2311 3392 sunt
2366 3327 2680 3391 doctrinae
2739 3327 3035 3395 Auctoris
3087 3333 3152 3395 et

679 3446 1013 3495 commum.

772 3522 942 3600 5⁷5.
986 3532 1076 3593 De
1106 3530 1317 3593 eadem
1350 3532 1615 3596 materia
1656 3552 1856 3614 pauca
1895 3534 2043 3597 haec
2091 3533 2388 3598 addemus
2435 3555 2505 3599 ex
2554 3556 2604 3600 s,
2638 3537 2823 3619 Alph.
2859 3536 2953 3599 vel
2982 3536 3149 3599 circa

681 3653 729 3697 s,
762 3633 1174 3715 Alphonsum.

863 3737 930 3798 1⁰
953 3736 1126 3799 Duas
1157 3736 1580 3801 conclusiones
1606 3737 1754 3801 ibid.
1784 3738 1976 3811 addit,
2003 3758 2075 3803 ex
2098 3740 2412 3803 communi
2444 3738 2755 3805 doctrina:
2784 3740 2915 3804 scil,
2945 3742 2995 3805 1.
3024 3739 3151 3804 Cir-

679 3839 1123 3904 cumstantiam
1146 3839 1605 3921 exprimendam
1627 3858 1779 3917 esse,
1807 3840 1860 3903 si
1886 3841 2026 3922 quis
2049 3840 2388 3905 delectetur
2411 3840 2486 3905 de
2508 3842 2732 3925 copula
2756 3842 3143 3908 sodomitica.

682 3942 766 4007 ΙΙ.
800 3942 958 4007 Item
990 3942 1045 4006 si
1074 3960 1354 4024 persona,
1390 3960 1547 4024 quae
1578 3941 1942 4017 delectatur,
1970 3943 2053 4008 sit
2085 3943 2231 4007 voto
2263 3942 2576 4008 castitatis
2609 3945 2930 4021 obstricta,
2958 3946 3145 4009 etiam

678 4046 891 4108 contra
924 4045 1143 4108 votum
1174 4046 1405 4125 peccat.
1441 4043 1613 4122 Quae
1636 4044 1760 4109 duo
1785 4045 2008 4109 merito
2043 4064 2173 4110 esse
2210 4046 2380 4109 certa
2411 4045 2564 4111 dicit
2594 4066 2776 4130 penes
2817 4067 3053 4121 omneS‚
3084 4047 3146 4112 et

680 4147 842 4210 ratio
873 4146 1207 4210 manifesta
1247 4149 1363 4209 ast.

859 4247 929 4312 2⁰
950 4250 1140 4323 Dicit,
1167 4248 1683 4313 Salmanticenses
1703 4252 2060 4333 oppositum
2078 4254 2448 4317 sententiam
2474 4253 2678 4334 quoad
2705 4256 3143 4337 argumentum

680 4349 863 4413 huius
902 4350 1296 4414 resolutionis
1332 4350 1599 4414 tenuisse
1640 4352 1702 4415 et
1734 4373 1843 4435 pro
1877 4373 1940 4417 se
1974 4354 2243 4437 allegare
2283 4353 2584 4434 Caietam,
2625 4354 2816 4433 Less.,
2852 4354 3142 4433 Sauchez,

682 4452 1024 4533 Roncaglia
1056 4457 1170 4518 etc.

770 4554 851 4617 Et
876 4554 1263 4619 verissimum
1296 4557 1410 4629 est,
1451 4554 1974 4624 Salmanticenses
2008 4579 2143 4625 eam
2177 4561 2521 4626 doctrinam
2554 4562 2826 4627 tenuisse
2850 4566 2918 4628 et
2944 4563 3144 4646 reipsa
