3529 5158
697 307 808 363 664
1526 318 1841 361 Appnumx
1876 318 1916 358 1.
1957 316 2358 361 maenarum

699 417 1108 500 descripserat
1153 436 1411 499 eamque
1458 415 1727 480 affirmet
1784 416 1861 479 ab
1910 413 2196 480 omnibus
2241 414 2599 481 doctoribus
2654 414 2929 481 anteacti
2973 416 3161 480 seculi

699 520 1011 602 receptam
1032 518 1242 595 fuisse,
1272 538 1343 583 ex
1365 518 1562 601 ipsius
1589 517 1949 584 testimonio
1967 519 2160 601 patet,
2187 518 2471 583 auctores
2495 516 2914 601 praecedentis
2940 518 3162 583 aetatis

700 620 905 703 quoad
952 621 1371 686 substantiam
1420 621 1755 685 universim
1787 640 1924 684 eam
1956 620 2302 685 doctrinam
2348 621 2619 685 tenuisse
2667 621 2855 701 atque
2893 619 3044 685 adeo
3090 621 3163 685 de

699 743 871 788 mera
903 724 1234 789 verborum
1266 724 1450 788 nimis
1487 743 1646 807 vaga
1675 723 1949 789 formula
1979 723 2473 807 intelligendum,
2508 722 2676 805 quod
2707 742 2755 787 s.
2806 723 3040 788 Doctor
3072 743 3166 787 ve-

700 825 823 889 luti
854 826 1067 891 laxum
1097 826 1162 889 in
1194 825 1501 909 plerisque
1531 825 1787 889 illorum
1819 826 2019 889 notat.

792 928 871 991 Et
903 927 1020 993 hoc
1056 948 1128 992 ex
1163 928 1241 992 iis
1273 927 1696 1003 confirmatur,
1730 946 1889 1009 quae
1927 928 2195 1012 legimus
2227 928 2292 992 in
2330 927 2783 992 Dissertatione
2813 930 3034 991 contra
3071 928 3167 991 tu-

701 1032 1003 1109 tioristaS,
1023 1032 1255 1097 inserta
1292 1032 1668 1097 editionibus
1692 1032 2070 1117 Theologiae
2093 1032 2353 1097 Moralis
2380 1051 2519 1096 ann.
2540 1032 2731 1095 1753.
2758 1033 2946 1096 1757.
2973 1032 3163 1096 1760.

702 1134 765 1196 et
800 1134 991 1198 1763.
1027 1135 1122 1198 Ibi
1154 1154 1202 1198 s.
1239 1136 1473 1200 Doctor
1509 1134 1885 1199 sententiam
1923 1134 2475 1217 probabilistarum
2522 1135 2620 1198 his
2667 1135 2871 1199 verbis
2919 1135 3170 1217 exponit

702 1257 763 1299 n.
802 1238 895 1299 l.:
944 1262 978 1294 «
1003 1236 1131 1300 Alii
1168 1236 1435 1314 demum,
1458 1235 1917 1316 probabilis-tae
1949 1236 2174 1312 vocati,
2203 1237 2525 1320 putarunt,
2557 1236 2803 1301 licitum
2828 1256 2964 1301 esse
2986 1256 3168 1301 usum

702 1338 1007 1419 opinionis
1044 1355 1257 1403 somna
1292 1339 1627 1422 probabilis
1676 1340 1739 1403 in
1787 1358 2088 1404 concursu
2129 1339 2435 1422 opinionis
2470 1358 2661 1421 aeque
2708 1339 3050 1422 probabilis
3097 1359 3166 1404 ac

699 1439 892 1504 etiam
922 1440 1353 1522 probabilioris
1385 1466 1446 1504 ».
1483 1443 1573 1506 De
1605 1461 1728 1523 qua
1768 1442 2075 1506 sententia
2106 1461 2250 1507 mox
2282 1441 2560 1506 subiicit:
2601 1467 2634 1499 ιε
2669 1443 2762 1506 De
2793 1442 2910 1506 hac
2941 1442 3164 1507 ultima

699 1542 1005 1607 sententia
1039 1544 1605 1625 probabilistarum,
1646 1544 1812 1626 quod
1842 1545 2028 1608 liceat
2075 1544 2250 1626 sequi
2299 1544 2648 1627 opinionem
2694 1545 2902 1609 minus
2951 1545 3167 1628 proba·

702 1644 888 1708 bilem
935 1645 1150 1709 relicta
1196 1646 1616 1729 probabiliori,
1651 1649 1779 1710 iam
1826 1646 2093 1710 diximus
2141 1647 2388 1730 (nempe
2432 1647 2496 1711 in
2542 1646 2661 1711 fine
2699 1647 3162 1731 Praefationis),

701 1746 868 1827 quod
898 1766 1041 1811 cum
1072 1747 1222 1812 haec
1266 1749 1550 1830 quaestio
1599 1748 1869 1830 undique
1918 1750 1994 1814 ab
2042 1749 2401 1814 auctoribus
2450 1749 2742 1832 agitetur,
2785 1748 2952 1832 apud
2999 1750 3164 1831 ipsos

705 1848 1019 1912 observari
1050 1852 1255 1932 potest
1286 1876 1347 1913 ».

792 1950 1033 2015 Rursus
1078 1952 1275 2037 igitur
1321 1973 1392 2017 ex
1438 1974 1486 2016 s.
1537 1953 1826 2018 Doctoris
1872 1953 2229 2018 testimonio
2276 1956 2542 2030 constat,
2590 1952 3163 2019 communissimam

703 2053 1252 2136 probabilistarum
1300 2057 1671 2121 sententiam
1702 2075 1887 2120 usum
1923 2056 2246 2139 opinioniS,
2283 2074 2404 2120 non
2440 2055 2689 2138 quidem
2734 2055 3008 2121 tenuiter
3054 2058 3164 2119 aut

704 2155 908 2233 dubie,
958 2157 1063 2221 sed
1109 2160 1271 2223 certe
1319 2178 1391 2223 ac
1436 2159 1629 2224 solide
1676 2158 2014 2242 probabilis
2061 2160 2136 2222 ut
2179 2158 2426 2222 licitum
2464 2158 2805 2223 admisisse.

793 2259 898 2322 48.
932 2257 1221 2325 Ceterum
1253 2260 1417 2342 quod
1442 2261 1894 2344 sapientissime
1919 2280 1968 2324 s.
1994 2261 2229 2324 Doctor
2253 2259 2696 2324 advertendum
2733 2259 2973 2324 monuit
2995 2259 3160 2323 circa

704 2379 930 2445 vagam
960 2361 1137 2426 illam
1168 2364 1232 2426 et
1260 2363 1467 2427 minus
1498 2363 2030 2445 circumscriptam
2061 2362 2390 2426 verborum
2415 2360 2747 2427 formulam
2772 2362 2833 2426 in
2858 2360 3160 2425 offerenda

704 2463 1253 2545 probabilistarum
1284 2466 1609 2541 sententia,
1650 2466 1713 2529 id
1744 2466 1950 2548 ipsum
1987 2464 2321 2549 contigisse
2352 2464 2639 2529 novimus
2671 2464 2832 2528 circa
2867 2464 3022 2529 alias
3047 2464 3167 2529 for-

705 2564 927 2644 mulas,
962 2568 1372 2633 communiter
1401 2567 1652 2651 quidem
1697 2569 2033 2651 usurpatas
2080 2566 2241 2651 apud
2277 2568 2579 2644 auctoreS,
2614 2566 2719 2632 sed
2755 2587 2917 2649 quae
2950 2587 3168 2632 ansam

703 2669 1009 2733 scandalis
1035 2673 1096 2734 et
1129 2671 1621 2735 incusationibus
1646 2671 2082 2754 praebuerunt.

793 2768 1159 2854 Exemplum
1205 2772 1393 2836 habes
1424 2794 1482 2835 r.
1516 2793 1610 2856 gr.
1644 2773 1708 2836 in
1740 2793 1913 2856 prop.
1948 2773 2212 2836 XXVII.
2243 2773 2406 2837 inter
2437 2773 2765 2838 damnatas
2798 2773 2878 2837 ab
2907 2773 3170 2837 Alexan·
3281 2765 3292 2776 ”

704 2869 813 2934 dro
846 2870 988 2935 VII.
1030 2871 1105 2935 Si
1135 2872 1293 2937 liber
1323 2876 1411 2938 sit
1436 2872 1708 2938 alicuius
1738 2876 2009 2939 iunioris
2042 2879 2103 2938 et
2129 2874 2430 2949 moderni,
2465 2875 2640 2940 debet
2668 2877 2880 2956 opinio
2925 2877 3170 2940 casseri

691 2973 1066 3051 probabilis,
1099 2975 1246 3039 dam
1278 2997 1403 3040 non
1434 2981 1694 3052 constat,
1727 2979 2021 3041 reiectam
2052 2998 2180 3041 esse
2216 2999 2260 3040 a
2291 2977 2446 3041 Sede
2477 2977 2846 3058 Aposwlioa
2873 2982 3173 3060 tanqua-m

703 3077 1191 3156 improbabilem.
1242 3081 1601 3146 Dominicus
1648 3080 1810 3144 Viva
1859 3080 1966 3163 (ad
2012 3080 2170 3144 hanc
2200 3098 2373 3163 prop.
2415 3101 2473 3143 n.
2520 3081 2608 3162 1.)
2636 3082 2850 3144 monet
2889 3100 3003 3163 pro
3050 3081 3163 3145 hac

705 3183 1011 3247 sententia
1044 3184 1250 3267 plures
1283 3185 1563 3250 doctores
1596 3184 1817 3248 adduci
1843 3203 1880 3247 a
1906 3183 2226 3248 Verricelli
2257 3183 2543 3264 (Quaest.
2579 3180 2819 3246 Moral.
2854 3186 2920 3246 et
2938 3181 3162 3264 Leyal.

704 3286 888 3349 tract.
925 3288 985 3350 2.
1019 3291 1260 3369 quaest.
1290 3291 1399 3371 5.),
1429 3289 1578 3355 adeo
1610 3289 1684 3351 ut
1714 3287 1844 3350 iam
1874 3289 2083 3369 posset
2121 3286 2260 3366 quis
2293 3285 2550 3361 credere,
2585 3284 2869 3350 doctores
2900 3305 3011 3368 per
3034 3305 3171 3350 eam

707 3391 999 3466 aetatem,
1035 3390 1367 3455 absurdam
1400 3391 1557 3454 hanc
1587 3389 1963 3453 sententiam
1996 3389 2304 3472 professos
2335 3389 2545 3452 fuisse.

794 3490 880 3554 At
911 3492 1073 3556 enim
1111 3513 1245 3557 ecce
1278 3494 1405 3576 ipse
1441 3492 1599 3556 Viva
1631 3491 1838 3574 (ibid.)
1875 3510 2018 3556 mox
2049 3493 2278 3569 monet,
2314 3517 2348 3549 «
2372 3492 2696 3574 plerosque
2727 3511 2800 3554 ex
2833 3490 2930 3555 his
2963 3491 3172 3556 docto-

703 3591 875 3655 ribus
907 3612 1050 3656 eum
1081 3592 1349 3658 Sanchez
1383 3595 1515 3676 (lib.
1556 3595 1612 3657 1.
1640 3614 1772 3677 cap.
1801 3596 1914 3676 9.),
1941 3592 2245 3675 Vasquez,
2280 3594 2461 3668 Azor,
2496 3592 2788 3657 Valentia
2834 3594 2953 3657 etc.
3006 3594 3170 3657 affir-

702 3712 924 3771 masse,
958 3695 1022 3759 id
1055 3715 1185 3761 esse
1222 3716 1455 3774 verum,
1483 3696 1729 3778 quando
1758 3699 1977 3761 auctor
2008 3696 2104 3758 est
2132 3694 2313 3765 ,valde
2343 3693 2563 3759 doctus
2596 3713 2668 3758 ac
2704 3694 2865 3776 piuS,
2893 3693 3007 3775 qui
3037 3714 3168 3760 rem

703 3799 990 3862 accurate
1027 3798 1403 3872 discusserit,
1428 3799 1682 3880 quinon
1715 3799 1800 3863 sit
1829 3797 2131 3862 novitatis
2163 3797 2452 3875 sectator,
2480 3796 2589 3879 qui
2611 3797 2696 3860 sit
2729 3795 2909 3860 valde
2931 3798 3171 3879 peritus

704 3901 843 3964 tum
891 3901 1043 3966 iuris
1089 3903 1395 3966 naturalis
1428 3903 1563 3966 tum
1598 3901 1873 3985 positivi,
1913 3900 2022 3982 qui
2068 3919 2190 3963 non
2239 3899 2472 3983 passim
2504 3899 2924 3963 hallucinatur
2953 3901 3072 3964 etc.
3108 3925 3166 3963 ».

702 4002 1032 4086 Perperam
1063 4004 1260 4088 igitur
1307 4003 1569 4068 absurde
1600 4004 1709 4067 illa
1756 4001 2035 4067 doctrina
2069 4002 2376 4085 plerisque
2408 4000 2789 4074 auctoribuS,
2821 4001 2958 4083 ipso
3011 4001 3160 4064 Viva

704 4104 960 4183 fatente,
1009 4106 1395 4171 attribuitur.

794 4207 911 4273 Sed
957 4209 1207 4292 insuper
1237 4210 1469 4274 satisne
1516 4210 1781 4287 constat,
1817 4209 1934 4272 hoc
1967 4207 2304 4272 absurdum
2351 4225 2530 4290 posse
2576 4205 2898 4271 Verricelli
2932 4205 3166 4271 tribui?

707 4309 939 4392 Utique
978 4312 1139 4376 Viva
1170 4312 1240 4393 (l.
1277 4333 1327 4376 c.
1362 4334 1420 4377 n.
1455 4312 1587 4394 11.)
1611 4311 1793 4376 illum
1826 4310 2079 4375 adducit
2109 4329 2222 4375 ceu
2246 4310 2586 4386 docentem,
2620 4332 2655 4367 «
2683 4307 2849 4391 quod
2881 4308 3166 4390 quamvis

702 4412 1057 4479 huiusmodi
1092 4414 1298 4497 opinio
1331 4417 1493 4479 esset
1537 4414 1754 4479 contra
1788 4413 2127 4479 torrentem
2159 4412 2485 4478 doctorum
2521 4413 2589 4477 et
2618 4411 2910 4493 quamvis
2958 4412 3167 4477 existi-

702 4517 979 4579 maretur
1009 4515 1186 4592 falsa,
1221 4517 1514 4598 spectatis
1547 4515 1864 4598 principiis
1887 4514 2268 4592 intrinsecis;
2305 4515 2505 4580 adhuc
2537 4516 2745 4597 posset
2777 4515 3013 4580 censeri
3035 4532 3169 4599 pro-
