3529 5158
902 391 1393 434 PROPosrrIomJu
1426 391 1876 446 omn-Anum,
1915 395 1956 435 A
1992 392 2093 436 Plo
2130 394 2209 435 11.
2565 392 2793 433 mxu:

343 494 690 572 pastoralis
745 493 1100 556 ministerii
1155 494 1523 570 Episcopos
1584 511 1805 571 neque
1850 498 2120 556 tenetur
2165 494 2434 555 obedire
2490 496 2788 553 Romano

344 584 651 646 Pontifici
696 583 768 643 iu
813 583 918 663 iis,
952 599 1126 659 quae
1158 583 1635 659 Episcopatum
1666 588 1737 645 et
1772 585 2250 661 Episcoporum
2287 584 2656 659 respiciunt
2691 582 2795 641 in-

344 674 779 735 stitutionem.

516 762 679 823 Litt.
714 764 954 837 Apost.
989 761 1378 838 Multiplices
1423 763 1591 823 inter
1625 766 1728 823 10.
1772 763 1953 823 Iunii
1989 766 2182 824 1851.
2225 794 2308 807 --
2342 763 2558 823 Alloc.
2598 763 2796 820 Acer-

345 851 665 912 biceimum
697 852 805 911 27.
841 850 1254 925 Septembris
1304 854 1497 912 1852.

423 942 530 1002 52.
559 940 979 1002 Gubernium
1027 944 1250 1016 potest
1295 956 1415 1000 suo
1461 940 1607 1000 iure
1653 941 2011 1003 immutare
2057 945 2343 1003 aetatem
2375 941 2459 1001 ab
2492 939 2793 1001 Ecclesia

341 1029 815 1107 praescriptam
859 1046 982 1105 pro
1027 1028 1342 1106 religiosa
1386 1034 1525 1090 tam
1572 1030 1925 1092 mulierum
1957 1048 2158 1107 quam
2193 1032 2487 1092 virorum
2539 1027 2794 1105 profes-

340 1119 522 1181 sione
567 1119 1015 1194 omnibusque
1058 1117 1391 1195 religiosis
1438 1119 1740 1179 Familiis
1786 1119 2099 1198 indicere,
2140 1124 2218 1180 ut
2262 1119 2596 1179 neminem
2644 1120 2791 1180 sine

342 1225 457 1270 suo
501 1208 831 1285 permissu
877 1208 962 1268 ad
1008 1207 1356 1268 sollemnia
1401 1212 1560 1269 vota
1604 1209 2058 1284 nuncupanda
2089 1209 2475 1270 admittant.

514 1297 731 1358 Alloc.
765 1295 1111 1374 Nunquam
1126 1296 1282 1374 fore
1314 1299 1417 1357 15.
1453 1297 1843 1359 Decembris
1877 1302 2070 1359 1856.

423 1388 529 1447 53.
581 1386 1033 1462 Abrogandae
1079 1389 1242 1446 sunt
1286 1386 1488 1462 leges,
1521 1403 1696 1461 quae
1725 1387 1812 1448 ad
1843 1387 2305 1463 religiosarum
2353 1386 2785 1446 Familiamm

342 1479 589 1536 statum
635 1475 991 1536 tutandum
1038 1491 1399 1551 earumque
1445 1475 1594 1535 iura
1636 1478 1708 1536 et
1737 1477 1953 1537 officia
1982 1476 2355 1553 pertinent3
2391 1476 2524 1535 imo
2561 1477 2785 1550 potest

340 1564 533 1626 civile
580 1564 999 1626 Gubernium
1044 1565 1128 1625 iis
1152 1564 1462 1625 omnibus
1493 1565 1816 1625 auxilium
1856 1572 2216 1643 praestare,
2251 1566 2368 1641 qui
2399 1583 2439 1624 a
2479 1568 2790 1638 suscepto

341 1654 687 1730 religiosae
734 1654 920 1715 vitae
962 1654 1281 1715 instituto
1328 1654 1605 1714 deficere
1642 1671 1721 1714 ac
1757 1655 2106 1715 sollemnia
2150 1658 2311 1714 vota
2343 1653 2652 1727 frangere
2683 1669 2797 1711 ve-

341 1744 467 1803 lint
510 1743 893 1819 pariterque
941 1746 1165 1819 potest
1210 1742 1556 1818 religiosas
1591 1742 1858 1803 easdem
1892 1743 2210 1803 Familias
2242 1741 2520 1818 perinde
2546 1758 2624 1800 ac
2656 1742 2790 1800 col-

339 1833 618 1909 legiatae
664 1833 998 1893 Ecclesiae
1042 1835 1113 1893 et
1158 1831 1480 1891 beneficia
1524 1831 1855 1907 simplicia
1901 1832 2103 1892 etiam
2151 1831 2317 1893 iuris
2378 1834 2791 1905 patronatus,

339 1923 608 1998 penitus
653 1921 1081 1998 exstinguere
1131 1920 1530 1995 illorumque
1560 1922 1735 1981 bona
1763 1923 1835 1982 et
1881 1921 2141 1982 reditus
2169 1920 2394 1981 civilis
2423 1918 2783 1995 potestatis

340 2010 903 2072 administrationi
948 2015 1018 2072 et
1062 2009 1343 2071 arbitrio
1389 2010 1717 2071 subiicere
1751 2015 1826 2071 et
1861 2009 2223 2071 vindicare.

516 2100 734 2161 Alloc.
783 2100 1275 2160 Acerbiccimum
1318 2101 1424 2159 27.
1476 2099 1889 2175 Septembris
1939 2101 2131 2161 1852.
2183 2133 2266 2145 —
2317 2097 2533 2158 Alloc.
2587 2097 2790 2157 Probe

606 2189 1018 2250 mevninciitis
1039 2190 1145 2248 22.
1181 2188 1479 2249 Ianuarii
1503 2191 1696 2249 1855.
1726 2220 1810 2232 -
1842 2188 1997 2247 Oum
2013 2206 2193 2265 caepe
2225 2191 2330 2247 26.
2367 2186 2525 2246 Iulii
2553 2190 2746 2247 1855.

427 2283 533 2341 54.
568 2280 788 2356 Reges
831 2282 903 2339 et
956 2278 1296 2353 Principes
1341 2294 1476 2338 nou
1525 2278 1739 2339 solum
1786 2278 1871 2337 ab
1933 2278 2273 2338 Ecclesiae
2320 2276 2781 2337 iurisdictione

342 2370 741 2443 eximuntur,
769 2384 1004 2428 verum
1027 2367 1231 2428 etiam
1256 2367 1327 2426 iu
1352 2367 1862 2443 quaestionibus
1886 2366 2369 2426 iurisdictionis
2401 2365 2796 2425 dirimendis

343 2458 713 2534 superiores
758 2461 917 2517 sunt
948 2456 1270 2517 Ecclesia.

517 2546 679 2608 Litt.
720 2548 963 2623 Apost.
1000 2544 1388 2623 Multiplices
1418 2545 1586 2605 inter
1619 2548 1723 2608 10.
1766 2545 1946 2606 Iunii
1981 2547 2176 2607 1851.

429 2640 534 2699 55.
585 2637 886 2697 Ecclesia
930 2653 971 2696 a
1017 2635 1216 2696 Statu
1264 2634 1630 2711 Statusque
1677 2635 1763 2696 ab
1797 2636 2095 2696 Ecclesia
2131 2634 2587 2713 seiungendus
2623 2639 2747 2695 est.

520 2725 739 2786 Alloc.
771 2725 1265 2786 Acerbiscimum
1297 2725 1402 2784 27.
1440 2722 1850 2799 Septembris
1885 2725 2077 2785 1852.

1430 2904 1489 2982 ξ.
1541 2905 1697 2965 VII.

807 3033 1082 3093 Errorcs
1128 3032 1202 3090 dc
1246 3030 1481 3091 Ethica
1528 3030 1819 3090 naturali
1867 3036 1925 3090 et
1962 3030 2336 3090 christ-iana.

426 3177 531 3237 56.
582 3175 845 3236 Morum
868 3175 1050 3252 leges
1081 3173 1313 3234 divina
1343 3172 1522 3233 haud
1545 3178 1759 3250 egent
1797 3173 2142 3233 sanctione
2177 3174 2581 3246 minimeque
2620 3189 2788 3246 opus

342 3268 460 3343 est,
510 3267 590 3325 ut
620 3266 948 3325 humanae
979 3264 1162 3340 leges
1194 3261 1278 3323 ad
1310 3266 1593 3322 naturae
1630 3262 1733 3320 ius
1768 3261 2266 3321 conformentur
2297 3263 2416 3318 aut
2447 3260 2790 3335 obligandi

343 3353 471 3415 vim
521 3370 562 3414 a
608 3353 754 3413 Deo
799 3352 1152 3428 accipiant.

426 3443 647 3503 Alloc.
683 3441 973 3502 Maxima
1009 3440 1255 3517 quidem
1304 3442 1363 3500 9.
1412 3437 1597 3499 Iunii
1649 3439 1844 3498 1862.

429 3534 533 3592 57.
582 3531 1202 3607 Philosophicarum
1235 3546 1456 3589 rerum
1487 3544 1879 3602 morumque
1910 3528 2194 3590 scientia
2224 3528 2516 3604 itemque
2557 3528 2796 3588 civiles

345 3621 521 3697 leges
567 3625 853 3696 possunt
896 3622 967 3681 et
1012 3618 1259 3680 debent
1290 3636 1329 3679 a
1360 3617 1594 3678 divina
1623 3619 1693 3677 et
1744 3617 2194 3679 ecclesiastica
2225 3618 2627 3679 auctoritate
2675 3617 2797 3677 de-

344 3710 609 3770 clinare.

521 3798 740 3858 Alloc.
778 3796 1068 3857 Maxi-ma
1114 3796 1359 3873 quidem
1407 3798 1466 3856 9.
1508 3795 1691 3856 Iunii
1732 3798 1926 3856 1862.

429 3890 534 3948 58.
562 3887 763 3947 Aliae
780 3887 961 3947 vires
985 3902 1117 3946 non
1147 3891 1308 3946 suut
1330 3885 1790 3960 agnoscendae
1822 3884 1953 3945 nisi
1991 3886 2166 3960 illae,
2209 3902 2379 3960 quae
2419 3885 2485 3943 in
2528 3883 2808 3942 materia

341 3976 596 4050 positae
644 3980 804 4036 sunt
859 3979 930 4037 et
972 3975 1190 4036 omnis
1246 3991 1499 4034 morum
1557 3973 1914 4049 disciplina
1979 3975 2423 4048 honestasque
2491 3971 2798 4032 collocari

341 4064 536 4127 debet
585 4065 655 4124 in
703 4065 1126 4125 cumulandis
1171 4067 1242 4124 et
1286 4062 1611 4139 augendis
1645 4063 1888 4138 quovis
1923 4064 2115 4123 modo
2148 4062 2410 4122 divitiis
2442 4079 2519 4122 ac
2560 4061 2629 4119 in
2681 4077 2794 4121 vo-

343 4153 577 4230 luptati
585 4155 713 4216 bus
760 4153 1128 4229 explendis.

518 4245 738 4304 Alloc.
787 4241 1080 4302 Maoeima
1111 4241 1356 4318 quidem
1391 4246 1449 4300 9.
1479 4241 1658 4300 Iunii
1686 4243 1879 4302 1862.
1907 4275 1986 4286 -
2017 4240 2231 4317 Epist.
2260 4242 2510 4319 encycl.
2547 4241 2796 4315 Quanto

607 4332 1018 4408 confici-amur
1050 4334 1154 4392 10.
1188 4329 1488 4404 Augusti
1526 4331 1719 4389 1863.

431 4425 532 4482 59.
561 4422 678 4482 Ius
723 4421 792 4481 iu
844 4420 1171 4480 materiali
1220 4418 1402 4479 facto
1448 4418 1762 4479 consistit
1808 4425 1876 4480 et
1922 4422 2144 4481 omnia
2191 4420 2536 4479 hominum
2570 4419 2788 4480 officia

347 4515 502 4570 sunt
545 4526 786 4570 nomen
836 4509 1034 4568 inane
1064 4514 1133 4569 et
1177 4506 1403 4568 omnia
1447 4508 1742 4567 humana
1790 4508 1966 4569 facta
1999 4510 2161 4570 iuris
2209 4510 2342 4568 vim
2394 4510 2662 4568 habent.

518 4600 736 4660 Alloc.
774 4595 1065 4657 Maxima
1111 4597 1357 4674 quidem
1406 4598 1465 4656 9.
1504 4596 1685 4656 Iunii
1723 4600 1919 4658 1862.
