3529 5158
327 309 467 384 [591]
840 326 1079 367 1111111116
1116 327 1181 367 111
1219 327 1508 368 misma
1547 326 1745 370 CAUSA
1781 331 2265 375 nmorarroms
2672 318 2780 372 533

336 422 647 506 privatum
695 423 898 490 officio
949 422 1236 488 audiendi
1281 423 1689 490 confessiones
1736 446 1842 509 per
1889 447 1939 491 6.
1988 428 2288 492 Τ1111111161
2334 428 2780 508 Inquisitionis.

330 525 399 589 3⁰
441 525 629 589 Iuvat
671 526 863 590 etiam
907 525 1192 603 recolere,
1224 525 1359 590 heic
1405 526 1510 610 agi
1554 525 1629 591 de
1674 529 1947 611 negotio,
1980 530 2045 593 in
2077 547 2200 611 quo
2248 529 2303 593 si
2339 528 2478 610 quis
2508 530 2777 608 labatur,

330 626 388 689 id
432 626 740 713 contingit
774 647 899 692 non
931 630 1064 692 tam
1094 647 1166 692 ex
1198 627 1261 691 vi
1300 627 1654 706 occasionis,
1694 648 1853 710 quae
1886 631 2123 695 alliciat
2153 632 2217 695 et
2251 630 2553 713 impellat,
2593 650 2782 714 quam

330 749 399 795 ox
425 731 673 796 malitia
720 733 833 797 aut
875 732 1221 817 fragilitate
1259 732 1588 815 peccantis.
1626 733 1821 798 Porro
1854 733 2213 799 Salmantie.
2245 736 2287 799 l.
2323 755 2376 800 6.
2415 756 2474 800 11.
2511 736 2623 806 46.
2654 754 2784 800 mo-

331 835 608 910 nuerant,
647 853 791 898 cum
822 835 918 899 his
955 835 1091 916 (qui
1122 835 1288 899 artes
1324 835 1529 899 licitas
1560 837 1625 899 et
1652 836 2026 919 reipublicae
2057 837 2428 902 necessarias
2466 838 2778 902 exercent:

330 935 488 999 idem
534 935 632 1000 die
677 936 751 1000 de
797 935 1155 1001 huiusmodi
1201 937 1435 1020 officio)
1480 955 1600 1002 non
1650 957 1781 1002 esse
1827 939 2155 1023 agendum,
2205 941 2387 1022 quasi
2423 959 2568 1004 611111
2615 959 2782 1004 occa-

332 1036 633 1116 sionariis,
674 1038 779 1103 sed
810 1038 1020 1122 potius
1052 1038 1231 1120 quasi
1261 1059 1403 1103 cum
1434 1039 1787 1103 labentibus
1818 1060 1889 1104 ex
1921 1041 2142 1105 habitu
2171 1044 2236 1105 et
2266 1041 2629 1124 fragilitate.

408 1135 586 1211 590.
635 1137 967 1205 Concludit
998 1160 1045 1204 6.
1080 1140 1300 1223 Alpa:
1343 1166 1378 1198 «
1416 1139 1483 1205 Si
1527 1141 1882 1206 huiusmodi
1929 1161 2225 1225 personae
2253 1161 2492 1222 semper
2522 1143 2622 1207 vel
2648 1141 2780 1221 fere

323 1260 560 1322 emer
589 1242 800 1326 lapsae
824 1242 1077 1307 fuerunt
1099 1243 1164 1306 et
1192 1243 1365 1307 nulla
1397 1244 1787 1308 rationabilis
1819 1264 1956 1327 spes
1979 1245 2277 1330 effulgeat
2295 1245 2776 1320 emendationis;

329 1346 475 1409 tunc
507 1345 790 1423 1116116116,
823 1345 1018 1410 1611611
1048 1364 1190 1409 611111
1236 1364 1624 1427 quacumque
1660 1346 1903 1411 iactura
1942 1347 2214 1412 officium
2250 1345 2526 1412 deserere
2554 1345 2689 1427 (sed
2725 1346 2777 1410 si

321 1447 494 1511 nulla
525 1466 662 1531 spes
692 1449 789 1513 est
818 1447 1281 1523 emendationis,
1320 1466 1518 1529 neque
1548 1467 1684 1530 spes
1716 1450 1856 1522 erit,
1895 1452 1972 1512 ut
2002 1449 2275 1513 officium
2303 1448 2687 1530 relinquant)
2710 1471 2772 1511 ›.

318 1545 489 1627 Quae
518 1569 735 1613 rursus
764 1548 1140 1614 moderanda
1169 1549 1478 1627 videntur,
1515 1549 1732 1613 habita
1772 1550 2010 1614 ratione
2043 1551 2397 1628 occasionis,
2445 1570 2605 1631 quae
2653 1567 2774 1615 non

320 1668 428 1732 per
458 1669 523 1714 se
556 1651 685 1714 vim
720 1651 950 1714 habeat
988 1650 1064 1713 ad
1101 1669 1466 1714 consensum
1515 1650 1973 1726 attrahendum,
2014 1651 2088 1713 ut
2122 1651 2249 1714 iam
2280 1651 2565 1716 diximus·
2614 1651 2777 1716 Hinc

315 1750 378 1814 1⁰
426 1752 733 1817 eiusmodi
776 1753 1043 1834 parocho
1091 1755 1205 1817 aut
1248 1753 1536 1836 chirurgo
1582 1751 2005 1818 denuncianda
2050 1752 2212 1818 foret
2257 1754 2560 1838 obligatio
2607 1754 2775 1818 adhi-

310 1852 499 1916 bendi
527 1852 751 1932 media,
785 1853 1009 1934 quibus
1045 1854 1337 1918 voluntas
1369 1854 1693 1918 roboretur
1724 1854 1803 1918 ad
1837 1855 2267 1932 resistendum,
2295 1875 2417 1921 non
2449 1874 2592 1920 vero
2626 1855 2777 1920 obli-

311 1953 495 2038 gatio
539 1954 855 2019 deserendi
902 1955 1209 2031 officium;
1259 1974 1331 2020 eo
1377 1955 1476 2020 vel
1518 1956 1787 2020 maxime
1834 1957 1903 2021 2⁰
1951 1957 2116 2039 quod
2160 1957 2442 2039 quisquis
2480 1956 2556 2021 ad
2595 1957 2776 2022 hasce

313 2057 667 2121 occasiones
713 2075 953 2140 semper
984 2057 1098 2122 aut
1124 2058 1250 2121 fere
1281 2076 1518 2140 semper
1562 2057 1799 2122 labitur
1842 2059 1905 2122 in
1952 2077 2336 2137 consensum,
2367 2060 2423 2123 is
2452 2060 2615 2124 certe
2651 2078 2776 2124 non

318 2176 387 2221 ea
435 2158 643 2222 solum
692 2159 1028 2235 occasione,
1077 2158 1183 2223 sed
1230 2159 1386 2223 alias
1431 2158 1752 2224 multoties
1800 2160 1865 2224 in
1911 2161 2215 2227 eiusmodi
2273 2162 2524 2244 peccata
2570 2181 2632 2225 se
2678 2161 2777 2227 de-

313 2263 571 2346 merget.
608 2261 972 2326 Remedium
1003 2261 1201 2345 igitur
1229 2280 1352 2326 non
1391 2261 1456 2325 in
1487 2261 1675 2326 officii
1705 2262 1876 2327 illius
1900 2283 2006 2346 per
2037 2283 2102 2328 se
2130 2265 2376 2329 honesti
2407 2264 2772 2329 demissione

318 2363 737 2444 quaerendum
782 2366 896 2428 est.
929 2363 1102 2428 Adde
1132 2364 1203 2426 3⁰
1233 2364 1398 2445 quod
1445 2365 1721 2448 chirurgi
1750 2385 1874 2431 non
1920 2367 2152 2448 passim
2197 2367 2428 2432 habent
2473 2367 2630 2432 tales
2677 2386 2774 2432 oc·

315 2466 613 2544 66616666,
662 2465 768 2530 6611
813 2465 973 2531 forte
1003 2466 1225 2530 rarius.
1274 2463 1401 2529 Gur
1430 2485 1578 2550 ergo
1609 2467 2049 2549 professionem
2093 2468 2370 2553 chirurgi
2416 2469 2768 2534 omnimodo

312 2567 602 2636 deberent
646 2570 1034 2653 relinquere?
1080 2570 1237 2634 Item
1303 2570 1658 2635 confessarii
1710 2589 1836 2636 non
1889 2573 2120 2656 passim
2181 2572 2412 2638 habent
2461 2592 2642 2639 casus
2690 2573 2768 2639 ad

308 2690 564 2739 manum
608 2673 702 2738 ita
746 2672 1265 2739 extraordinarios
1308 2674 1426 2737 ete.

396 2778 635 2843 Verum
682 2777 1105 2861 considerandi
1151 2778 1299 2841 sunt
1343 2778 1534 2842 etiam
1578 2797 1778 2857 666116,
1827 2779 1892 2843 111
1937 2780 2162 2861 quibus
2207 2799 2330 2845 non
2378 2780 2543 2845 adsit
2588 2783 2767 2846 tanta

312 2882 644 2946 necessitas
690 2879 993 2962 quasdam
1025 2879 1297 2945 actiones
1343 2880 1623 2963 ponendi,
1658 2880 1862 2963 qualis
1892 2882 2127 2947 relucet
2157 2882 2220 2947 in
2259 2882 2461 2947 officio
2493 2884 2769 2968 chirurgi

309 2986 419 3048 aut
460 2984 735 3068 parochi.

399 3086 481 3150 Et
517 3086 692 3151 brevi
714 3105 811 3150 res
843 3085 1110 3168 expediri
1134 3087 1358 3168 potest,
1394 3085 1672 3149 adhibito
1698 3086 1807 3148 illo
1840 3086 2160 3167 principio,
2187 3085 2353 3166 quod
2374 3086 2768 3166 aptissimum

313 3190 406 3252 est
437 3188 766 3255 solvendae
790 3187 1045 3253 cuilibet
1067 3186 1416 3269 quaestioni
1445 3187 1606 3250 circa
1637 3185 2001 3269 fugiendum
2033 3186 2146 3248 aut
2168 3185 2607 3250 removendum
2637 3206 2770 3268 pec-

319 3291 499 3355 candi
535 3291 877 3374 periculum
915 3289 1202 3372 quodque
1232 3288 1388 3351 alias
1436 3286 1831 3351 adhibuimus
1859 3286 1924 3349 in
1955 3286 2316 3368 quaestione
2346 3286 2420 3350 de
2453 3288 2767 3353 occasione

316 3392 605 3475 peccandi
638 3392 980 3458 necessaria
1004 3391 1097 3471 (in
1134 3390 1213 3454 tr.
1238 3389 1314 3452 de
1335 3388 1638 3472 Poem't.).
1665 3388 2170 3471 Perpendendum
2207 3407 2423 3471 nempe
2453 3387 2517 3452 in
2548 3390 2768 3471 quovis

313 3513 458 3560 66611
506 3495 647 3569 6111,
693 3496 910 3559 utrum
947 3495 1012 3558 in
1048 3493 1221 3576 praxi
1266 3491 1578 3556 difficilius
1617 3491 1701 3556 sit
1737 3491 2121 3556 occasionem
2152 3511 2263 3557 seu
2293 3492 2634 3574 periculum
2680 3513 2768 3559 re-

315 3580 582 3676 movere,
630 3616 710 3662 an
758 3616 901 3661 vero
948 3595 1263 3660 difficilius
1309 3595 1394 3659 sit
1438 3596 1758 3678 peccatum
1805 3594 2023 3673 vitare,
2072 3596 2391 3678 praesente
2452 3596 2768 3662 occasione

312 3700 408 3765 vel
430 3702 640 3765 stante
671 3699 963 3784 periculo.
988 3698 1072 3763 Et
1102 3698 1380 3762 adhibita
1404 3698 1518 3762 hac
1542 3717 1758 3764 norma
1790 3696 1970 3762 facile
1990 3698 2248 3781 patebit,
2282 3698 2573 3778 actiones,
2609 3718 2767 3781 quae

216 3814 221 3819 ’
314 3801 492 3868 facile
538 3804 803 3886 possunt
836 3801 1065 3875 omitti,
1105 3799 1507 3864 dimittendas
1536 3819 1664 3865 esse
1712 3800 1812 3865 vel
1848 3820 1970 3866 non
2000 3800 2402 3865 dimittendas
2432 3820 2542 3882 pro
2580 3800 2772 3864 facili-

321 3907 470 3983 tate,
519 3924 647 3988 qua
700 3905 840 3986 quis
885 3921 1251 3969 consensum
1299 3901 1512 3966 adiicit
1555 3902 1654 3966 vel
1698 3921 1822 3967 non
1870 3902 2082 3966 adiicit
2128 3901 2334 3983 pravis
2377 3901 2654 3965 motibus
2699 3920 2770 3965 66

313 4005 711 4074 delectationi
742 4007 994 4084 carnali,
1031 4025 1188 4087 quae
1227 4004 1471 4068 easdem
1507 4004 1779 4068 actiones
1815 4004 2230 4085 consequitur.

397 4106 557 4182 591.
626 4108 919 4192 Superest
965 4108 1215 4171 demum
1261 4106 1487 4172 ultima
1532 4105 1838 4188 particula
1890 4106 2140 4189 regulae
2202 4104 2390 4181 1111116,
2447 4124 2636 4186 quam
2697 4126 2770 4171 ex

314 4210 586 4277 Auctore
613 4211 946 4275 retulimus
976 4229 1113 4293 sup.
1145 4229 1205 4273 n.
1248 4209 1398 4273 580.
1432 4227 1647 4291 nempe
1678 4206 1981 4272 venialem
2025 4207 2154 4272 fore
2185 4208 2432 4289 culpam
2465 4208 2527 4274 in
2574 4209 2772 4292 pollu-

312 4313 502 4391 tione,
537 4311 784 4395 quando
816 4313 970 4378 levis
1008 4311 1160 4376 haec
1189 4311 1370 4395 eulpa
1406 4311 1568 4375 inest
1600 4309 1848 4386 actioni,
1889 4329 2046 4392 quae
2076 4309 2169 4373 illi
2206 4328 2460 4373 causam
2496 4310 2767 4393 praebet.

398 4416 483 4481 Et
521 4417 644 4480 huc
675 4434 821 4480 sane
868 4415 1153 4498 spectant
1182 4433 1274 4489 66,
1308 4434 1466 4496 quae
1502 4413 1665 4478 idem
1709 4413 1947 4478 Auctor
1992 4412 2143 4476 dicit
2175 4412 2233 4476 in
2269 4412 2424 4490 loco,
2459 4414 2567 4495 qui
2603 4413 2771 4480 dedit

318 4518 705 4583 occasionem
749 4517 896 4582 huie
936 4516 1299 4581 tractationi
1344 4516 1473 4581 scil.
1507 4516 1572 4580 in
1607 4534 1767 4597 resp.
1816 4516 1887 4578 2⁸
1933 4514 2005 4580 de
2042 4514 2449 4579 delectatione
2493 4534 2768 4583 morosa:
