3529 5158
722 341 827 396 164
1196 353 1409 395 macr.
1449 354 1513 394 11.
1551 354 1636 394 DE
1674 352 2091 395 conscmnrm.
2136 351 2333 394 capua·
2373 351 2437 391 11.
2478 350 2622 393 nnn.
2658 351 2700 392 1.
3037 333 3184 409 [167]

720 471 792 515 ex
823 451 1093 516 eiusdem
1117 450 1344 514 iudicio
1378 451 1532 514 satis
1551 447 1989 528 probabiliter,
2024 451 2236 513 tenent
2272 467 2520 531 peccare
2551 448 2802 511 tantum
2833 445 3178 523 venialiter,

723 554 774 618 si
807 554 991 618 homo
1023 553 1129 617 ille
1159 553 1412 617 minime
1443 552 1714 617 advertit
1742 571 1854 617 nec
1885 552 2076 617 etiam
2121 552 2185 616 in
2222 550 2497 625 confuse,
2547 548 2626 612 ad
2671 548 3014 631 periculum
3046 565 3185 631 gra-

718 656 877 718 viter
913 655 1201 737 peccandi
1233 674 1427 736 neque
1464 653 1543 718 ad
1591 654 2035 739 obligationem
2065 673 2195 718 rem
2227 651 2637 729 examinandi,
2685 652 2748 715 et
2795 649 2971 713 modo
3024 650 3185 713 obie-

719 760 883 820 ctum
913 777 1039 820 non
1069 758 1157 821 sit
1189 760 1350 820 certe
1382 778 1505 835 per
1550 776 1615 820 ee
1645 776 1869 837 yrave:
1902 756 2204 833 adderem,
2238 756 2443 837 inquit
2488 774 2537 818 S.
2571 753 2757 837 Alph.
2796 753 2838 816 l.
2872 772 2946 829 c.,
2996 752 3181 816 modo

719 861 910 924 etiam
941 860 1125 925 homo
1173 860 1258 923 sit
1303 861 1635 923 timoratae
1667 859 2108 923 conscientiae:
2143 877 2300 940 quae
2331 858 2580 940 quidem
2611 858 2926 939 postrema
2964 873 3184 919 norma

715 962 1041 1044 desumpta
1090 962 1166 1026 ab
1212 962 1522 1026 habituali
1569 961 1881 1043 operantis
1928 963 2121 1038 statu,
2171 979 2293 1024 non
2338 960 2471 1024 leve
2527 958 2782 1042 praebet
2843 956 3181 1032 indicium3

716 1067 940 1149 quippe
978 1067 1087 1147 qui
1132 1085 1169 1128 a
1214 1066 1393 1148 gravi
1438 1067 1688 1147 peccato
1737 1064 2090 1139 abhorrent,
2140 1082 2263 1128 non
2309 1062 2488 1127 facile
2534 1062 2599 1126 in
2646 1061 2805 1125 illud
2854 1063 3184 1125 censentur

718 1168 1126 1232 consensisse:
1162 1185 1336 1230 secus
1373 1166 1446 1229 de
1479 1166 1617 1230 aliis
1655 1165 1999 1230 dicendum.
2034 1166 2288 1244 Verum,
2329 1168 2403 1229 ut
2435 1164 2665 1229 sincere
2697 1163 2995 1240 dicamus,
3031 1162 3183 1227 haec

718 1269 1077 1353 hypothesis
1124 1269 1223 1332 vix
1272 1270 1383 1332 aut
1427 1288 1503 1333 ne
1549 1268 1651 1331 vix
1697 1267 1945 1350 quidem
1990 1268 2260 1350 pertinet
2296 1266 2375 1330 ad
2412 1270 2692 1331 nostram
2728 1265 3179 1347 quaestionem.

716 1370 880 1436 Nam
912 1372 1153 1454 questio
1178 1374 1273 1436 est
1304 1370 1377 1435 de
1408 1371 1752 1447 dubitante,
1789 1371 1949 1434 sitne
1979 1372 2303 1452 peccatum
2332 1370 2464 1433 leve
2502 1371 2616 1432 aut
2643 1386 2869 1452 grave:
2901 1367 3013 1432 isti
3038 1385 3182 1432 vero

717 1493 932 1538 casum
966 1473 1232 1558 fingunt,
1265 1473 1504 1537 nullam
1535 1473 1608 1537 de
1644 1473 1825 1557 gravi
1864 1472 2073 1537 adesse
2120 1471 2551 1554 suspicionem.

807 1576 1040 1640 Verum
1087 1594 1233 1659 ergo
1280 1577 1393 1651 est,
1442 1575 1607 1656 quod
1654 1575 2105 1658 praemisimuS,
2154 1574 2354 1659 gratis
2400 1572 2553 1658 fingi
2598 1574 2899 1637 Doctores
2947 1570 3184 1636 dissen-

716 1680 973 1755 tientes;
1008 1679 1153 1760 quia
1180 1697 1360 1742 verus
1391 1678 1700 1742 dissensus
1724 1697 1848 1742 non
1881 1680 1996 1751 est,
2029 1676 2137 1741 ubi
2169 1678 2446 1741 tractant
2478 1676 2711 1760 singuli
2741 1675 2815 1740 de
2848 1674 3183 1759 hypothesi

716 1780 1054 1864 disparata.

802 1883 1136 1956 Addemus‚
1175 1883 1403 1947 allatas
1435 1882 1774 1947 sententias
1806 1901 2027 1965 parum
2059 1884 2172 1946 aut
2202 1881 2358 1945 nihil
2388 1880 2660 1945 conferre
2696 1879 2776 1943 ad
2813 1879 3177 1945 solvendam

715 1985 1139 2067 quaestionem
1175 1984 1336 2048 nude
1384 1987 1446 2049 et
1484 1986 1655 2048 extra
1688 1985 1982 2067 speciales
2027 1984 2170 2048 illas
2208 1984 2580 2068 hypotheses
2626 1982 3034 2066 propositam.
3087 1984 3178 2046 De

716 2105 839 2168 qua
871 2086 922 2150 si
960 2085 1106 2166 quid
1145 2086 1265 2150 dici
1304 2089 1608 2169 oporteat,
1657 2086 2067 2164 advertemus,
2107 2085 2547 2149 difficillimum
2593 2103 2746 2164 esse,
2795 2085 2859 2149 in
2892 2087 3179 2150 concreto

716 2189 1035 2272 quidpiam
1066 2190 1341 2255 definire.

801 2292 884 2356 Et
906 2312 1052 2357 sane
1075 2294 1129 2357 si
1150 2313 1297 2358 vera
1322 2293 1619 2376 principia
1644 2292 2074 2370 adhibeantur,
2099 2311 2259 2374 quae
2283 2293 2356 2356 de
2380 2295 2603 2377 agente
2627 2311 2772 2356 cum
2798 2293 3181 2358 conscientia

713 2395 980 2477 practice
1026 2395 1213 2460 dubia
1260 2397 1386 2459 iam
1431 2395 1777 2479 tetigimus,
1826 2395 1976 2458 haec
2022 2394 2335 2478 exigerent
2380 2394 2580 2476 plane,
2633 2395 2708 2459 ut
2753 2413 3002 2477 peccare
3040 2396 3184 2476 quis

709 2501 1031 2563 censeatur
1061 2520 1134 2562 ea
1151 2499 1398 2577 peccati
1418 2500 1614 2576 specie
1649 2502 1780 2561 tum
1810 2495 2038 2561 morali
2072 2501 2202 2561 tum
2233 2495 2591 2579 theoloyica‚
2626 2497 2700 2561 de
2733 2515 2856 2579 qua
2881 2498 3180 2581 practice,

710 2602 860 2666 dum
898 2603 1050 2685 agit,
1085 2601 1551 2684 dubitanErgo
1585 2601 1874 2665 dicendus
1912 2603 2072 2665 esset
2110 2620 2357 2685 peccare
2394 2601 2674 2685 graviter
2698 2648 2714 2674 ,
2748 2600 2894 2682 quia
2943 2601 3184 2686 obliga-

712 2703 944 2767 tionem
977 2721 1121 2766 sane
1167 2722 1422 2786 gravem
1454 2703 1649 2766 violat
1684 2704 2106 2785 praecavendi,
2141 2724 2216 2769 ne
2247 2723 2355 2787 per
2400 2703 2826 2787 ignorantiam
2859 2707 2972 2767 aut
3009 2704 3185 2768 inad-

709 2810 1080 2874 vertentiam
1125 2809 1547 2874 voluntariam
1592 2809 1827 2873 incidat
1871 2811 1936 2875 in
1981 2811 2138 2896 legis
2183 2811 2731 2895 transgressioneS,
2765 2829 2924 2892 quae
2955 2829 3185 2895 graves

710 2931 841 2977 esse
886 2914 1137 2994 queant.
1183 2914 1270 2976 At
1316 2912 1479 2977 enim
1525 2915 1598 2977 ut
1643 2912 1796 2976 haec
1842 2913 2120 2978 doctrina
2165 2915 2230 2977 in
2276 2916 2560 2979 concreto
2610 2913 2911 2997 applicari
2956 2914 3178 2996 possit,

709 3017 990 3080 constare
1022 3014 1268 3080 deberet
1318 3015 1383 3077 1⁰
1430 3034 1646 3079 verum
1693 3016 1940 3080 affuisse
1971 3015 2248 3092 dubium,
2281 3036 2405 3082 non
2443 3020 2656 3082 autem
2699 3017 2949 3082 inanem
2987 3016 3183 3098 phan—

709 3118 969 3181 tasiam:
1006 3120 1075 3181 2⁰
1106 3120 1178 3182 ut
1215 3118 1370 3182 nihil
1402 3136 1617 3181 eorum
1654 3118 2085 3195 intercesserit,
2125 3137 2285 3199 quae
2331 3118 2411 3182 ad
2440 3118 2700 3184 dubium
2731 3118 2943 3199 aliquo
2982 3118 3172 3183 modo

708 3220 1132 3303 deponendum
1165 3241 1273 3285 seu
1303 3221 1735 3286 resolvendum
1766 3219 2112 3285 conferunt.

792 3323 990 3406 Atqui
1019 3343 1161 3388 cum
1194 3322 1451 3388 dubium
1480 3323 1757 3388 infinitos
1781 3322 2012 3407 gradus
2043 3323 2290 3400 habeat,
2326 3342 2433 3406 per
2463 3341 2619 3404 quos
2651 3322 2750 3387 vel
2782 3321 2861 3386 ad
2902 3322 3177 3405 prudens

706 3424 1012 3489 dictamen
1043 3425 1142 3488 vel
1174 3424 1253 3488 ad
1284 3443 1509 3489 vanam
1541 3425 1937 3507 phantasiam
1968 3425 2202 3490 accedit
2240 3426 2303 3490 et
2334 3424 2608 3490 subsidia
2649 3425 2903 3507 pariter,
2945 3425 3181 3506 quibus

706 3525 963 3589 dubium
1011 3527 1107 3590 vel
1155 3527 1481 3609 deponitur
1528 3527 1625 3592 vel
1670 3528 2066 3592 imminuitur
2112 3547 2219 3593 seu
2278 3530 2685 3610 temperatur,
2745 3547 2852 3610 per
2896 3527 3179 3594 infinitos

706 3628 935 3712 gradus
968 3629 1263 3693 maiorem
1294 3629 1672 3693 minoremve
1705 3630 1927 3695 habere
1959 3631 2088 3694 vim
2117 3631 2377 3713 possint,
2415 3630 2566 3694 haec
2598 3632 2812 3695 autem
2842 3647 3029 3694 nosse
3061 3630 3178 3695 dif-

707 3729 864 3793 ficile
902 3730 984 3794 sit
1015 3730 1113 3794 vel
1142 3729 1263 3812 ipsi
1310 3732 1616 3815 operanti;
1650 3735 1827 3814 patet
1871 3733 2072 3798 multo
2104 3732 2306 3818 magis
2352 3731 2721 3796 confessario
2754 3731 3004 3796 difficile
3037 3732 3170 3798 fore

702 3830 793 3895 ita
817 3832 1003 3914 probe
1027 3852 1157 3897 rem
1181 3852 1377 3925 nosse,
1405 3836 1478 3897 ut
1509 3836 1747 3898 certum
1771 3835 2068 3898 iudicium
2100 3834 2256 3904 ferre
2281 3835 2497 3918 possit.
2537 3835 2616 3900 Et
2641 3835 2695 3898 si
2720 3853 2901 3917 saepe
2917 3834 3175 3900 difficile

704 3935 911 3999 evadit
942 3935 1315 4001 Doctoribus
1356 3935 1623 4014 definire,
1658 3956 1849 4021 grave
1880 3956 1954 4001 ne
1986 3956 2064 4002 an
2095 3937 2228 4003 leve
2266 3938 2351 4002 sit
2387 3940 2708 4020 peccatum
2745 3937 2960 4002 habita
2994 3937 3174 4003 dum—

701 4038 877 4102 taxat
922 4037 1139 4102 obz‘ecti
1184 4039 1452 4117 ratione3
1500 4039 1703 4103 multo
1751 4039 1810 4103 id
1862 4058 1991 4104 esse
2050 4039 2230 4104 debet
2281 4040 2618 4113 difficilius,
2677 4040 2924 4121 quando
2974 4040 3169 4107 dubia

701 4139 991 4203 accedant
1028 4160 1099 4203 ex
1134 4144 1360 4206 natura
1408 4144 1585 4206 actus
1632 4141 1880 4215 interni,
1919 4161 2104 4223 quem
2143 4142 2344 4207 videre
2382 4144 2446 4207 et
2492 4142 2827 4227 ponderare
2859 4163 2985 4209 non
3031 4164 3176 4228 pos-

700 4258 932 4302 sumus
983 4239 1098 4304 Sed
1146 4243 1299 4306 nihil
1345 4245 1597 4325 propter
1642 4243 1792 4307 haec
1840 4243 2079 4308 turbari
2108 4243 2290 4309 debet
2320 4243 2750 4310 confessarius.
2795 4245 2893 4310 Ad
2933 4266 3171 4313 munus

702 4341 864 4404 enim
896 4360 1078 4404 suum
1109 4342 1227 4407 rite
1261 4344 1610 4408 obeundum
1640 4364 1882 4410 necesse
1913 4363 2036 4409 non
2068 4347 2182 4421 est,
2211 4348 2284 4410 ut
2313 4349 2477 4412 certe
2515 4346 2802 4413 decernat
2833 4347 2908 4412 de
2946 4350 3174 4433 culpae

698 4443 1037 4527 gravitate3
1066 4444 1229 4525 quod
1255 4444 1500 4526 quidem
1525 4446 1881 4528 saepissime
1905 4466 2101 4528 neque
2125 4448 2615 4531 sapientissimus
2646 4450 2906 4532 quisque
2932 4455 3174 4533 potest.
