3529 5158
757 319 863 373 688
1579 332 1894 373 APPENDIX
1935 333 1974 372 1.
2013 332 2411 374 mssnnn'no

846 430 934 495 At
982 450 1124 495 vero
1174 432 1338 513 quod
1386 431 1687 497 eiusmodi
1720 432 1995 507 medium
2016 432 2177 497 inter
2202 432 2378 496 binos
2409 431 2552 495 illos
2584 429 3051 513 probabilitatis
3083 449 3228 514 gra-

756 532 871 596 dus
902 552 1026 597 non
1073 533 1273 610 detur,
1303 553 1518 617 nempe
1566 534 1731 616 quod
1777 534 1952 599 nulla
1984 533 2324 618 excogitari
2357 532 2555 617 possit
2594 531 2801 617 opinio
2841 531 3226 613 probabilior

755 652 913 716 quae
961 636 1060 700 vel
1106 635 1361 701 dubiam
1392 636 1829 702 tantummodo
1870 637 1982 700 aut
2013 637 2105 701 ita
2143 640 2393 700 tenuem
2440 632 3064 719 praeponderantiam
3110 634 3226 699 ha-

754 736 898 801 beat
944 758 1090 822 prae
1139 739 1444 824 opposita,
1480 742 1553 804 ut
1569 760 1693 819 pro
1728 738 1927 802 nihilo
1966 737 2320 817 reputanda
2355 738 2457 815 sit,
2499 737 2595 801 vel
2636 737 2815 799 tanta
2839 735 3228 818 praepolleat

755 841 1326 923 praeponderantia,
1363 844 1436 906 ut
1466 862 1654 926 prope
1675 842 2000 907 moraliter
2037 843 2207 905 certa
2239 840 2555 924 appareat,
2590 839 2923 914 enimvem,
2956 842 3031 902 ut
3065 838 3224 904 alias
3298 903 3308 912 ,

753 941 1040 1017 diximus,
1090 944 1473 1027 paradoxum
1518 948 1613 1009 est
1658 944 1972 1008 communi
2022 943 2304 1008 omnium
2351 941 2789 1026 theologorum
2835 943 2898 1004 et
2944 941 3224 1025 philoso-

751 1045 1019 1127 phorum
1066 1048 1273 1111 sensui
1320 1065 1690 1131 repugnanS,
1730 1065 1928 1128 neque
1959 1046 2166 1110 minus
2200 1065 2236 1109 a
2268 1064 2317 1109 3.
2359 1044 2663 1127 Alphonsi
2694 1043 2977 1107 doctrina
3002 1044 3224 1109 abhor-

750 1166 908 1211 rens.
945 1146 1181 1231 Quippe
1206 1168 1255 1213 s,
1291 1150 1544 1225 Doctor,
1576 1167 1700 1213 non
1724 1168 1904 1214 secus
1938 1168 2008 1212 ac
2039 1149 2338 1212 Doctores
2372 1164 2602 1224 omnes,
2635 1145 2902 1210 dilucide
2934 1145 3222 1211 distinxit

748 1250 1065 1333 opiniones
1114 1252 1226 1328 ita,
1280 1254 1351 1315 ut
1399 1253 1678 1334 spectato
1733 1252 2055 1316 rationum
2103 1249 2576 1316 auctoritatisve
2621 1247 2907 1332 pondere,
2961 1249 3089 1313 alia
3136 1250 3221 1314 sit

733 1357 1108 1436 probabilis,
1133 1359 1257 1422 alia
1272 1358 1687 1437 probabilior,
1715 1360 1841 1423 alia
1844 1357 2382 1439 probabilissima,
2399 1356 2536 1422 alia
2557 1355 2884 1421 moraliter
2897 1361 3018 1421 aut
3037 1356 3221 1438 quasi

744 1461 1070 1527 moraliter
1100 1472 1289 1526 certa.
1347 1462 1858 1527 Probabiliorem
1905 1467 2116 1528 autem
2147 1462 2447 1536 definivit,
2504 1482 2662 1544 quae
2707 1463 2940 1525 nititur
2991 1460 3218 1541 fienda»

742 1569 945 1629 mento
992 1568 1295 1648 =cyr-amori,
1344 1565 1458 1630 sed
1500 1568 1689 1630 etiam
1735 1586 1875 1630 eam
1911 1564 2217 1645 prudenti
2273 1564 2609 1644 formidine
2656 1564 2943 1644 oppositi,
2993 1564 3089 1626 ita
3147 1566 3219 1626 ut

745 1669 1070 1732 contraria
1115 1669 1304 1732 etiam
1336 1668 1693 1749 probabilis
1738 1671 2082 1732 censeatur.
2110 1664 2270 1732 Cum
2294 1686 2440 1751 ergo
2480 1665 2899 1731 admittendae
2932 1666 3058 1729 31111
3093 1665 3216 1748 opi-

746 1770 957 1835 niones
1004 1772 1470 1854 probabiliores,
1521 1790 1680 1854 quae
1726 1790 1924 1852 neque
1956 1769 2035 1834 ad
2059 1789 2308 1835 censum
2339 1789 2532 1850 aeque
2547 1767 2986 1850 probabilium
3018 1786 3210 1850 neque

746 1873 822 1936 ad
870 1874 1132 1956 speciem
1164 1874 1528 1938 notabiliter
1558 1872 2064 1953 probabiliorum
2109 1873 2419 1956 pertinent
2450 1874 2513 1936 et
2543 1890 2685 1936 cum
2714 1871 2780 1935 in
2827 1891 3046 1957 earum
3078 1890 3214 1936 0011-

743 1994 927 2038 cursu
974 1995 1023 2039 3.
1065 1978 1299 2041 Doctor
1343 1996 1468 2041 11011
1517 1978 1771 2055 abnuat,
1806 1977 1932 2041 imo
1982 1976 2132 2040 alibi
2161 1975 2441 2041 docuerit
2469 1974 2651 2041 licere
2681 1994 2868 2040 usum
2903 1975 3210 2060 opinionis

742 2077 1115 2158 probabilis:
1165 2079 1619 2144 concedendum
1666 2098 1919 2163 prorsus
1968 2081 2082 2155 est,
2145 2078 2323 2142 iuxta
2371 2096 2419 2142 s.
2469 2078 2763 2143 Doctoris
2811 2079 3205 2153 sententiam,

741 2179 985 2243 licitum
1033 2200 1164 2246 esse
1195 2201 1382 2247 usum
1415 2182 1721 2265 opinionis
1760 2181 2099 2263 probabilis
2137 2181 2202 2245 111
2226 2198 2528 2246 concursu
2566 2180 3021 2263 probabilioris,
3048 2200 3208 2263 quae

740 2302 1055 2348 summum
1101 2284 1283 2349 illum
1329 2284 1790 2368 probabilitatis
1860 2303 1982 2348 non
2032 2284 2308 2369 attingat
2377 2281 2664 2367 gradum,
2712 2280 2866 2346 unde
2915 2282 3208 2364 opposita

739 2387 1008 2451 tenuiter
1047 2391 1161 2452 aut
1204 2387 1388 2452 dubie
1419 2387 1757 2471 probabilis
1791 2387 2035 2452 evadat.

826 2490 930 2551 87.
989 2487 1106 2553 Sed
1178 2490 1623 2556 ostendendum
1686 2492 1749 2554 et
1810 2491 1965 2555 illud
2029 2493 2142 2567 est,
2193 2490 2383 2555 etiam
2443 2490 2507 2554 in
2569 2489 2685 2553 hac
2749 2487 3202 2552 Dissertatione

735 2611 875 2656 ann.
908 2593 1099 2656 1762.
1135 2613 1184 2656 s,
1219 2595 1551 2659 Doctorem
1599 2595 1864 2677 positive
1910 2595 2143 2670 docere,
2192 2594 2434 2658 licitum
2483 2612 2612 2657 esse
2657 2611 2846 2657 usum
2894 2591 3202 2675 opinionis

732 2694 938 2758 minus
985 2696 1343 2777 probabilis,
1393 2697 1638 2778 quando
1688 2699 1973 2780 opposita
2021 2716 2131 2779 pro
2178 2697 2313 2781 lege
2360 2714 2482 2761 11011
2530 2693 2793 2778 attingit
2859 2693 3200 2758 notabilem

732 2795 907 2858 illam
957 2799 1145 2878 atque
1192 2816 1503 2863 summam
1549 2800 2074 2882 probabilitatem,
2125 2799 2469 2864 contrariae
2517 2796 3029 2880 probabilitatem
3077 2797 3201 2861 adi-

730 2900 905 2975 mat;
956 2899 1105 2981 quia
1149 2919 1368 2983 nempe
1415 2920 1738 2983 quousque
1804 2903 2010 2985 opinio
2059 2921 2169 2985 pro
2231 2901 2521 2966 libertate
2575 2900 2789 2964 manet
2837 2900 3195 2981 probabilis

730 3000 917 3065 dubia
967 3005 1286 3068 remaneat
1315 3004 1412 3068 lex
1449 3006 1638 3086 atque
1686 3004 1837 3069 adeo
1887 3023 2007 3069 non
2048 3005 2306 3089 obligat.
2347 3003 2544 3085 Atqui
2581 3001 2645 3066 id
2682 3000 2982 3067 facillime
3011 3002 3196 3066 simul

725 3106 790 3168 et
835 3107 1339 3172 manifestissime
1373 3107 1615 3172 ostendi
1649 3108 1876 3190 potest.

816 3206 917 3272 Sic
954 3210 1116 3273 enim
1144 3211 1205 3274 in
1230 3211 1347 3275 hac
1370 3210 1803 3275 dissertatione
1836 3211 2050 3275 scribit
2087 3230 2135 3273 s.
2172 3211 2405 3275 Doctor
2433 3230 2494 3274 11.
2534 3211 2636 3274 10.
2677 3235 2713 3268 «
2744 3208 3195 3275 Ultimamente

726 3312 995 3376 a’nostri
1020 3313 1213 3396 tempi
1245 3313 1290 3376 il
1323 3312 1502 3378 dotto
1536 3334 1594 3396 p.
1629 3313 1895 3378 Eusebio
1928 3314 2154 3378 Amort
2200 3314 2282 3377 ha
2328 3311 2521 3378 difeso
2553 3311 2926 3378 fortemente
2973 3317 3192 3395 questa

723 3417 943 3476 nostra
988 3418 1284 3478 semema
1328 3415 1493 3479 nella
1540 3435 1654 3480 sua
1701 3416 1976 3501 teologia
2020 3416 2256 3481 morale
2304 3437 2335 3480 0
2384 3415 2710 3481 scolastica
2763 3416 3084 3498 stampata
3131 3415 3190 3478 in

722 3514 1007 3599 Bologna
1056 3517 1363 3582 nell'anno
1417 3518 1630 3595 1753„
1658 3519 1818 3601 dopo
1866 3537 2065 3583 essere
2110 3520 2280 3584 stata
2326 3517 2489 3584 fatta
2536 3517 2861 3583 emendare
2890 3518 2959 3581 in
2990 3517 3192 3583 Roma

722 3615 800 3680 da
845 3617 1185 3684 Benedetto
1233 3620 1448 3684 XIV...
1485 3619 1692 3685 Scrive
1722 3622 2027 3698 l'Autore,
2063 3623 2172 3686 che
2211 3621 2358 3686 dove
2392 3620 2727 3702 l’opinione
2759 3639 2886 3700 per
2919 3619 2986 3683 la
3020 3619 3194 3702 10990

713 3741 844 3786 non
890 3725 1218 3803 apparisce
1265 3723 1744 3789 evidentemente
1794 3747 1824 3789 0
1871 3724 2312 3789 notabilmente
2345 3726 2469 3805 pia
2497 3721 2845 3805 probabile,
2884 3729 2917 3785 0
2967 3720 3191 3786 moral-

720 3829 920 3889 mente
967 3830 1150 3900 cert0,
1198 3825 1305 3891 01ιο
1351 3848 1479 3891 non
1524 3828 1615 3890 v'e
1663 3827 1855 3911 10990,
1905 3827 2011 3892 ebe
2055 3827 2325 3910 obbli9a‚
2374 3827 2646 3903 dicendo,
2704 3826 2814 3892 che
2877 3825 3059 3891 Iddio
3105 3844 3191 3889 se-

717 3929 911 3994 condo
944 3930 1005 3994 10
1039 3949 1153 3994 sua
1178 3931 1608 4013 provvidenza,
1643 3931 1889 4014 quando
1932 3933 2114 3996 vuole
2138 3932 2248 3997 che
2273 3929 2552 4015 obblighi
2578 3929 2801 3994 alcuna
2832 3947 2950 3993 sua
2981 3927 3179 4013 legge,

718 4032 752 4093 0
787 4033 1005 4097 10111110
1056 4052 1092 4096 0
1128 4032 1405 4098 renderla
1439 4032 1925 4099 evidentemente
1957 4055 1988 4099 e
2019 4034 2468 4100 notabilmente
2500 4033 2606 4115 piii
2639 4030 2957 4115 probabile
2996 4057 3055 4094 ι».
3089 4028 3178 4092 En

718 4131 915 4216 igitur
945 4134 1276 4216 (1110111οᾱ0,
1311 4154 1360 4199 s.
1394 4137 1713 4219 Alphonso
1752 4137 2026 4214 docente,
2067 4138 2162 4203 lex
2194 4139 2391 4202 cesset
2422 4138 2610 4218 atque
2641 4134 2795 4198 adeo
2831 4133 3012 4198 liceat
3052 4130 3177 4214 opi-

718 4235 962 4299 nionem
1009 4237 1389 4318 probabilem
1423 4239 1615 4321 sequi,
1657 4240 1903 4322 quoties
1942 4241 2147 4323 opinio
2186 4259 2297 4324 pro
2329 4240 2466 4325 lege
2503 4238 2817 4305 evidenter
2849 4237 2913 4301 et
2941 4233 3176 4300 notabi-

718 4335 859 4401 liter
912 4340 1291 4421 probabilior
1329 4361 1452 4405 non
1499 4345 1815 4425 appareat.
1874 4344 2041 4407 Dicit
2087 4344 2250 4408 enim
2297 4363 2440 4409 cum
2485 4343 2729 4417 Amort‚
2785 4342 2960 4405 extra
3018 4339 3175 4403 hunc

715 4456 946 4516 casum,
994 4445 1236 4506 certum
1274 4464 1404 4508 esse
1436 4445 1774 4520 moraliter,
1825 4447 2026 4531 legem
2059 4447 2441 4531 obligantem
2486 4462 2609 4510 non
2657 4442 2891 4509 adesse.

807 4544 948 4606 Pari
981 4546 1163 4608 modo
1198 4547 1281 4610 ibi
1313 4547 1723 4613 ratiocinatur
1760 4569 1809 4613 s.
1847 4549 2080 4614 Doctor
2116 4569 2186 4614 ex
2217 4549 2491 4632 quodam
2521 4571 2568 4616 s.
2602 4545 2948 4630 Augustini
2980 4547 3167 4610 textu.
