3529 5158
371 366 517 444 [698]
1164 382 1333 425 vrrra
1356 384 1717 425 'CAPITAL1A.
1758 385 2064 427 summam
2733 375 2844 431 605

375 481 516 533 docet
542 476 697 533 Caiet.
725 484 817 530 etc.
846 479 910 530 V.
935 476 1209 548 Superbia
1221 498 1246 545 ‚·
1271 479 1387 545 quia
1411 480 1516 534 siue
1542 480 1634 534 Dei
1659 488 1709 536 et
1738 480 1948 536 aliorum
1974 485 2227 551 despectu,
2257 488 2369 551 plus
2392 484 2528 539 iusto
2561 499 2614 539 se
2643 489 2835 552 efferre,

376 577 469 616 non
496 570 572 615 est
595 560 763 626 gratis
786 560 1111 617 inordinatio:
1139 571 1268 617 esset
1297 570 1458 618 tamen
1483 564 1664 630 gravis,
1690 565 1733 619 si
1764 569 1904 621 fleret
1929 582 2042 622 011111
2067 568 2274 623 notabili
2298 568 2503 625 aliorum
2530 577 2830 638 contemptu,

375 650 720 715 complacendo
758 648 807 701 in
847 646 1052 702 aliorum
1093 648 1382 705 abiectione.

462 765 633 840 698.
653 770 688 808 *
715 769 887 835 Solet
906 771 1095 855 vulgo
1121 772 1410 837 confundi
1435 774 1723 857 superbia
1748 794 1891 839 cum
1915 777 2254 843 ambitione
2278 781 2393 843 aut
2425 798 2586 843 vana
2611 780 2837 863 gloria,

374 873 464 950 ut,
489 872 863 954 ubicumque
886 872 1109 955 cupido
1134 874 1345 956 aliqua
1361 949 1365 953 ,
1381 875 1733 941 inordinata
1757 878 2011 943 honoris
2043 880 2141 944 vel
2180 880 2384 945 laudis
2408 884 2724 965 appareat,
2750 881 2838 945 ibi

370 974 690 1059 superbiae
714 975 943 1039 crimen
968 971 1246 1041 notetur:
1277 978 1435 1042 unde
1458 980 1523 1042 et
1550 998 1674 1045 non
1704 980 1870 1044 leves
1902 982 2311 1048 conscientiae
2335 985 2837 1067 perturbationes

371 1078 521 1142 oriri
550 1079 814 1160 possunt
844 1078 1008 1161 apud
1039 1098 1162 1157 eOS,
1189 1080 1297 1161 qui
1335 1081 1541 1145 sciunt
1570 1082 1923 1165 superbiam
1962 1104 2033 1149 ex
2064 1105 2285 1169 genere
2317 1105 2432 1151 suo
2466 1106 2597 1152 esse
2634 1106 2843 1170 pecea-

370 1182 510 1246 tum
534 1178 830 1245 mortale.

461 1283 620 1363 Quid
653 1303 797 1348 vero
830 1285 914 1349 sit
945 1285 1249 1367 superbia,
1284 1306 1355 1350 ex
1386 1286 1667 1351 discursu
1701 1306 1748 1351 S.
1785 1288 2061 1353 Thomae
2095 1292 2153 1354 2.
2184 1293 2245 1354 2.
2272 1310 2332 1373 q.
2365 1292 2512 1355 162.
2539 1291 2717 1355 facile
2750 1291 2843 1354 in-

369 1385 702 1470 telligitur.
748 1386 985 1451 Pr0bat
1015 1388 1069 1451 is
1106 1387 1305 1471 primo
1345 1407 1400 1451 a.
1441 1390 1498 1452 1.
1532 1390 1886 1472 superbiam
1930 1409 2060 1456 esse
2099 1395 2440 1474 peccatum.
2473 1391 2638 1457 Nam
2669 1417 2704 1451 «
2736 1413 2836 1458 su·

366 1488 582 1570 perbia
620 1489 979 1553 nominatur
1023 1509 1096 1554 ex
1142 1490 1277 1566 hoc,
1325 1490 1492 1571 quod
1529 1491 1756 1573 aliquis
1803 1511 1911 1574 per
1956 1493 2347 1559 voluntatem
2385 1494 2601 1559 tendat
2648 1514 2840 1577 supra

366 1589 431 1653 id
480 1589 646 1672 quod
677 1593 835 1654 est...
869 1591 1077 1655 Habet
1111 1592 1320 1656 autem
1351 1593 1468 1655 hoc
1496 1595 1664 1656 recta
1701 1594 1886 1671 rati0,
1925 1597 1994 1658 ut
2029 1595 2319 1659 voluntas
2354 1595 2840 1678 imiuscuiusque

366 1691 607 1756 feratur
651 1693 715 1756 in
763 1693 846 1770 id,
880 1692 1045 1774 quod
1092 1695 1186 1757 est
1230 1694 1774 1776 proportionatum
1811 1696 1930 1760 sibi
1977 1700 2038 1761 et
2084 1697 2222 1762 ideo
2269 1699 2673 1763 manifestum
2720 1701 2834 1777 est,

368 1792 539 1874 quod
584 1794 871 1876 superbia
918 1795 1218 1877 importat
1265 1796 1519 1878 aliquid,
1561 1796 1726 1878 quod
1775 1797 2139 1865 adversatur
2174 1802 2378 1865 rectae
2423 1802 2688 1866 rationi:
2723 1802 2840 1866 hoc

369 1897 586 1960 autem
632 1895 784 1959 facit
828 1895 1136 1960 rationem
1180 1897 1416 1980 peccati
1447 1922 1508 1961 ».
1550 1898 1787 1963 Probat
1833 1900 2049 1965 deinde
2097 1922 2153 1966 a.
2204 1904 2263 1966 2.
2305 1902 2659 1986 superbiam
2706 1923 2836 1969 esse

365 2000 510 2062 tum
541 1998 804 2081 speciale
835 2000 1157 2081 peccatum
1187 2001 1325 2064 tum
1355 2000 1545 2064 etiam
1578 2003 1863 2085 generale
1895 2007 2236 2086 peccatum.
2264 2005 2378 2071 Est
2409 2006 2672 2088 speciale
2705 2026 2838 2088 pec-

365 2102 616 2176 catum;
652 2101 797 2183 quia
847 2102 1033 2166 habet
1064 2102 1324 2184 speciale
1357 2103 1686 2181 obiectum,
1723 2124 1760 2168 a
1792 2125 1915 2187 quo
1963 2107 2224 2189 speciem
2258 2107 2502 2190 accipit,
2545 2106 2711 2190 quod
2742 2110 2842 2173 est

364 2205 727 2269 excellentia
759 2205 1027 2289 propria,
1054 2224 1184 2281 seu,
1212 2208 1285 2270 ut
1315 2206 1407 2271 ait
1437 2204 1655 2284 Caiet.‚
1682 2208 1984 2273 celsitudo
2016 2209 2299 2293 propriae
2337 2229 2651 2293 personae,
2679 2229 2840 2291 quae

363 2306 669 2371 celsitudo
695 2306 1042 2371 inordinate
1068 2307 1383 2390 appetitur
1407 2309 1471 2372 et
1493 2311 1761 2373 amatur.
1781 2310 1896 2374 Est
1919 2330 2063 2375 vero
2081 2312 2180 2377 vel
2196 2330 2326 2375 esse
2343 2314 2551 2395 potest
2555 2332 2679 2391 per
2701 2309 2840 2375 red-

364 2406 743 2471 undantiam
766 2408 1050 2492 generale
1082 2412 1423 2491 peccatum,
1457 2430 1527 2474 eo
1562 2411 1728 2493 quod
1760 2412 1967 2476 omnia
2001 2414 2124 2477 alia
2157 2434 2228 2477 ex
2260 2433 2332 2477 ea
2364 2414 2671 2497 profluere
2703 2433 2844 2497 pos·

365 2512 535 2588 sunt,
569 2512 875 2594 quatenus
921 2530 990 2575 ex
1023 2511 1374 2576 inordinato
1408 2532 1616 2578 amore
1647 2515 1932 2599 propriae
1964 2515 2357 2582 excellentiae
2395 2518 2608 2600 potest
2646 2516 2833 2582 homo

364 2615 603 2680 moveri
636 2615 712 2678 ad
750 2614 1065 2696 quaelibet
1093 2618 1365 2698 peccata.
1398 2616 1621 2683 Monet>
1649 2621 1861 2683 tamen
1893 2639 1941 2683 S.
1974 2618 2220 2685 Doctor
2249 2619 2414 2702 quod
2440 2621 2729 2702 quamvis
2766 2639 2841 2684 ex

363 2717 657 2800 superbia
690 2717 896 2781 omnia
927 2717 1083 2781 vitia
1110 2717 1255 2781 oriri
1287 2719 1547 2801 possint,
1574 2737 1697 2784 non
1729 2722 1940 2784 tamen
1964 2740 2035 2784 ex
2066 2741 2140 2785 ea
2171 2740 2412 2804 semper
2436 2724 2646 2787 omnia
2680 2722 2838 2786 vitia

365 2821 683 2885 oriuntur:
712 2818 1061 2899 «Quamvis
1093 2821 1255 2884 enim
1290 2822 1496 2885 omnia
1528 2825 1854 2906 praecepta
1885 2823 2042 2909 legis
2076 2824 2275 2908 possit
2307 2825 2449 2908 quis
2487 2825 2840 2911 transgredi

362 2921 803 3005 qualicumque
849 2925 1097 3005 peccato
1146 2943 1223 2986 ca:
1269 2927 1634 3003 contemptu,
1684 2924 1797 3007 qui
1829 2926 2108 3004 pertinet
2150 2925 2240 2989 ad
2289 2926 2665 3007 superbiam,
2715 2947 2838 2992 non

362 3029 576 3090 tamen
609 3045 846 3108 semper
879 3045 950 3090 ex
980 3029 1340 3109 contemptu
1365 3026 1590 3108 aliquis
1624 3030 1950 3109 praecepta
1982 3027 2194 3092 divina
2226 3029 2706 3112 transgreditur,
2733 3029 2840 3093 sed

230 3119 237 3125 ’
361 3128 734 3209 quandoque
766 3147 839 3192 ex
868 3128 1241 3211 ignorantia,
1276 3128 1645 3210 quandoque
1676 3147 1749 3191 ex
1784 3127 2152 3192 infirmitate
2184 3154 2251 3191 ».

457 3230 691 3294 Probat
720 3231 910 3295 tertio
957 3231 1307 3314 superbiam
1338 3249 1469 3294 esse
1499 3232 1822 3311 peccatum
1851 3230 2118 3293 mortale
2149 3249 2205 3292 a.
2233 3232 2324 3294 5.:
2359 3229 2519 3310 Quia
2550 3231 2839 3313 superbia

363 3334 493 3396 sita
539 3332 633 3395 est
676 3333 740 3395 in
789 3332 1030 3396 defectu
1077 3332 1475 3396 subiectionis
1522 3331 1599 3394 ad
1646 3332 1867 3406 Deum,
1903 3331 2239 3396 secundum
2285 3331 2450 3414 quod
2501 3332 2727 3414 aliquis
2776 3353 2840 3397 se

362 3433 612 3499 extollit
650 3453 836 3517 supra
883 3434 944 3498 id
992 3433 1156 3515 quod
1188 3436 1283 3497 est
1315 3433 1432 3497 sibi
1470 3433 1810 3517 praefixum
1858 3433 2194 3498 secundum
2240 3433 2514 3499 divinam
2551 3435 2839 3520 regulam

361 3538 465 3602 vel
509 3556 885 3602 mensuram.
925 3537 1119 3601 Porro
1166 3536 1567 3601 manifestum
1605 3539 1718 3613 est,
1755 3537 1924 3618 quod
1961 3536 2076 3601 1100
2105 3537 2333 3621 ipsum,
2368 3539 2534 3619 quod
2572 3541 2666 3603 est
2714 3557 2838 3603 non

361 3641 586 3707 subiici
634 3642 786 3716 Dec,
820 3640 1008 3704 habet
1052 3639 1356 3703 rationem
1404 3639 1640 3722 peccati
1689 3639 2006 3713 mortalis3
2047 3640 2163 3705 hoc
2209 3640 2373 3704 enim
2413 3643 2508 3705 est
2554 3641 2752 3705 averti
2799 3661 2840 3704 a

362 3745 519 3809 Deo.
553 3745 787 3808 Probat
818 3743 1066 3807 tandem
1102 3761 1157 3805 a.
1192 3741 1253 3805 6.
1289 3742 1454 3824 (111οᾶ
1486 3743 1776 3825 superbia
1809 3745 1905 3806 est
1942 3743 2383 3827 gravissimum
2420 3747 2836 3825 peccatorum,

362 3847 609 3911 ratione
642 3845 855 3910 habita
882 3845 1033 3922 eius,
1059 3843 1224 3926 quod
1249 3847 1341 3908 est
1373 3845 1632 3909 formale
1664 3846 1727 3908 in
1761 3849 2034 3929 peccato,
2064 3845 2123 3909 h.
2159 3864 2209 3908 e.
2248 3845 2584 3908 aversionis
2612 3863 2645 3907 a
2675 3845 2834 3920 Deo;

370 3975 407 4028 1«ι
441 3949 590 4030 quia
628 3951 691 4012 iu
723 3948 862 4011 aliis
893 3947 1159 4029 peccatis
1190 3947 1376 4012 1101110
1411 3949 1716 4011 avertitur
1750 3969 1786 4012 a
1835 3949 1966 4012 Deo
2002 3948 2099 4012 vel
2130 3948 2381 4030 propter
2413 3946 2836 4030 ignorantiam

362 4054 466 4117 vel
498 4055 747 4135 propter
784 4051 1214 4115 infirmitatem
1244 4050 1371 4114 sive
1410 4053 1659 4134 propter
1691 4051 2062 4116 desiderium
2099 4051 2544 4133 cuiuscumque
2577 4051 2839 4115 alterius

363 4156 532 4219 boni.
558 4154 678 4219 Sed
710 4154 997 4237 superbia
1028 4153 1215 4218 habet
1246 4154 1628 4218 aversionem
1662 4173 1699 4216 a
1737 4154 1868 4217 Deo
1900 4173 1972 4217 ex
2005 4154 2119 4216 1100
2149 4152 2306 4236 ipso,
2349 4153 2515 4235 quod
2538 4171 2662 4217 non
2694 4152 2836 4216 vult

362 4253 498 4322 Deo
536 4259 601 4321 et
633 4259 763 4321 eius
810 4257 1060 4341 regulae
1108 4255 1389 4321 subiici...
1423 4257 1505 4320 Et
1540 4256 1676 4320 ideo
1713 4256 1912 4320 averti
1953 4274 1988 4319 a
2020 4257 2150 4320 Deo
2185 4257 2248 4320 et
2292 4257 2422 4320 eius
2470 4255 2833 4338 praeceptis,

362 4360 533 4442 quod
568 4363 663 4423 est
695 4360 873 4443 quasi
904 4379 1277 4441 consequens
1325 4360 1387 4422 in
1437 4360 1575 4424 aliis
1625 4358 1912 4444 peccatiS,
1955 4379 2061 4442 per
2099 4377 2161 4422 se
2201 4357 2277 4422 ad
2316 4357 2670 4441 superbiam
2704 4378 2841 4440 per-

360 4464 546 4540 tinet,
582 4464 758 4527 cuc'as
788 4465 964 4526 αεὺιιε
1010 4466 1103 4526 est
1130 4459 1260 4526 Dei
1303 4466 1701 4544 contemptus.
1738 4462 1819 4526 Et
1851 4463 1999 4543 quia
2030 4461 2113 4535 id,
2147 4460 2313 4544 quod
2347 4462 2444 4526 est
2480 4481 2588 4544 per
2620 4481 2702 4536 se,
2738 4481 2844 4544 po-

361 4566 495 4634 tius
546 4569 641 4631 est
687 4566 818 4639 illo,
868 4563 1031 4645 quod
1077 4567 1173 4629 est
1218 4584 1323 4647 per
1371 4564 1574 4640 aliud;
1625 4583 2001 4647 consequens
2057 4567 2151 4631 est
2197 4564 2366 4647 quod
2419 4564 2710 4646 superbia
2758 4564 2844 4627 sit

362 4669 811 4753 gravissimum
844 4670 1234 4750 peccatorum
1266 4668 1602 4732 secundum
1633 4688 1819 4734 suum
1859 4688 2055 4753 genus
2092 4694 2155 4734 ».
