<?xml version="1.0" encoding="UTF-8"?>
<!DOCTYPE html PUBLIC "-//W3C//DTD XHTML 1.0 Transitional//EN"
    "http://www.w3.org/TR/xhtml1/DTD/xhtml1-transitional.dtd">
<html xmlns="http://www.w3.org/1999/xhtml" xml:lang="en" lang="en">
 <head>
  <title>
</title>
<meta http-equiv="Content-Type" content="text/html;charset=utf-8" />
  <meta name='ocr-system' content='tesseract 3.04.00' />
  <meta name='ocr-capabilities' content='ocr_page ocr_carea ocr_par ocr_line ocrx_word'/>
</head>
<body>
  <div class='ocr_page' id='page_1' title='image "./opustheologicum00palmgoog_0709.png"; bbox 0 0 3529 5158; ppageno 0'>
   <div class='ocr_carea' id='block_1_1' title="bbox 697 330 3166 405">
    <p class='ocr_par' dir='ltr' id='par_1_1' title="bbox 697 330 3166 405">
     <span class='ocr_line' id='line_1_1' title="bbox 697 330 3166 405; baseline -0 -18"><span class='ocrx_word' id='word_1_1' title='bbox 697 332 804 387; x_wconf 86' lang='grc'>616</span> <span class='ocrx_word' id='word_1_2' title='bbox 1091 345 1300 387; x_wconf 64' lang='lat' dir='ltr'>maor.</span> <span class='ocrx_word' id='word_1_3' title='bbox 1340 346 1421 387; x_wconf 73' lang='grc' dir='ltr'>ιν.</span> <span class='ocrx_word' id='word_1_4' title='bbox 1460 346 1544 385; x_wconf 77' lang='lat' dir='ltr'>ma</span> <span class='ocrx_word' id='word_1_5' title='bbox 1582 345 1886 387; x_wconf 67' lang='lat' dir='ltr'>moeurs.</span> <span class='ocrx_word' id='word_1_6' title='bbox 1926 345 2126 403; x_wconf 54' lang='lat' dir='ltr'>oqpu&#39;r</span> <span class='ocrx_word' id='word_1_7' title='bbox 2162 345 2251 386; x_wconf 88' lang='lat'><strong>111.</strong></span> <span class='ocrx_word' id='word_1_8' title='bbox 2291 343 2432 386; x_wconf 79' lang='lat' dir='ltr'>nun.</span> <span class='ocrx_word' id='word_1_9' title='bbox 2475 346 2529 385; x_wconf 85' lang='lat' dir='ltr'><strong>v.</strong></span> <span class='ocrx_word' id='word_1_10' title='bbox 2568 344 2689 384; x_wconf 71' lang='grc' dir='ltr'>Αιιτ</span> <span class='ocrx_word' id='word_1_11' title='bbox 2744 346 2785 383; x_wconf 93' lang='lat'><strong>1.</strong></span> <span class='ocrx_word' id='word_1_12' title='bbox 3021 330 3166 405; x_wconf 71' lang='lat'>[717]</span> 
     </span>
    </p>
   </div>
   <div class='ocr_carea' id='block_1_2' title="bbox 1704 496 2160 562">
    <p class='ocr_par' dir='ltr' id='par_1_2' title="bbox 1704 496 2160 562">
     <span class='ocr_line' id='line_1_2' title="bbox 1704 496 2160 562; baseline 0.002 -1"><span class='ocrx_word' id='word_1_13' title='bbox 1704 496 2160 562; x_wconf 72' lang='lat' dir='ltr'>Resolutiones.</span> 
     </span>
    </p>
   </div>
   <div class='ocr_carea' id='block_1_3' title="bbox 696 634 3164 957">
    <p class='ocr_par' dir='ltr' id='par_1_3' title="bbox 696 634 3164 957">
     <span class='ocr_line' id='line_1_3' title="bbox 805 634 3164 704; baseline 0.001 -15"><span class='ocrx_word' id='word_1_14' title='bbox 805 637 1033 691; x_wconf 84' lang='lat' dir='ltr'><strong>LXXVI.</strong></span> <span class='ocrx_word' id='word_1_15' title='bbox 1065 634 1265 691; x_wconf 56' lang='lat' dir='ltr'>lmine</span> <span class='ocrx_word' id='word_1_16' title='bbox 1304 637 1558 704; x_wconf 79' lang='lat' dir='ltr'>probabile</span> <span class='ocrx_word' id='word_1_17' title='bbox 1596 644 1688 701; x_wconf 86' lang='lat' dir='ltr'>est,</span> <span class='ocrx_word' id='word_1_18' title='bbox 1718 640 1851 703; x_wconf 87' lang='lat' dir='ltr'>quod</span> <span class='ocrx_word' id='word_1_19' title='bbox 1880 639 2058 691; x_wconf 78' lang='lat' dir='ltr'>docent</span> <span class='ocrx_word' id='word_1_20' title='bbox 2094 639 2212 691; x_wconf 84' lang='lat' dir='ltr'>Nav.</span> <span class='ocrx_word' id='word_1_21' title='bbox 2240 638 2349 692; x_wconf 90' lang='lat' dir='ltr'>Tol.</span> <span class='ocrx_word' id='word_1_22' title='bbox 2376 644 2468 691; x_wconf 86' lang='lat' dir='ltr'>etc.</span> <span class='ocrx_word' id='word_1_23' title='bbox 2495 644 2546 692; x_wconf 92' lang='lat' dir='ltr'>et</span> <span class='ocrx_word' id='word_1_24' title='bbox 2572 652 2665 691; x_wconf 92' lang='lat' dir='ltr'>non</span> <span class='ocrx_word' id='word_1_25' title='bbox 2697 644 2935 704; x_wconf 77' lang='lat' dir='ltr'>repugnat</span> <span class='ocrx_word' id='word_1_26' title='bbox 2975 640 3164 704; x_wconf 66' lang='lat' dir='ltr'>Laym„</span> 
     </span>
     <span class='ocr_line' id='line_1_4' title="bbox 697 719 3160 790; baseline 0 -16"><span class='ocrx_word' id='word_1_27' title='bbox 697 724 891 775; x_wconf 86' lang='lat' dir='ltr'>secluso</span> <span class='ocrx_word' id='word_1_28' title='bbox 918 722 1148 774; x_wconf 88' lang='lat' dir='ltr'>scandalo</span> <span class='ocrx_word' id='word_1_29' title='bbox 1169 728 1218 774; x_wconf 89' lang='lat' dir='ltr'>et</span> <span class='ocrx_word' id='word_1_30' title='bbox 1245 719 1370 786; x_wconf 87' lang='lat' dir='ltr'>aliis,</span> <span class='ocrx_word' id='word_1_31' title='bbox 1397 722 1587 776; x_wconf 85' lang='lat' dir='ltr'>veniale</span> <span class='ocrx_word' id='word_1_32' title='bbox 1613 730 1801 776; x_wconf 88' lang='lat' dir='ltr'>tantum</span> <span class='ocrx_word' id='word_1_33' title='bbox 1827 737 1953 785; x_wconf 85' lang='lat' dir='ltr'>esse,</span> <span class='ocrx_word' id='word_1_34' title='bbox 1978 736 2131 789; x_wconf 87' lang='lat' dir='ltr'>usque</span> <span class='ocrx_word' id='word_1_35' title='bbox 2158 724 2218 776; x_wconf 90' lang='lat' dir='ltr'>ad</span> <span class='ocrx_word' id='word_1_36' title='bbox 2245 722 2483 776; x_wconf 86' lang='lat' dir='ltr'>vomitum</span> <span class='ocrx_word' id='word_1_37' title='bbox 2506 736 2559 775; x_wconf 90' lang='lat' dir='ltr'>se</span> <span class='ocrx_word' id='word_1_38' title='bbox 2579 721 2688 775; x_wconf 86' lang='lat' dir='ltr'>cibo</span> <span class='ocrx_word' id='word_1_39' title='bbox 2717 729 2765 776; x_wconf 87' lang='lat' dir='ltr'>et</span> <span class='ocrx_word' id='word_1_40' title='bbox 2791 730 2909 789; x_wconf 86' lang='lat' dir='ltr'>potu</span> <span class='ocrx_word' id='word_1_41' title='bbox 2937 722 3160 790; x_wconf 85' lang='lat' dir='ltr'>implere:</span> 
     </span>
     <span class='ocr_line' id='line_1_5' title="bbox 696 803 3163 875; baseline 0.001 -16"><span class='ocrx_word' id='word_1_42' title='bbox 696 805 845 871; x_wconf 88' lang='lat' dir='ltr'>idque</span> <span class='ocrx_word' id='word_1_43' title='bbox 870 803 1033 868; x_wconf 86' lang='lat' dir='ltr'>etiam,</span> <span class='ocrx_word' id='word_1_44' title='bbox 1056 804 1100 859; x_wconf 90' lang='lat' dir='ltr'>si</span> <span class='ocrx_word' id='word_1_45' title='bbox 1117 805 1226 871; x_wconf 88' lang='lat' dir='ltr'>quis</span> <span class='ocrx_word' id='word_1_46' title='bbox 1254 813 1434 871; x_wconf 87' lang='lat' dir='ltr'>vomat,</span> <span class='ocrx_word' id='word_1_47' title='bbox 1460 807 1530 861; x_wconf 91' lang='lat' dir='ltr'>uti</span> <span class='ocrx_word' id='word_1_48' title='bbox 1554 806 1733 861; x_wconf 83' lang='lat' dir='ltr'>iterato</span> <span class='ocrx_word' id='word_1_49' title='bbox 1763 807 1918 875; x_wconf 86' lang='lat' dir='ltr'>possit</span> <span class='ocrx_word' id='word_1_50' title='bbox 1950 808 2152 861; x_wconf 87' lang='lat' dir='ltr'>bibere:</span> <span class='ocrx_word' id='word_1_51' title='bbox 2173 809 2304 873; x_wconf 89' lang='lat' dir='ltr'>quod</span> <span class='ocrx_word' id='word_1_52' title='bbox 2324 814 2484 861; x_wconf 87' lang='lat' dir='ltr'>tamen</span> <span class='ocrx_word' id='word_1_53' title='bbox 2507 822 2555 861; x_wconf 86' lang='lat' dir='ltr'><strong>v.</strong></span> <span class='ocrx_word' id='word_1_54' title='bbox 2580 805 2872 861; x_wconf 81' lang='lat' dir='ltr'>Comederc</span> <span class='ocrx_word' id='word_1_55' title='bbox 2894 808 2956 860; x_wconf 73' lang='lat' dir='ltr'>sa</span> <span class='ocrx_word' id='word_1_56' title='bbox 2984 807 3163 874; x_wconf 85' lang='lat' dir='ltr'>aliique</span> 
     </span>
     <span class='ocr_line' id='line_1_6' title="bbox 696 888 2279 957; baseline -0.002 -13"><span class='ocrx_word' id='word_1_57' title='bbox 696 888 838 944; x_wconf 87' lang='lat' dir='ltr'>multi</span> <span class='ocrx_word' id='word_1_58' title='bbox 878 895 1049 957; x_wconf 85' lang='lat' dir='ltr'>putant</span> <span class='ocrx_word' id='word_1_59' title='bbox 1086 893 1302 945; x_wconf 75' lang='lat' dir='ltr'><strong>mortale.</strong></span> <span class='ocrx_word' id='word_1_60' title='bbox 1333 891 1462 945; x_wconf 86' lang='lat' dir='ltr'>Vide</span> <span class='ocrx_word' id='word_1_61' title='bbox 1501 893 1635 945; x_wconf 86' lang='lat' dir='ltr'>Bald.</span> <span class='ocrx_word' id='word_1_62' title='bbox 1662 895 1840 945; x_wconf 86' lang='lat' dir='ltr'>Escob.</span> <span class='ocrx_word' id='word_1_63' title='bbox 1868 899 1902 946; x_wconf 91' lang='lat' dir='ltr'>t.</span> <span class='ocrx_word' id='word_1_64' title='bbox 1930 896 1979 947; x_wconf 99' lang='grc'><strong>2.</strong></span> <span class='ocrx_word' id='word_1_65' title='bbox 2011 907 2053 945; x_wconf 87' lang='lat' dir='ltr'>e.</span> <span class='ocrx_word' id='word_1_66' title='bbox 2084 895 2131 945; x_wconf 87' lang='grc'><strong>2.</strong></span> <span class='ocrx_word' id='word_1_67' title='bbox 2161 906 2202 944; x_wconf 88' lang='lat' dir='ltr'>c.</span> <span class='ocrx_word' id='word_1_68' title='bbox 2231 894 2279 945; x_wconf 83' lang='lat'><strong>5.</strong></span> 
     </span>
    </p>
   </div>
   <div class='ocr_carea' id='block_1_4' title="bbox 702 994 3170 2416">
    <p class='ocr_par' dir='ltr' id='par_1_4' title="bbox 702 994 3166 1697">
     <span class='ocr_line' id='line_1_7' title="bbox 789 994 3162 1083; baseline -0.001 -15"><span class='ocrx_word' id='word_1_69' title='bbox 789 994 942 1067; x_wconf 82' lang='grc'>717.</span> <span class='ocrx_word' id='word_1_70' title='bbox 979 997 1039 1063; x_wconf 91' lang='lat' dir='ltr'>S.</span> <span class='ocrx_word' id='word_1_71' title='bbox 1067 1000 1252 1083; x_wconf 87' lang='lat' dir='ltr'><strong>Alph.</strong></span> <span class='ocrx_word' id='word_1_72' title='bbox 1285 1001 1393 1064; x_wconf 83' lang='lat' dir='ltr'>lib.</span> <span class='ocrx_word' id='word_1_73' title='bbox 1430 1002 1488 1064; x_wconf 84' lang='lat'><strong>5.</strong></span> <span class='ocrx_word' id='word_1_74' title='bbox 1526 1022 1583 1064; x_wconf 92' lang='lat' dir='ltr'>n.</span> <span class='ocrx_word' id='word_1_75' title='bbox 1623 1002 1725 1064; x_wconf 85' lang='lat'><strong>73.</strong></span> <span class='ocrx_word' id='word_1_76' title='bbox 1761 1001 1838 1064; x_wconf 89' lang='lat' dir='ltr'>ad</span> <span class='ocrx_word' id='word_1_77' title='bbox 1871 1001 1930 1064; x_wconf 91' lang='lat' dir='ltr'><strong>h.</strong></span> <span class='ocrx_word' id='word_1_78' title='bbox 1966 1002 2007 1064; x_wconf 94' lang='lat' dir='ltr'>l.</span> <span class='ocrx_word' id='word_1_79' title='bbox 2046 1000 2162 1065; x_wconf 87' lang='lat' dir='ltr'>ait:</span> <span class='ocrx_word' id='word_1_80' title='bbox 2198 1025 2232 1059; x_wconf 90' lang='lat'>«</span> <span class='ocrx_word' id='word_1_81' title='bbox 2265 999 2594 1065; x_wconf 89' lang='lat' dir='ltr'>Comedere</span> <span class='ocrx_word' id='word_1_82' title='bbox 2620 1001 2718 1065; x_wconf 82' lang='lat' dir='ltr'>vel</span> <span class='ocrx_word' id='word_1_83' title='bbox 2743 1001 2945 1065; x_wconf 85' lang='lat' dir='ltr'>bibere</span> <span class='ocrx_word' id='word_1_84' title='bbox 2966 1021 3162 1083; x_wconf 82' lang='lat' dir='ltr'>usque</span> 
     </span>
     <span class='ocr_line' id='line_1_8' title="bbox 705 1101 3165 1187; baseline 0 -22"><span class='ocrx_word' id='word_1_85' title='bbox 705 1101 783 1165; x_wconf 88' lang='lat' dir='ltr'>ad</span> <span class='ocrx_word' id='word_1_86' title='bbox 830 1102 1157 1177; x_wconf 83' lang='lat' dir='ltr'>vomitum,</span> <span class='ocrx_word' id='word_1_87' title='bbox 1208 1103 1522 1186; x_wconf 80' lang='lat' dir='ltr'>probabile</span> <span class='ocrx_word' id='word_1_88' title='bbox 1570 1104 1663 1167; x_wconf 89' lang='lat' dir='ltr'>est</span> <span class='ocrx_word' id='word_1_89' title='bbox 1711 1122 1839 1167; x_wconf 83' lang='lat' dir='ltr'>esse</span> <span class='ocrx_word' id='word_1_90' title='bbox 1887 1104 2135 1166; x_wconf 87' lang='lat' dir='ltr'>tantum</span> <span class='ocrx_word' id='word_1_91' title='bbox 2183 1102 2422 1167; x_wconf 82' lang='lat' dir='ltr'>veniale</span> <span class='ocrx_word' id='word_1_92' title='bbox 2469 1122 2541 1167; x_wconf 81' lang='lat' dir='ltr'>ex</span> <span class='ocrx_word' id='word_1_93' title='bbox 2585 1122 2805 1187; x_wconf 86' lang='lat' dir='ltr'>genere</span> <span class='ocrx_word' id='word_1_94' title='bbox 2860 1121 2992 1177; x_wconf 74' lang='lat' dir='ltr'>suo,</span> <span class='ocrx_word' id='word_1_95' title='bbox 3039 1103 3165 1166; x_wconf 85' lang='lat' dir='ltr'>nisi</span> 
     </span>
     <span class='ocr_line' id='line_1_9' title="bbox 705 1203 3166 1277; baseline 0 -10"><span class='ocrx_word' id='word_1_96' title='bbox 705 1203 869 1267; x_wconf 86' lang='lat' dir='ltr'>adsit</span> <span class='ocrx_word' id='word_1_97' title='bbox 906 1204 1265 1269; x_wconf 78' lang='lat' dir='ltr'>scandalum</span> <span class='ocrx_word' id='word_1_98' title='bbox 1305 1206 1400 1268; x_wconf 77' lang='lat' dir='ltr'>vel</span> <span class='ocrx_word' id='word_1_99' title='bbox 1434 1206 1706 1269; x_wconf 86' lang='lat' dir='ltr'>notabile</span> <span class='ocrx_word' id='word_1_100' title='bbox 1753 1208 2194 1269; x_wconf 77' lang='lat' dir='ltr'>nocumentum</span> <span class='ocrx_word' id='word_1_101' title='bbox 2241 1204 2635 1277; x_wconf 79' lang='lat' dir='ltr'>valetudinis,</span> <span class='ocrx_word' id='word_1_102' title='bbox 2669 1209 2744 1269; x_wconf 87' lang='lat' dir='ltr'>ut</span> <span class='ocrx_word' id='word_1_103' title='bbox 2775 1206 3166 1269; x_wconf 84' lang='lat' dir='ltr'>communius</span> 
     </span>
     <span class='ocr_line' id='line_1_10' title="bbox 705 1303 3166 1390; baseline 0 -21"><span class='ocrx_word' id='word_1_104' title='bbox 705 1303 984 1369; x_wconf 81' lang='lat' dir='ltr'>dicunt...</span> <span class='ocrx_word' id='word_1_105' title='bbox 1019 1306 1138 1386; x_wconf 80' lang='lat' dir='ltr'>Qui</span> <span class='ocrx_word' id='word_1_106' title='bbox 1163 1309 1373 1370; x_wconf 87' lang='lat' dir='ltr'>autem</span> <span class='ocrx_word' id='word_1_107' title='bbox 1399 1309 1616 1390; x_wconf 81' lang='lat' dir='ltr'>sponte</span> <span class='ocrx_word' id='word_1_108' title='bbox 1642 1311 1957 1385; x_wconf 81' lang='lat' dir='ltr'>evomunt,</span> <span class='ocrx_word' id='word_1_109' title='bbox 1995 1307 2158 1389; x_wconf 89' lang='lat' dir='ltr'>quod</span> <span class='ocrx_word' id='word_1_110' title='bbox 2189 1308 2602 1390; x_wconf 86' lang='lat' dir='ltr'>sumpserunt,</span> <span class='ocrx_word' id='word_1_111' title='bbox 2632 1307 2958 1371; x_wconf 84' lang='lat' dir='ltr'>utiterum</span> <span class='ocrx_word' id='word_1_112' title='bbox 2984 1305 3166 1370; x_wconf 90' lang='lat' dir='ltr'>edant</span> 
     </span>
     <span class='ocr_line' id='line_1_11' title="bbox 706 1408 3166 1487; baseline 0 -16"><span class='ocrx_word' id='word_1_113' title='bbox 706 1408 770 1471; x_wconf 87' lang='lat' dir='ltr'>et</span> <span class='ocrx_word' id='word_1_114' title='bbox 800 1408 1034 1487; x_wconf 84' lang='lat' dir='ltr'>bibant,</span> <span class='ocrx_word' id='word_1_115' title='bbox 1085 1409 1191 1471; x_wconf 73' lang='lat' dir='ltr'>cix</span> <span class='ocrx_word' id='word_1_116' title='bbox 1236 1414 1616 1473; x_wconf 73' lang='lat' dir='ltr'><strong><em>excusantur</em></strong></span> <span class='ocrx_word' id='word_1_117' title='bbox 1664 1430 1699 1474; x_wconf 91' lang='lat' dir='ltr'>a</span> <span class='ocrx_word' id='word_1_118' title='bbox 1735 1410 2016 1485; x_wconf 82' lang='lat' dir='ltr'>mortali;</span> <span class='ocrx_word' id='word_1_119' title='bbox 2059 1411 2174 1475; x_wconf 87' lang='lat' dir='ltr'>hoc</span> <span class='ocrx_word' id='word_1_120' title='bbox 2210 1410 2374 1474; x_wconf 89' lang='lat' dir='ltr'>enim</span> <span class='ocrx_word' id='word_1_121' title='bbox 2405 1409 2649 1472; x_wconf 73' lang='lat' dir='ltr'>videtur</span> <span class='ocrx_word' id='word_1_122' title='bbox 2682 1408 2996 1473; x_wconf 76' lang='lat' dir='ltr'>involvere</span> <span class='ocrx_word' id='word_1_123' title='bbox 3040 1428 3166 1472; x_wconf 90' lang='lat' dir='ltr'>ma-</span> 
     </span>
     <span class='ocr_line' id='line_1_12' title="bbox 702 1510 3165 1595; baseline 0 -22"><span class='ocrx_word' id='word_1_124' title='bbox 702 1528 892 1593; x_wconf 88' lang='lat' dir='ltr'>gnam</span> <span class='ocrx_word' id='word_1_125' title='bbox 953 1510 1433 1576; x_wconf 77' lang='lat' dir='ltr'>deformitatem.</span> <span class='ocrx_word' id='word_1_126' title='bbox 1494 1514 1593 1576; x_wconf 89' lang='lat' dir='ltr'>Ita</span> <span class='ocrx_word' id='word_1_127' title='bbox 1633 1512 2056 1592; x_wconf 70' lang='lat' dir='ltr'>probabiliter</span> <span class='ocrx_word' id='word_1_128' title='bbox 2109 1513 2347 1595; x_wconf 87' lang='lat' dir='ltr'>(contra</span> <span class='ocrx_word' id='word_1_129' title='bbox 2410 1512 2729 1595; x_wconf 86' lang='lat' dir='ltr'>Busemb.)</span> <span class='ocrx_word' id='word_1_130' title='bbox 2793 1511 3040 1575; x_wconf 85' lang='lat' dir='ltr'>Holzm.</span> <span class='ocrx_word' id='word_1_131' title='bbox 3105 1514 3165 1573; x_wconf 84' lang='lat' dir='ltr'>et</span> 
     </span>
     <span class='ocr_line' id='line_1_13' title="bbox 712 1611 1105 1697; baseline -0.008 -23"><span class='ocrx_word' id='word_1_132' title='bbox 712 1611 1034 1697; x_wconf 66' lang='lat' dir='ltr'>Wigandt.</span> <span class='ocrx_word' id='word_1_133' title='bbox 1072 1639 1105 1671; x_wconf 82' lang='lat'>&gt;›</span> 
     </span>
    </p>

    <p class='ocr_par' dir='ltr' id='par_1_5' title="bbox 705 1715 3167 2008">
     <span class='ocr_line' id='line_1_14' title="bbox 792 1715 3164 1801; baseline 0.001 -22"><span class='ocrx_word' id='word_1_134' title='bbox 792 1716 888 1779; x_wconf 91' lang='lat' dir='ltr'>Ad</span> <span class='ocrx_word' id='word_1_135' title='bbox 935 1735 1093 1798; x_wconf 88' lang='lat' dir='ltr'>quae</span> <span class='ocrx_word' id='word_1_136' title='bbox 1142 1715 1392 1781; x_wconf 84' lang='lat' dir='ltr'>adverte</span> <span class='ocrx_word' id='word_1_137' title='bbox 1445 1718 1511 1780; x_wconf 80' lang='grc' dir='ltr'>1ο</span> <span class='ocrx_word' id='word_1_138' title='bbox 1548 1718 1712 1799; x_wconf 89' lang='lat' dir='ltr'>quod</span> <span class='ocrx_word' id='word_1_139' title='bbox 1760 1717 1988 1782; x_wconf 87' lang='lat' dir='ltr'>dicitur</span> <span class='ocrx_word' id='word_1_140' title='bbox 2025 1718 2088 1782; x_wconf 91' lang='lat' dir='ltr'>in</span> <span class='ocrx_word' id='word_1_141' title='bbox 2126 1719 2326 1801; x_wconf 85' lang='lat' dir='ltr'>prima</span> <span class='ocrx_word' id='word_1_142' title='bbox 2360 1720 2536 1801; x_wconf 86' lang='lat' dir='ltr'>parte</span> <span class='ocrx_word' id='word_1_143' title='bbox 2569 1717 2642 1782; x_wconf 89' lang='lat' dir='ltr'>de</span> <span class='ocrx_word' id='word_1_144' title='bbox 2674 1716 2997 1791; x_wconf 74' lang='lat' dir='ltr'>scandale,</span> <span class='ocrx_word' id='word_1_145' title='bbox 3045 1736 3164 1781; x_wconf 90' lang='lat' dir='ltr'>non</span> 
     </span>
     <span class='ocr_line' id='line_1_15' title="bbox 705 1820 3167 1905; baseline 0 -21"><span class='ocrx_word' id='word_1_146' title='bbox 705 1838 881 1903; x_wconf 86' lang='lat' dir='ltr'>posse</span> <span class='ocrx_word' id='word_1_147' title='bbox 914 1820 1185 1905; x_wconf 84' lang='lat' dir='ltr'>intelligi</span> <span class='ocrx_word' id='word_1_148' title='bbox 1216 1820 1289 1884; x_wconf 94' lang='lat' dir='ltr'>de</span> <span class='ocrx_word' id='word_1_149' title='bbox 1321 1820 1674 1885; x_wconf 77' lang='lat' dir='ltr'>inductione</span> <span class='ocrx_word' id='word_1_150' title='bbox 1706 1841 1876 1884; x_wconf 86' lang='lat' dir='ltr'>mera</span> <span class='ocrx_word' id='word_1_151' title='bbox 1926 1821 2002 1885; x_wconf 87' lang='lat' dir='ltr'>ad</span> <span class='ocrx_word' id='word_1_152' title='bbox 2033 1820 2194 1885; x_wconf 88' lang='lat' dir='ltr'>idem</span> <span class='ocrx_word' id='word_1_153' title='bbox 2229 1825 2583 1904; x_wconf 77' lang='lat' dir='ltr'>peccatum3</span> <span class='ocrx_word' id='word_1_154' title='bbox 2619 1822 2766 1903; x_wconf 89' lang='lat' dir='ltr'>quia</span> <span class='ocrx_word' id='word_1_155' title='bbox 2797 1839 2921 1884; x_wconf 90' lang='lat' dir='ltr'>non</span> <span class='ocrx_word' id='word_1_156' title='bbox 2961 1823 3167 1904; x_wconf 85' lang='lat' dir='ltr'>potest</span> 
     </span>
     <span class='ocr_line' id='line_1_16' title="bbox 708 1923 2625 2008; baseline 0 -21"><span class='ocrx_word' id='word_1_157' title='bbox 708 1942 837 1987; x_wconf 83' lang='lat' dir='ltr'>esse</span> <span class='ocrx_word' id='word_1_158' title='bbox 870 1926 1192 2005; x_wconf 85' lang='lat' dir='ltr'>peccatum</span> <span class='ocrx_word' id='word_1_159' title='bbox 1222 1944 1411 2008; x_wconf 77' lang='lat' dir='ltr'>grave</span> <span class='ocrx_word' id='word_1_160' title='bbox 1444 1923 1719 1988; x_wconf 78' lang='lat' dir='ltr'>inductio</span> <span class='ocrx_word' id='word_1_161' title='bbox 1760 1923 1838 1987; x_wconf 89' lang='lat' dir='ltr'>ad</span> <span class='ocrx_word' id='word_1_162' title='bbox 1870 1928 2190 2006; x_wconf 87' lang='lat' dir='ltr'>peccatum</span> <span class='ocrx_word' id='word_1_163' title='bbox 2211 1944 2333 2003; x_wconf 79' lang='lat' dir='ltr'>per</span> <span class='ocrx_word' id='word_1_164' title='bbox 2363 1944 2427 1987; x_wconf 87' lang='lat' dir='ltr'>sc</span> <span class='ocrx_word' id='word_1_165' title='bbox 2474 1924 2625 1988; x_wconf 82' lang='lat' dir='ltr'>leve.</span> 
     </span>
    </p>

    <p class='ocr_par' dir='ltr' id='par_1_6' title="bbox 706 2026 3170 2416">
     <span class='ocr_line' id='line_1_17' title="bbox 884 2026 3170 2110; baseline 0 -21"><span class='ocrx_word' id='word_1_166' title='bbox 884 2029 952 2088; x_wconf 80' lang='lat'>20</span> <span class='ocrx_word' id='word_1_167' title='bbox 984 2026 1201 2106; x_wconf 80' lang='lat' dir='ltr'>Quoad</span> <span class='ocrx_word' id='word_1_168' title='bbox 1235 2027 1498 2091; x_wconf 86' lang='lat' dir='ltr'>alteram</span> <span class='ocrx_word' id='word_1_169' title='bbox 1536 2030 1810 2110; x_wconf 83' lang='lat' dir='ltr'>partem:</span> <span class='ocrx_word' id='word_1_170' title='bbox 1861 2048 2002 2091; x_wconf 89' lang='lat' dir='ltr'>cum</span> <span class='ocrx_word' id='word_1_171' title='bbox 2035 2030 2134 2091; x_wconf 85' lang='lat' dir='ltr'>tot</span> <span class='ocrx_word' id='word_1_172' title='bbox 2180 2028 2587 2092; x_wconf 82' lang='lat' dir='ltr'>limitationes</span> <span class='ocrx_word' id='word_1_173' title='bbox 2621 2045 2756 2090; x_wconf 84' lang='lat' dir='ltr'>eam</span> <span class='ocrx_word' id='word_1_174' title='bbox 2789 2026 3170 2090; x_wconf 84' lang='lat' dir='ltr'>circumscri-</span> 
     </span>
     <span class='ocr_line' id='line_1_18' title="bbox 706 2127 3167 2220; baseline -0 -27"><span class='ocrx_word' id='word_1_175' title='bbox 706 2128 857 2193; x_wconf 85' lang='lat' dir='ltr'>bant</span> <span class='ocrx_word' id='word_1_176' title='bbox 888 2129 1018 2192; x_wconf 84' lang='lat' dir='ltr'>scil.</span> <span class='ocrx_word' id='word_1_177' title='bbox 1060 2130 1167 2192; x_wconf 80' lang='lat' dir='ltr'>vix</span> <span class='ocrx_word' id='word_1_178' title='bbox 1204 2134 1545 2204; x_wconf 72' lang='lat' dir='ltr'>cscusatur,</span> <span class='ocrx_word' id='word_1_179' title='bbox 1594 2129 1839 2192; x_wconf 77' lang='lat' dir='ltr'>videtur</span> <span class='ocrx_word' id='word_1_180' title='bbox 1885 2131 1948 2193; x_wconf 88' lang='lat' dir='ltr'>et</span> <span class='ocrx_word' id='word_1_181' title='bbox 1980 2130 2326 2193; x_wconf 86' lang='lat' dir='ltr'>affirmetur</span> <span class='ocrx_word' id='word_1_182' title='bbox 2365 2150 2535 2193; x_wconf 80' lang='lat' dir='ltr'>mera</span> <span class='ocrx_word' id='word_1_183' title='bbox 2568 2127 2949 2220; x_wconf 70' lang='lat' dir='ltr'>probalitqs,</span> <span class='ocrx_word' id='word_1_184' title='bbox 2999 2130 3167 2204; x_wconf 82' lang='lat' dir='ltr'>haec,</span> 
     </span>
     <span class='ocr_line' id='line_1_19' title="bbox 708 2231 3166 2315; baseline -0 -21"><span class='ocrx_word' id='word_1_185' title='bbox 708 2249 830 2295; x_wconf 91' lang='lat' dir='ltr'>non</span> <span class='ocrx_word' id='word_1_186' title='bbox 864 2233 1114 2315; x_wconf 86' lang='lat' dir='ltr'>cogunt,</span> <span class='ocrx_word' id='word_1_187' title='bbox 1150 2234 1225 2296; x_wconf 86' lang='lat' dir='ltr'>ut</span> <span class='ocrx_word' id='word_1_188' title='bbox 1255 2251 1325 2296; x_wconf 89' lang='lat' dir='ltr'>ea</span> <span class='ocrx_word' id='word_1_189' title='bbox 1375 2232 1657 2315; x_wconf 88' lang='lat' dir='ltr'>opinione</span> <span class='ocrx_word' id='word_1_190' title='bbox 1691 2233 1787 2297; x_wconf 89' lang='lat' dir='ltr'>uti</span> <span class='ocrx_word' id='word_1_191' title='bbox 1820 2253 1960 2296; x_wconf 91' lang='lat' dir='ltr'>cum</span> <span class='ocrx_word' id='word_1_192' title='bbox 2000 2234 2137 2296; x_wconf 84' lang='lat' dir='ltr'>aliis</span> <span class='ocrx_word' id='word_1_193' title='bbox 2174 2232 2526 2297; x_wconf 65' lang='lat' dir='ltr'>debeamus</span> <span class='ocrx_word' id='word_1_194' title='bbox 2563 2232 2643 2295; x_wconf 87' lang='lat' dir='ltr'>Et</span> <span class='ocrx_word' id='word_1_195' title='bbox 2681 2232 2881 2314; x_wconf 84' lang='lat' dir='ltr'>reipsa</span> <span class='ocrx_word' id='word_1_196' title='bbox 2911 2231 2998 2294; x_wconf 88' lang='lat' dir='ltr'>ibi</span> <span class='ocrx_word' id='word_1_197' title='bbox 3045 2250 3166 2294; x_wconf 88' lang='lat' dir='ltr'>non</span> 
     </span>
     <span class='ocr_line' id='line_1_20' title="bbox 708 2333 3164 2416; baseline -0 -20"><span class='ocrx_word' id='word_1_198' title='bbox 708 2333 897 2397; x_wconf 85' lang='lat' dir='ltr'>habes</span> <span class='ocrx_word' id='word_1_199' title='bbox 944 2334 1063 2398; x_wconf 85' lang='lat' dir='ltr'>nisi</span> <span class='ocrx_word' id='word_1_200' title='bbox 1111 2334 1477 2399; x_wconf 86' lang='lat' dir='ltr'>aviditatem</span> <span class='ocrx_word' id='word_1_201' title='bbox 1524 2335 1951 2400; x_wconf 81' lang='lat' dir='ltr'>delectationis</span> <span class='ocrx_word' id='word_1_202' title='bbox 1996 2336 2059 2399; x_wconf 88' lang='lat' dir='ltr'>in</span> <span class='ocrx_word' id='word_1_203' title='bbox 2107 2335 2276 2399; x_wconf 81' lang='lat' dir='ltr'>cibis,</span> <span class='ocrx_word' id='word_1_204' title='bbox 2327 2334 2408 2398; x_wconf 85' lang='lat' dir='ltr'>Et</span> <span class='ocrx_word' id='word_1_205' title='bbox 2454 2334 2506 2397; x_wconf 86' lang='lat' dir='ltr'>si</span> <span class='ocrx_word' id='word_1_206' title='bbox 2555 2354 2624 2398; x_wconf 83' lang='lat' dir='ltr'>ex</span> <span class='ocrx_word' id='word_1_207' title='bbox 2655 2354 2875 2416; x_wconf 74' lang='lat' dir='ltr'>yenere</span> <span class='ocrx_word' id='word_1_208' title='bbox 2910 2353 3021 2395; x_wconf 80' lang='lat' dir='ltr'>suo</span> <span class='ocrx_word' id='word_1_209' title='bbox 3067 2336 3164 2396; x_wconf 88' lang='lat' dir='ltr'>est</span> 
     </span>
    </p>
   </div>
   <div class='ocr_carea' id='block_1_5' title="bbox 706 2427 3168 2604">
    <p class='ocr_par' dir='ltr' id='par_1_7' title="bbox 706 2427 3168 2604">
     <span class='ocr_line' id='line_1_21' title="bbox 706 2427 3168 2521; baseline 0.001 -24"><span class='ocrx_word' id='word_1_210' title='bbox 706 2436 1005 2513; x_wconf 76' lang='lat' dir='ltr'>vem‘alis,·</span> <span class='ocrx_word' id='word_1_211' title='bbox 1051 2437 1345 2521; x_wconf 85' lang='lat' dir='ltr'>profect0‚</span> <span class='ocrx_word' id='word_1_212' title='bbox 1397 2438 1514 2502; x_wconf 85' lang='lat' dir='ltr'>nisi</span> <span class='ocrx_word' id='word_1_213' title='bbox 1563 2437 1812 2502; x_wconf 88' lang='lat' dir='ltr'>accedat</span> <span class='ocrx_word' id='word_1_214' title='bbox 1859 2427 1983 2501; x_wconf 85' lang='lat' dir='ltr'>alia</span> <span class='ocrx_word' id='word_1_215' title='bbox 2029 2438 2258 2519; x_wconf 80' lang='lat' dir='ltr'>species</span> <span class='ocrx_word' id='word_1_216' title='bbox 2306 2437 2560 2519; x_wconf 81' lang='lat' dir='ltr'>peccati,</span> <span class='ocrx_word' id='word_1_217' title='bbox 2611 2455 2849 2519; x_wconf 84' lang='lat' dir='ltr'>semper</span> <span class='ocrx_word' id='word_1_218' title='bbox 2893 2435 3168 2500; x_wconf 86' lang='lat' dir='ltr'>manebit</span> 
     </span>
     <span class='ocr_line' id='line_1_22' title="bbox 707 2539 986 2604; baseline 0 -3"><span class='ocrx_word' id='word_1_219' title='bbox 707 2539 986 2604; x_wconf 81' lang='lat' dir='ltr'>venialis.</span> 
     </span>
    </p>
   </div>
   <div class='ocr_carea' id='block_1_6' title="bbox 706 2677 3169 2817">
    <p class='ocr_par' dir='ltr' id='par_1_8' title="bbox 706 2677 3169 2817">
     <span class='ocr_line' id='line_1_23' title="bbox 818 2677 3169 2746; baseline 0.001 -16"><span class='ocrx_word' id='word_1_220' title='bbox 818 2679 1068 2731; x_wconf 81' lang='lat' dir='ltr'><strong>LXXVII.</strong></span> <span class='ocrx_word' id='word_1_221' title='bbox 1092 2682 1140 2731; x_wconf 83' lang='lat'><strong>2.</strong></span> <span class='ocrx_word' id='word_1_222' title='bbox 1163 2677 1260 2732; x_wconf 85' lang='lat' dir='ltr'>Vix</span> <span class='ocrx_word' id='word_1_223' title='bbox 1281 2678 1483 2733; x_wconf 86' lang='lat' dir='ltr'>dubium</span> <span class='ocrx_word' id='word_1_224' title='bbox 1504 2685 1595 2745; x_wconf 90' lang='lat' dir='ltr'>est,</span> <span class='ocrx_word' id='word_1_225' title='bbox 1616 2679 1763 2734; x_wconf 86' lang='lat' dir='ltr'>licere</span> <span class='ocrx_word' id='word_1_226' title='bbox 1783 2695 1870 2734; x_wconf 86' lang='lat' dir='ltr'>esu</span> <span class='ocrx_word' id='word_1_227' title='bbox 1890 2687 1973 2733; x_wconf 85' lang='lat' dir='ltr'>aut</span> <span class='ocrx_word' id='word_1_228' title='bbox 1996 2687 2110 2746; x_wconf 84' lang='lat' dir='ltr'>potu</span> <span class='ocrx_word' id='word_1_229' title='bbox 2135 2678 2340 2734; x_wconf 80' lang='lat' dir='ltr'>aliterve</span> <span class='ocrx_word' id='word_1_230' title='bbox 2359 2693 2529 2733; x_wconf 87' lang='lat' dir='ltr'>creare</span> <span class='ocrx_word' id='word_1_231' title='bbox 2551 2679 2805 2742; x_wconf 85' lang='lat' dir='ltr'>vomitum,</span> <span class='ocrx_word' id='word_1_232' title='bbox 2829 2678 2870 2732; x_wconf 88' lang='lat' dir='ltr'>si</span> <span class='ocrx_word' id='word_1_233' title='bbox 2891 2679 2935 2732; x_wconf 87' lang='lat' dir='ltr'>is</span> <span class='ocrx_word' id='word_1_234' title='bbox 2961 2677 3169 2732; x_wconf 86' lang='lat' dir='ltr'>salubris</span> 
     </span>
     <span class='ocr_line' id='line_1_24' title="bbox 706 2762 1113 2817; baseline -0.002 0"><span class='ocrx_word' id='word_1_235' title='bbox 706 2775 817 2817; x_wconf 77' lang='lat' dir='ltr'>osse</span> <span class='ocrx_word' id='word_1_236' title='bbox 853 2762 1113 2816; x_wconf 88' lang='lat' dir='ltr'>iudicetur.</span> 
     </span>
    </p>
   </div>
   <div class='ocr_carea' id='block_1_7' title="bbox 795 2878 2770 2968">
    <p class='ocr_par' dir='ltr' id='par_1_9' title="bbox 795 2878 2770 2968">
     <span class='ocr_line' id='line_1_25' title="bbox 795 2878 2770 2968; baseline -0.001 -17"><span class='ocrx_word' id='word_1_237' title='bbox 795 2878 949 2952; x_wconf 81' lang='lat'><strong>718.</strong></span> <span class='ocrx_word' id='word_1_238' title='bbox 992 2883 1114 2948; x_wconf 85' lang='lat' dir='ltr'>Res</span> <span class='ocrx_word' id='word_1_239' title='bbox 1145 2904 1253 2967; x_wconf 90' lang='lat' dir='ltr'>per</span> <span class='ocrx_word' id='word_1_240' title='bbox 1283 2905 1346 2949; x_wconf 83' lang='lat' dir='ltr'>se</span> <span class='ocrx_word' id='word_1_241' title='bbox 1379 2887 1570 2968; x_wconf 85' lang='lat' dir='ltr'>patet,</span> <span class='ocrx_word' id='word_1_242' title='bbox 1607 2886 1751 2966; x_wconf 88' lang='lat' dir='ltr'>qnia</span> <span class='ocrx_word' id='word_1_243' title='bbox 1787 2886 2039 2950; x_wconf 87' lang='lat' dir='ltr'>habebit</span> <span class='ocrx_word' id='word_1_244' title='bbox 2075 2888 2380 2952; x_wconf 86' lang='lat' dir='ltr'>rationem</span> <span class='ocrx_word' id='word_1_245' title='bbox 2413 2887 2770 2951; x_wconf 85' lang='lat' dir='ltr'>medicinae.</span> 
     </span>
    </p>
   </div>
   <div class='ocr_carea' id='block_1_8' title="bbox 702 3021 3176 4106">
    <p class='ocr_par' dir='ltr' id='par_1_10' title="bbox 702 3021 3176 4106">
     <span class='ocr_line' id='line_1_26' title="bbox 812 3021 3173 3092; baseline 0.001 -18"><span class='ocrx_word' id='word_1_246' title='bbox 812 3022 1082 3075; x_wconf 86' lang='lat' dir='ltr'><strong>LXXVIII.</strong></span> <span class='ocrx_word' id='word_1_247' title='bbox 1111 3023 1158 3074; x_wconf 91' lang='lat'>3.</span> <span class='ocrx_word' id='word_1_248' title='bbox 1189 3021 1406 3076; x_wconf 81' lang='lat' dir='ltr'>Mortalis</span> <span class='ocrx_word' id='word_1_249' title='bbox 1431 3021 1625 3075; x_wconf 80' lang='lat' dir='ltr'>interim</span> <span class='ocrx_word' id='word_1_250' title='bbox 1650 3030 1877 3076; x_wconf 87' lang='lat' dir='ltr'>censetur</span> <span class='ocrx_word' id='word_1_251' title='bbox 1914 3029 2114 3092; x_wconf 88' lang='lat' dir='ltr'>crapula</span> <span class='ocrx_word' id='word_1_252' title='bbox 2153 3039 2212 3078; x_wconf 84' lang='lat' dir='ltr'>ex</span> <span class='ocrx_word' id='word_1_253' title='bbox 2252 3024 2501 3079; x_wconf 82' lang='lat' dir='ltr'>accidente</span> <span class='ocrx_word' id='word_1_254' title='bbox 2528 3033 2576 3079; x_wconf 90' lang='lat' dir='ltr'>et</span> <span class='ocrx_word' id='word_1_255' title='bbox 2610 3024 2754 3079; x_wconf 88' lang='lat' dir='ltr'>nimia</span> <span class='ocrx_word' id='word_1_256' title='bbox 2786 3024 3173 3087; x_wconf 76' lang='lat' dir='ltr'>inordinatione,</span> 
     </span>
     <span class='ocr_line' id='line_1_27' title="bbox 704 3105 3173 3175; baseline 0.002 -16"><span class='ocrx_word' id='word_1_257' title='bbox 704 3105 753 3159; x_wconf 91' lang='lat' dir='ltr'>in</span> <span class='ocrx_word' id='word_1_258' title='bbox 793 3105 869 3159; x_wconf 87' lang='lat' dir='ltr'>bis</span> <span class='ocrx_word' id='word_1_259' title='bbox 906 3105 1131 3160; x_wconf 82' lang='lat' dir='ltr'>casibus:</span> <span class='ocrx_word' id='word_1_260' title='bbox 1168 3109 1211 3158; x_wconf 82' lang='lat' dir='ltr'><strong>I.</strong></span> <span class='ocrx_word' id='word_1_261' title='bbox 1240 3106 1282 3161; x_wconf 92' lang='lat' dir='ltr'>si</span> <span class='ocrx_word' id='word_1_262' title='bbox 1307 3106 1417 3173; x_wconf 89' lang='lat' dir='ltr'>quis</span> <span class='ocrx_word' id='word_1_263' title='bbox 1442 3110 1584 3172; x_wconf 77' lang='lat' dir='ltr'>gulae</span> <span class='ocrx_word' id='word_1_264' title='bbox 1611 3123 1756 3160; x_wconf 90' lang='lat' dir='ltr'>causa</span> <span class='ocrx_word' id='word_1_265' title='bbox 1789 3107 1937 3162; x_wconf 81' lang='lat' dir='ltr'>violet</span> <span class='ocrx_word' id='word_1_266' title='bbox 1976 3109 2152 3163; x_wconf 81' lang='lat' dir='ltr'>ieiunia</span> <span class='ocrx_word' id='word_1_267' title='bbox 2191 3109 2461 3164; x_wconf 82' lang='lat' dir='ltr'>Ecclesiae:</span> <span class='ocrx_word' id='word_1_268' title='bbox 2491 3114 2539 3163; x_wconf 88' lang='grc'><strong>2.</strong></span> <span class='ocrx_word' id='word_1_269' title='bbox 2568 3108 2610 3163; x_wconf 89' lang='lat' dir='ltr'>si</span> <span class='ocrx_word' id='word_1_270' title='bbox 2649 3109 2757 3175; x_wconf 87' lang='lat' dir='ltr'>quis</span> <span class='ocrx_word' id='word_1_271' title='bbox 2781 3123 2845 3163; x_wconf 86' lang='lat' dir='ltr'>ex</span> <span class='ocrx_word' id='word_1_272' title='bbox 2887 3113 3002 3173; x_wconf 78' lang='lat' dir='ltr'>gula</span> <span class='ocrx_word' id='word_1_273' title='bbox 3037 3117 3173 3163; x_wconf 83' lang='lat' dir='ltr'>nota·</span> 
     </span>
     <span class='ocr_line' id='line_1_28' title="bbox 711 3191 3176 3260; baseline 0 -15"><span class='ocrx_word' id='word_1_274' title='bbox 711 3191 873 3246; x_wconf 86' lang='lat' dir='ltr'>biliter</span> <span class='ocrx_word' id='word_1_275' title='bbox 909 3193 1105 3259; x_wconf 85' lang='lat' dir='ltr'>ineptus</span> <span class='ocrx_word' id='word_1_276' title='bbox 1143 3195 1226 3247; x_wconf 83' lang='lat' dir='ltr'>ssat</span> <span class='ocrx_word' id='word_1_277' title='bbox 1265 3195 1326 3246; x_wconf 87' lang='lat' dir='ltr'>ad</span> <span class='ocrx_word' id='word_1_278' title='bbox 1357 3192 1645 3256; x_wconf 49' lang='lat' dir='ltr'>functione&amp;</span> <span class='ocrx_word' id='word_1_279' title='bbox 1676 3195 1735 3246; x_wconf 90' lang='lat' dir='ltr'>ad</span> <span class='ocrx_word' id='word_1_280' title='bbox 1762 3208 1885 3259; x_wconf 85' lang='lat' dir='ltr'>quas</span> <span class='ocrx_word' id='word_1_281' title='bbox 1911 3196 2002 3247; x_wconf 90' lang='lat' dir='ltr'>sub</span> <span class='ocrx_word' id='word_1_282' title='bbox 2032 3193 2226 3247; x_wconf 83' lang='lat' dir='ltr'>mortali</span> <span class='ocrx_word' id='word_1_283' title='bbox 2253 3201 2473 3248; x_wconf 80' lang='lat' dir='ltr'>tenetur:</span> <span class='ocrx_word' id='word_1_284' title='bbox 2504 3196 2552 3248; x_wconf 82' lang='lat'><strong>3.</strong></span> <span class='ocrx_word' id='word_1_285' title='bbox 2578 3194 2619 3248; x_wconf 88' lang='lat' dir='ltr'>si</span> <span class='ocrx_word' id='word_1_286' title='bbox 2645 3193 2754 3260; x_wconf 86' lang='lat' dir='ltr'>quis</span> <span class='ocrx_word' id='word_1_287' title='bbox 2779 3196 2926 3247; x_wconf 83' lang='lat' dir='ltr'>valde</span> <span class='ocrx_word' id='word_1_288' title='bbox 2954 3193 3176 3257; x_wconf 75' lang='lat' dir='ltr'>graviter</span> 
     </span>
     <span class='ocr_line' id='line_1_29' title="bbox 706 3277 3172 3344; baseline 0 -14"><span class='ocrx_word' id='word_1_289' title='bbox 706 3277 975 3332; x_wconf 84' lang='lat' dir='ltr'>valetudini</span> <span class='ocrx_word' id='word_1_290' title='bbox 1006 3287 1195 3340; x_wconf 78' lang='lat' dir='ltr'>noceat,</span> <span class='ocrx_word' id='word_1_291' title='bbox 1219 3278 1269 3332; x_wconf 91' lang='lat' dir='ltr'>id</span> <span class='ocrx_word' id='word_1_292' title='bbox 1308 3281 1598 3342; x_wconf 74' lang='lat' dir='ltr'>advertens3</span> <span class='ocrx_word' id='word_1_293' title='bbox 1626 3294 1768 3333; x_wconf 86' lang='lat' dir='ltr'>secus</span> <span class='ocrx_word' id='word_1_294' title='bbox 1806 3279 1848 3333; x_wconf 90' lang='lat' dir='ltr'>si</span> <span class='ocrx_word' id='word_1_295' title='bbox 1889 3279 2063 3333; x_wconf 85' lang='lat' dir='ltr'>leviter</span> <span class='ocrx_word' id='word_1_296' title='bbox 2100 3286 2301 3342; x_wconf 87' lang='lat' dir='ltr'>tantum,</span> <span class='ocrx_word' id='word_1_297' title='bbox 2329 3287 2383 3334; x_wconf 87' lang='lat' dir='ltr'>ut</span> <span class='ocrx_word' id='word_1_298' title='bbox 2421 3295 2469 3333; x_wconf 86' lang='lat' dir='ltr'><strong>v.</strong></span> <span class='ocrx_word' id='word_1_299' title='bbox 2498 3294 2567 3344; x_wconf 78' lang='lat' dir='ltr'>gr.</span> <span class='ocrx_word' id='word_1_300' title='bbox 2598 3280 2642 3334; x_wconf 87' lang='lat' dir='ltr'>si</span> <span class='ocrx_word' id='word_1_301' title='bbox 2684 3277 2969 3333; x_wconf 72' lang='lat' dir='ltr'>{ebricitans</span> <span class='ocrx_word' id='word_1_302' title='bbox 2995 3283 3172 3332; x_wconf 78' lang='lat' dir='ltr'>haustu</span> 
     </span>
     <span class='ocr_line' id='line_1_30' title="bbox 706 3362 3175 3431; baseline -0.001 -13"><span class='ocrx_word' id='word_1_303' title='bbox 706 3379 862 3431; x_wconf 82' lang='lat' dir='ltr'>aquae</span> <span class='ocrx_word' id='word_1_304' title='bbox 890 3367 1113 3418; x_wconf 86' lang='lat' dir='ltr'>morbum</span> <span class='ocrx_word' id='word_1_305' title='bbox 1141 3371 1345 3429; x_wconf 79' lang='lat' dir='ltr'>augeat:</span> <span class='ocrx_word' id='word_1_306' title='bbox 1369 3365 1418 3417; x_wconf 74' lang='lat'><strong>4.</strong></span> <span class='ocrx_word' id='word_1_307' title='bbox 1440 3363 1482 3417; x_wconf 91' lang='lat' dir='ltr'>si</span> <span class='ocrx_word' id='word_1_308' title='bbox 1508 3363 1768 3417; x_wconf 85' lang='lat' dir='ltr'>continuae</span> <span class='ocrx_word' id='word_1_309' title='bbox 1793 3367 1910 3418; x_wconf 83' lang='lat' dir='ltr'>flant</span> <span class='ocrx_word' id='word_1_310' title='bbox 1929 3363 2314 3418; x_wconf 80' lang='lat' dir='ltr'>comessationes</span> <span class='ocrx_word' id='word_1_311' title='bbox 2334 3371 2385 3418; x_wconf 90' lang='lat' dir='ltr'>et</span> <span class='ocrx_word' id='word_1_312' title='bbox 2401 3363 2805 3431; x_wconf 79' lang='lat' dir='ltr'>compotationeS‚</span> <span class='ocrx_word' id='word_1_313' title='bbox 2827 3362 2897 3417; x_wconf 87' lang='lat' dir='ltr'>ita</span> <span class='ocrx_word' id='word_1_314' title='bbox 2919 3371 2974 3416; x_wconf 88' lang='lat' dir='ltr'>ut</span> <span class='ocrx_word' id='word_1_315' title='bbox 3003 3371 3175 3417; x_wconf 81' lang='lat' dir='ltr'>venter</span> 
     </span>
     <span class='ocr_line' id='line_1_31' title="bbox 708 3447 3173 3517; baseline 0 -17"><span class='ocrx_word' id='word_1_316' title='bbox 708 3462 795 3514; x_wconf 83' lang='lat' dir='ltr'>pro</span> <span class='ocrx_word' id='word_1_317' title='bbox 824 3450 927 3501; x_wconf 88' lang='lat' dir='ltr'>Deo</span> <span class='ocrx_word' id='word_1_318' title='bbox 967 3451 1231 3501; x_wconf 79' lang='lat' dir='ltr'>habeatur:</span> <span class='ocrx_word' id='word_1_319' title='bbox 1262 3449 1314 3501; x_wconf 86' lang='lat'><strong>5.</strong></span> <span class='ocrx_word' id='word_1_320' title='bbox 1339 3448 1379 3502; x_wconf 92' lang='lat' dir='ltr'>si</span> <span class='ocrx_word' id='word_1_321' title='bbox 1417 3447 1526 3515; x_wconf 85' lang='lat' dir='ltr'>quis</span> <span class='ocrx_word' id='word_1_322' title='bbox 1560 3448 1693 3502; x_wconf 89' lang='lat' dir='ltr'>bibat</span> <span class='ocrx_word' id='word_1_323' title='bbox 1731 3451 1793 3502; x_wconf 92' lang='lat' dir='ltr'>ad</span> <span class='ocrx_word' id='word_1_324' title='bbox 1833 3453 2094 3514; x_wconf 75' lang='lat' dir='ltr'>perlectam</span> <span class='ocrx_word' id='word_1_325' title='bbox 2133 3449 2438 3512; x_wconf 85' lang='lat' dir='ltr'>ebrietatem,</span> <span class='ocrx_word' id='word_1_326' title='bbox 2467 3452 2526 3503; x_wconf 90' lang='lat' dir='ltr'>de</span> <span class='ocrx_word' id='word_1_327' title='bbox 2565 3465 2657 3517; x_wconf 85' lang='lat' dir='ltr'>qua</span> <span class='ocrx_word' id='word_1_328' title='bbox 2695 3448 2847 3503; x_wconf 74' lang='lat' dir='ltr'>intra:</span> <span class='ocrx_word' id='word_1_329' title='bbox 2891 3450 2943 3502; x_wconf 88' lang='lat'>6.</span> <span class='ocrx_word' id='word_1_330' title='bbox 2983 3449 3024 3502; x_wconf 88' lang='lat' dir='ltr'>si</span> <span class='ocrx_word' id='word_1_331' title='bbox 3063 3448 3173 3514; x_wconf 82' lang='lat' dir='ltr'>quis</span> 
     </span>
     <span class='ocr_line' id='line_1_32' title="bbox 710 3532 3173 3602; baseline 0.001 -19"><span class='ocrx_word' id='word_1_332' title='bbox 710 3545 772 3584; x_wconf 85' lang='lat' dir='ltr'>ex</span> <span class='ocrx_word' id='word_1_333' title='bbox 810 3545 941 3583; x_wconf 88' lang='lat' dir='ltr'>mera</span> <span class='ocrx_word' id='word_1_334' title='bbox 980 3533 1089 3595; x_wconf 75' lang='lat' dir='ltr'>gula</span> <span class='ocrx_word' id='word_1_335' title='bbox 1133 3541 1359 3585; x_wconf 84' lang='lat' dir='ltr'>vescatur</span> <span class='ocrx_word' id='word_1_336' title='bbox 1398 3533 1628 3586; x_wconf 84' lang='lat' dir='ltr'>carnibus</span> <span class='ocrx_word' id='word_1_337' title='bbox 1665 3541 1750 3587; x_wconf 91' lang='lat' dir='ltr'>aut</span> <span class='ocrx_word' id='word_1_338' title='bbox 1787 3533 2020 3598; x_wconf 71' lang='lat' dir='ltr'>sanguine</span> <span class='ocrx_word' id='word_1_339' title='bbox 2059 3538 2294 3602; x_wconf 76' lang='lat' dir='ltr'>bumano3</span> <span class='ocrx_word' id='word_1_340' title='bbox 2338 3543 2436 3589; x_wconf 87' lang='lat' dir='ltr'>tum</span> <span class='ocrx_word' id='word_1_341' title='bbox 2482 3534 2592 3600; x_wconf 82' lang='lat' dir='ltr'>quia</span> <span class='ocrx_word' id='word_1_342' title='bbox 2630 3534 2681 3588; x_wconf 89' lang='lat' dir='ltr'>id</span> <span class='ocrx_word' id='word_1_343' title='bbox 2723 3541 2961 3600; x_wconf 81' lang='lat' dir='ltr'>repugnat</span> <span class='ocrx_word' id='word_1_344' title='bbox 3003 3532 3173 3600; x_wconf 83' lang='lat' dir='ltr'>pietati</span> 
     </span>
     <span class='ocr_line' id='line_1_33' title="bbox 709 3614 3169 3682; baseline 0.002 -16"><span class='ocrx_word' id='word_1_345' title='bbox 709 3614 950 3668; x_wconf 72' lang='lat' dir='ltr'>defunctis</span> <span class='ocrx_word' id='word_1_346' title='bbox 987 3615 1213 3670; x_wconf 82' lang='lat' dir='ltr'>debitae:</span> <span class='ocrx_word' id='word_1_347' title='bbox 1253 3623 1354 3670; x_wconf 89' lang='lat' dir='ltr'>tum</span> <span class='ocrx_word' id='word_1_348' title='bbox 1393 3617 1502 3682; x_wconf 82' lang='lat' dir='ltr'>quia</span> <span class='ocrx_word' id='word_1_349' title='bbox 1556 3626 1631 3671; x_wconf 87' lang='lat' dir='ltr'>est</span> <span class='ocrx_word' id='word_1_350' title='bbox 1669 3626 1840 3672; x_wconf 85' lang='lat' dir='ltr'>contra</span> <span class='ocrx_word' id='word_1_351' title='bbox 1890 3619 2168 3673; x_wconf 86' lang='lat' dir='ltr'>instinctum</span> <span class='ocrx_word' id='word_1_352' title='bbox 2212 3627 2414 3673; x_wconf 87' lang='lat' dir='ltr'>naturae</span> <span class='ocrx_word' id='word_1_353' title='bbox 2453 3618 2780 3673; x_wconf 83' lang='lat' dir='ltr'>abhorrentis.</span> <span class='ocrx_word' id='word_1_354' title='bbox 2819 3620 3169 3672; x_wconf 81' lang='lat' dir='ltr'>Excusandum</span> 
     </span>
     <span class='ocr_line' id='line_1_34' title="bbox 708 3699 3174 3770; baseline 0.002 -18"><span class='ocrx_word' id='word_1_355' title='bbox 708 3704 872 3753; x_wconf 89' lang='lat' dir='ltr'>autem</span> <span class='ocrx_word' id='word_1_356' title='bbox 895 3699 1003 3762; x_wconf 85' lang='lat' dir='ltr'>erit,</span> <span class='ocrx_word' id='word_1_357' title='bbox 1025 3699 1067 3753; x_wconf 89' lang='lat' dir='ltr'>si</span> <span class='ocrx_word' id='word_1_358' title='bbox 1093 3703 1177 3754; x_wconf 84' lang='lat' dir='ltr'>flat</span> <span class='ocrx_word' id='word_1_359' title='bbox 1200 3715 1347 3754; x_wconf 86' lang='lat' dir='ltr'>causa</span> <span class='ocrx_word' id='word_1_360' title='bbox 1373 3702 1642 3756; x_wconf 85' lang='lat' dir='ltr'>medicinae</span> <span class='ocrx_word' id='word_1_361' title='bbox 1669 3702 1826 3756; x_wconf 82' lang='lat' dir='ltr'>aliave</span> <span class='ocrx_word' id='word_1_362' title='bbox 1853 3703 1978 3756; x_wconf 89' lang='lat' dir='ltr'>iusta</span> <span class='ocrx_word' id='word_1_363' title='bbox 2006 3719 2169 3770; x_wconf 86' lang='lat' dir='ltr'>causa,</span> <span class='ocrx_word' id='word_1_364' title='bbox 2192 3719 2239 3758; x_wconf 87' lang='lat' dir='ltr'><strong>v.</strong></span> <span class='ocrx_word' id='word_1_365' title='bbox 2265 3720 2338 3769; x_wconf 76' lang='lat' dir='ltr'>gr.</span> <span class='ocrx_word' id='word_1_366' title='bbox 2365 3712 2616 3758; x_wconf 83' lang='lat' dir='ltr'>extremae</span> <span class='ocrx_word' id='word_1_367' title='bbox 2636 3703 2775 3757; x_wconf 77' lang='lat' dir='ltr'>lamis</span> <span class='ocrx_word' id='word_1_368' title='bbox 2799 3703 2849 3757; x_wconf 92' lang='lat' dir='ltr'>in</span> <span class='ocrx_word' id='word_1_369' title='bbox 2874 3703 3145 3757; x_wconf 84' lang='lat' dir='ltr'>obsidione</span> <span class='ocrx_word' id='word_1_370' title='bbox 3159 3716 3174 3769; x_wconf 91' lang='lat'>;</span> 
     </span>
     <span class='ocr_line' id='line_1_35' title="bbox 702 3784 3174 3853; baseline 0 -13"><span class='ocrx_word' id='word_1_371' title='bbox 702 3784 757 3840; x_wconf 82' lang='lat' dir='ltr'>in</span> <span class='ocrx_word' id='word_1_372' title='bbox 793 3799 886 3850; x_wconf 82' lang='lat' dir='ltr'>qua</span> <span class='ocrx_word' id='word_1_373' title='bbox 927 3791 1085 3839; x_wconf 82' lang='lat' dir='ltr'>tamen</span> <span class='ocrx_word' id='word_1_374' title='bbox 1123 3784 1194 3839; x_wconf 89' lang='lat' dir='ltr'>sic</span> <span class='ocrx_word' id='word_1_375' title='bbox 1233 3784 1381 3839; x_wconf 82' lang='lat' dir='ltr'>vitam</span> <span class='ocrx_word' id='word_1_376' title='bbox 1418 3801 1713 3841; x_wconf 83' lang='lat' dir='ltr'>conservare</span> <span class='ocrx_word' id='word_1_377' title='bbox 1752 3802 1850 3841; x_wconf 93' lang='lat' dir='ltr'>non</span> <span class='ocrx_word' id='word_1_378' title='bbox 1887 3789 2148 3843; x_wconf 63' lang='lat' dir='ltr'>teneberis</span> <span class='ocrx_word' id='word_1_379' title='bbox 2175 3791 2352 3844; x_wconf 87' lang='lat' dir='ltr'>Sancb.</span> <span class='ocrx_word' id='word_1_380' title='bbox 2395 3792 2436 3842; x_wconf 82' lang='lat' dir='ltr'>l.</span> <span class='ocrx_word' id='word_1_381' title='bbox 2469 3790 2611 3845; x_wconf 83' lang='lat' dir='ltr'>Mor.</span> <span class='ocrx_word' id='word_1_382' title='bbox 2638 3804 2681 3843; x_wconf 86' lang='lat' dir='ltr'>c.</span> <span class='ocrx_word' id='word_1_383' title='bbox 2713 3790 2795 3841; x_wconf 69' lang='lat'><strong>⁴8.</strong></span> <span class='ocrx_word' id='word_1_384' title='bbox 2824 3791 2963 3842; x_wconf 51' lang='lat' dir='ltr'>beas.</span> <span class='ocrx_word' id='word_1_385' title='bbox 3005 3791 3174 3853; x_wconf 76' lang='lat' dir='ltr'>Laym.</span> 
     </span>
     <span class='ocr_line' id='line_1_36' title="bbox 707 3871 3173 3940; baseline 0 -15"><span class='ocrx_word' id='word_1_386' title='bbox 707 3872 745 3925; x_wconf 87' lang='lat' dir='ltr'>l.</span> <span class='ocrx_word' id='word_1_387' title='bbox 763 3874 813 3924; x_wconf 88' lang='grc'><strong>3.</strong></span> <span class='ocrx_word' id='word_1_388' title='bbox 841 3885 879 3924; x_wconf 89' lang='lat' dir='ltr'>s.</span> <span class='ocrx_word' id='word_1_389' title='bbox 909 3871 956 3924; x_wconf 73' lang='lat'><strong>4.</strong></span> <span class='ocrx_word' id='word_1_390' title='bbox 984 3886 1031 3925; x_wconf 93' lang='lat' dir='ltr'>n.</span> <span class='ocrx_word' id='word_1_391' title='bbox 1059 3874 1107 3924; x_wconf 87' lang='lat'><strong>3.</strong></span> <span class='ocrx_word' id='word_1_392' title='bbox 1128 3871 1209 3935; x_wconf 75' lang='lat' dir='ltr'>sa,</span> <span class='ocrx_word' id='word_1_393' title='bbox 1233 3873 1354 3925; x_wconf 88' lang='lat' dir='ltr'>Bon.</span> <span class='ocrx_word' id='word_1_394' title='bbox 1378 3873 1514 3924; x_wconf 89' lang='lat' dir='ltr'>Bald.</span> <span class='ocrx_word' id='word_1_395' title='bbox 1543 3873 1576 3925; x_wconf 93' lang='lat' dir='ltr'>l.</span> <span class='ocrx_word' id='word_1_396' title='bbox 1598 3874 1646 3925; x_wconf 87' lang='lat'><strong>3.</strong></span> <span class='ocrx_word' id='word_1_397' title='bbox 1671 3888 1715 3926; x_wconf 88' lang='lat' dir='ltr'>c.</span> <span class='ocrx_word' id='word_1_398' title='bbox 1744 3875 1828 3925; x_wconf 84' lang='grc'><strong>29.</strong></span> <span class='ocrx_word' id='word_1_399' title='bbox 1853 3872 1933 3926; x_wconf 88' lang='lat' dir='ltr'>Sic</span> <span class='ocrx_word' id='word_1_400' title='bbox 1958 3872 2103 3926; x_wconf 88' lang='lat' dir='ltr'>etiam</span> <span class='ocrx_word' id='word_1_401' title='bbox 2129 3881 2365 3929; x_wconf 85' lang='lat' dir='ltr'>excusant</span> <span class='ocrx_word' id='word_1_402' title='bbox 2393 3873 2589 3940; x_wconf 80' lang='lat' dir='ltr'>quidam</span> <span class='ocrx_word' id='word_1_403' title='bbox 2617 3872 2817 3926; x_wconf 87' lang='lat' dir='ltr'>lictores</span> <span class='ocrx_word' id='word_1_404' title='bbox 2842 3872 2975 3937; x_wconf 77' lang='lat' dir='ltr'>illoS,</span> <span class='ocrx_word' id='word_1_405' title='bbox 2999 3874 3102 3939; x_wconf 84' lang='lat' dir='ltr'>qui,</span> <span class='ocrx_word' id='word_1_406' title='bbox 3124 3881 3173 3925; x_wconf 90' lang='lat' dir='ltr'>ut</span> 
     </span>
     <span class='ocr_line' id='line_1_37' title="bbox 706 3955 3173 4024; baseline 0 -15"><span class='ocrx_word' id='word_1_407' title='bbox 706 3955 921 4009; x_wconf 78' lang='lat' dir='ltr'>officium</span> <span class='ocrx_word' id='word_1_408' title='bbox 960 3970 1099 4010; x_wconf 86' lang='lat' dir='ltr'>suum</span> <span class='ocrx_word' id='word_1_409' title='bbox 1139 3955 1313 4010; x_wconf 88' lang='lat' dir='ltr'>melius</span> <span class='ocrx_word' id='word_1_410' title='bbox 1339 3955 1694 4020; x_wconf 78' lang='lat' dir='ltr'>administrent,</span> <span class='ocrx_word' id='word_1_411' title='bbox 1722 3960 1898 4010; x_wconf 81' lang='lat' dir='ltr'>haustu</span> <span class='ocrx_word' id='word_1_412' title='bbox 1925 3957 2174 4022; x_wconf 77' lang='lat' dir='ltr'>sanguinis</span> <span class='ocrx_word' id='word_1_413' title='bbox 2211 3959 2409 4013; x_wconf 85' lang='lat' dir='ltr'>humani</span> <span class='ocrx_word' id='word_1_414' title='bbox 2438 3974 2490 4012; x_wconf 86' lang='lat' dir='ltr'>se</span> <span class='ocrx_word' id='word_1_415' title='bbox 2518 3959 2725 4011; x_wconf 89' lang='lat' dir='ltr'>animare</span> <span class='ocrx_word' id='word_1_416' title='bbox 2753 3958 3004 4020; x_wconf 89' lang='lat' dir='ltr'>dicuntur,</span> <span class='ocrx_word' id='word_1_417' title='bbox 3033 3972 3173 4024; x_wconf 82' lang='lat' dir='ltr'>prae-</span> 
     </span>
     <span class='ocr_line' id='line_1_38' title="bbox 705 4040 3070 4106; baseline 0 -12"><span class='ocrx_word' id='word_1_418' title='bbox 705 4040 872 4094; x_wconf 82' lang='lat' dir='ltr'>sertim</span> <span class='ocrx_word' id='word_1_419' title='bbox 912 4056 1021 4094; x_wconf 89' lang='lat' dir='ltr'>cum</span> <span class='ocrx_word' id='word_1_420' title='bbox 1060 4040 1272 4106; x_wconf 78' lang='lat' dir='ltr'>sanguis,</span> <span class='ocrx_word' id='word_1_421' title='bbox 1300 4043 1566 4095; x_wconf 87' lang='lat' dir='ltr'>secundum</span> <span class='ocrx_word' id='word_1_422' title='bbox 1605 4043 1802 4102; x_wconf 81' lang='lat' dir='ltr'>muItOS.</span> <span class='ocrx_word' id='word_1_423' title='bbox 1831 4041 2070 4095; x_wconf 83' lang='lat' dir='ltr'>animatus</span> <span class='ocrx_word' id='word_1_424' title='bbox 2109 4058 2202 4096; x_wconf 88' lang='lat' dir='ltr'>non</span> <span class='ocrx_word' id='word_1_425' title='bbox 2244 4043 2403 4098; x_wconf 78' lang='lat' dir='ltr'>ruerit.</span> <span class='ocrx_word' id='word_1_426' title='bbox 2433 4043 2558 4097; x_wconf 88' lang='lat' dir='ltr'>Vide</span> <span class='ocrx_word' id='word_1_427' title='bbox 2598 4046 2843 4097; x_wconf 79' lang='lat' dir='ltr'>Auctores</span> <span class='ocrx_word' id='word_1_428' title='bbox 2881 4043 3070 4096; x_wconf 82' lang='lat' dir='ltr'>citatos.</span> 
     </span>
    </p>
   </div>
   <div class='ocr_carea' id='block_1_9' title="bbox 709 4157 3172 4453">
    <p class='ocr_par' dir='ltr' id='par_1_11' title="bbox 709 4157 3172 4453">
     <span class='ocr_line' id='line_1_39' title="bbox 793 4157 3168 4250; baseline -0.002 -20"><span class='ocrx_word' id='word_1_429' title='bbox 793 4157 947 4233; x_wconf 71' lang='lat'><strong>719.</strong></span> <span class='ocrx_word' id='word_1_430' title='bbox 984 4164 1057 4228; x_wconf 90' lang='lat' dir='ltr'>In</span> <span class='ocrx_word' id='word_1_431' title='bbox 1082 4162 1201 4228; x_wconf 87' lang='lat' dir='ltr'>fine</span> <span class='ocrx_word' id='word_1_432' title='bbox 1235 4163 1459 4228; x_wconf 87' lang='lat' dir='ltr'>alludit</span> <span class='ocrx_word' id='word_1_433' title='bbox 1491 4164 1565 4227; x_wconf 84' lang='lat' dir='ltr'><strong>A.</strong></span> <span class='ocrx_word' id='word_1_434' title='bbox 1603 4163 1681 4226; x_wconf 88' lang='lat' dir='ltr'>ad</span> <span class='ocrx_word' id='word_1_435' title='bbox 1708 4164 2078 4246; x_wconf 80' lang='lat' dir='ltr'>opinionem,</span> <span class='ocrx_word' id='word_1_436' title='bbox 2106 4163 2178 4228; x_wconf 92' lang='lat' dir='ltr'>de</span> <span class='ocrx_word' id='word_1_437' title='bbox 2204 4185 2328 4247; x_wconf 90' lang='lat' dir='ltr'>qua</span> <span class='ocrx_word' id='word_1_438' title='bbox 2361 4165 2681 4250; x_wconf 81' lang='lat' dir='ltr'>Laymann</span> <span class='ocrx_word' id='word_1_439' title='bbox 2704 4165 2814 4228; x_wconf 88' lang='lat' dir='ltr'>lib.</span> <span class='ocrx_word' id='word_1_440' title='bbox 2845 4166 2904 4228; x_wconf 83' lang='lat'><strong>3.</strong></span> <span class='ocrx_word' id='word_1_441' title='bbox 2931 4166 3077 4228; x_wconf 86' lang='lat' dir='ltr'>sect.</span> <span class='ocrx_word' id='word_1_442' title='bbox 3104 4164 3168 4227; x_wconf 83' lang='lat'><strong>4.</strong></span> 
     </span>
     <span class='ocr_line' id='line_1_40' title="bbox 709 4265 3172 4352; baseline 0.001 -25"><span class='ocrx_word' id='word_1_443' title='bbox 709 4283 770 4328; x_wconf 91' lang='lat' dir='ltr'>n.</span> <span class='ocrx_word' id='word_1_444' title='bbox 806 4265 866 4328; x_wconf 87' lang='lat'><strong>3.</strong></span> <span class='ocrx_word' id='word_1_445' title='bbox 893 4266 1141 4330; x_wconf 82' lang='lat' dir='ltr'>scribit:</span> <span class='ocrx_word' id='word_1_446' title='bbox 1190 4291 1223 4324; x_wconf 89' lang='lat'>«</span> <span class='ocrx_word' id='word_1_447' title='bbox 1248 4265 1483 4330; x_wconf 80' lang='lat' dir='ltr'>Mirum</span> <span class='ocrx_word' id='word_1_448' title='bbox 1509 4268 1720 4330; x_wconf 86' lang='lat' dir='ltr'>autem</span> <span class='ocrx_word' id='word_1_449' title='bbox 1744 4285 1866 4330; x_wconf 92' lang='lat' dir='ltr'>non</span> <span class='ocrx_word' id='word_1_450' title='bbox 1893 4267 2005 4344; x_wconf 86' lang='lat' dir='ltr'>est,</span> <span class='ocrx_word' id='word_1_451' title='bbox 2034 4267 2197 4349; x_wconf 88' lang='lat' dir='ltr'>quod</span> <span class='ocrx_word' id='word_1_452' title='bbox 2221 4266 2466 4331; x_wconf 84' lang='lat' dir='ltr'>facilius</span> <span class='ocrx_word' id='word_1_453' title='bbox 2490 4266 2734 4330; x_wconf 85' lang='lat' dir='ltr'>licitum</span> <span class='ocrx_word' id='word_1_454' title='bbox 2759 4267 2844 4330; x_wconf 90' lang='lat' dir='ltr'>sit</span> <span class='ocrx_word' id='word_1_455' title='bbox 2871 4267 3172 4352; x_wconf 84' lang='lat' dir='ltr'>sanguine</span> 
     </span>
     <span class='ocr_line' id='line_1_41' title="bbox 713 4366 3169 4453; baseline 0.001 -24"><span class='ocrx_word' id='word_1_456' title='bbox 713 4370 825 4430; x_wconf 87' lang='lat' dir='ltr'>aut</span> <span class='ocrx_word' id='word_1_457' title='bbox 847 4366 1007 4432; x_wconf 88' lang='lat' dir='ltr'>lacte</span> <span class='ocrx_word' id='word_1_458' title='bbox 1032 4368 1303 4432; x_wconf 88' lang='lat' dir='ltr'>humano</span> <span class='ocrx_word' id='word_1_459' title='bbox 1331 4369 1513 4444; x_wconf 81' lang='lat' dir='ltr'>vesci,</span> <span class='ocrx_word' id='word_1_460' title='bbox 1542 4388 1728 4450; x_wconf 85' lang='lat' dir='ltr'>quam</span> <span class='ocrx_word' id='word_1_461' title='bbox 1755 4387 1963 4442; x_wconf 82' lang='lat' dir='ltr'>carne;</span> <span class='ocrx_word' id='word_1_462' title='bbox 1992 4369 2138 4450; x_wconf 84' lang='lat' dir='ltr'>quia</span> <span class='ocrx_word' id='word_1_463' title='bbox 2165 4369 2419 4453; x_wconf 83' lang='lat' dir='ltr'>sanguis</span> <span class='ocrx_word' id='word_1_464' title='bbox 2445 4373 2506 4432; x_wconf 88' lang='lat' dir='ltr'>et</span> <span class='ocrx_word' id='word_1_465' title='bbox 2539 4368 2634 4431; x_wconf 86' lang='lat' dir='ltr'>lac</span> <span class='ocrx_word' id='word_1_466' title='bbox 2660 4368 2935 4432; x_wconf 90' lang='lat' dir='ltr'>humana</span> <span class='ocrx_word' id='word_1_467' title='bbox 2964 4369 3169 4432; x_wconf 88' lang='lat' dir='ltr'>anima</span> 
     </span>
    </p>
   </div>
   <div class='ocr_carea' id='block_1_10' title="bbox 700 4465 3168 4648">
    <p class='ocr_par' dir='ltr' id='par_1_12' title="bbox 700 4465 3168 4648">
     <span class='ocr_line' id='line_1_42' title="bbox 700 4465 3168 4553; baseline 0.002 -24"><span class='ocrx_word' id='word_1_468' title='bbox 700 4465 1035 4533; x_wconf 88' lang='lat' dir='ltr'>informata</span> <span class='ocrx_word' id='word_1_469' title='bbox 1067 4489 1385 4551; x_wconf 88' lang='lat' dir='ltr'>nunquam</span> <span class='ocrx_word' id='word_1_470' title='bbox 1418 4469 1687 4547; x_wconf 87' lang='lat' dir='ltr'>fuerunt,</span> <span class='ocrx_word' id='word_1_471' title='bbox 1730 4470 2004 4552; x_wconf 89' lang='lat' dir='ltr'>adeoque</span> <span class='ocrx_word' id='word_1_472' title='bbox 2044 4471 2378 4534; x_wconf 88' lang='lat' dir='ltr'>humanam</span> <span class='ocrx_word' id='word_1_473' title='bbox 2411 4473 2702 4534; x_wconf 88' lang='lat' dir='ltr'>naturam</span> <span class='ocrx_word' id='word_1_474' title='bbox 2741 4488 2864 4532; x_wconf 92' lang='lat' dir='ltr'>non</span> <span class='ocrx_word' id='word_1_475' title='bbox 2899 4470 2992 4533; x_wconf 82' lang='lat' dir='ltr'>ita</span> <span class='ocrx_word' id='word_1_476' title='bbox 3027 4490 3168 4553; x_wconf 88' lang='lat' dir='ltr'>par-</span> 
     </span>
     <span class='ocr_line' id='line_1_43' title="bbox 705 4567 1063 4648; baseline 0 -15"><span class='ocrx_word' id='word_1_477' title='bbox 705 4567 971 4648; x_wconf 84' lang='lat' dir='ltr'>ticipant</span> <span class='ocrx_word' id='word_1_478' title='bbox 1002 4595 1063 4633; x_wconf 88' lang='lat'><strong>».</strong></span> 
     </span>
    </p>
   </div>
  </div>
 </body>
</html>
