3529 5158
721 330 833 385 560
1116 344 1326 385 macr.
1366 344 1445 385 1v.
1485 344 1571 383 mn
1606 343 1914 385 enecans.
1953 341 2153 384 capu-r
2190 344 2231 383 1.
2267 343 2411 383 nnn.
2451 343 2540 383 111.
2581 343 2714 384 aar.
2740 344 2806 385 ιι.
3039 326 3183 404 [624]

828 438 940 493 Dixi
964 438 1356 509 complementa
1369 458 1391 504 ,·
1419 439 1529 505 quia
1557 438 1598 492 si
1629 438 1814 492 similes
1840 446 1979 493 actus
2016 453 2113 492 non
2151 439 2248 492 sint
2284 437 2419 492 initia
2460 442 2536 492 vel
2577 444 2736 506 partes
2773 443 2981 507 copulae
3007 444 3177 495 subse-

714 532 918 579 cuturae
943 531 1028 578 aut
1051 538 1113 577 ex
1149 530 1259 577 actu
1296 522 1558 590 praeterito
1596 538 1655 576 ex
1695 530 1866 577 natura
1905 522 1978 577 rei
2016 539 2114 577 non
2151 530 2529 590 consequantur,
2557 523 2923 588 distinguuntur
2949 540 3176 588 numero,

716 616 770 663 ut
808 625 855 662 v.
900 624 972 674 gr.
1020 609 1063 662 si
1100 608 1210 675 quis
1246 610 1308 661 de
1352 607 1669 662 fornicatione
1705 608 1973 673 glorietur:
2020 607 2322 674 proindeque
2360 607 2431 661 ini
2468 606 2517 661 in
2557 607 2863 661 confessione
2901 609 3179 676 explicandi

714 699 827 748 sunt
852 692 1130 760 separatim,
1158 708 1251 746 non
1278 700 1440 745 autem
1468 692 1673 760 prioreS,
1711 699 1762 746 ut
1794 693 1938 745 docet
1964 694 2103 745 Suar.
2131 700 2164 745 t.
2195 693 2243 745 4.
2271 690 2337 746 de
2362 694 2535 747 Poen.
2569 694 2616 746 d.
2643 696 2729 747 22.
2755 708 2795 746 s.
2824 696 2873 747 5.

804 847 983 921 624.
1017 850 1243 916 Merito
1291 868 1339 914 s.
1374 849 1730 932 Alphonsus
1761 849 1869 913 lib.
1907 850 1966 913 5.
2003 870 2060 913 n.
2100 849 2206 912 36.
2241 848 2590 914 doctrinam
2619 849 2691 914 de
2723 851 3044 915 numerica
3089 852 3182 917 di·

713 954 1042 1018 stinctione
1065 954 1458 1036 peccatorum
1481 953 1665 1017 vocat
1688 951 2024 1028 difficilem,
2045 952 2272 1034 quippe
2301 952 2462 1017 circa
2485 953 2664 1018 illam
2686 953 2868 1018 valde
2891 955 3182 1021 laborant

710 1057 846 1119 DD.
888 1058 951 1120 et
998 1056 1174 1120 valde
1209 1056 1373 1119 inter
1403 1073 1467 1119 se
1499 1054 1907 1129 dissentiunt;
1943 1074 2083 1118 cum
2117 1056 2326 1118 tamen
2359 1052 2708 1120 Concilium
2745 1056 3178 1123 Tridentinum

709 1156 997 1235 declaret,
1031 1176 1103 1221 ex
1135 1156 1340 1221 divino
1374 1157 1697 1239 praecepto
1732 1156 1928 1220 teneri
1959 1155 2167 1220 fideles
2202 1154 2279 1219 ad
2309 1157 2598 1241 gravium
2635 1160 3028 1242 peccatorum
3058 1180 3180 1223 nu-

709 1279 948 1324 merum
996 1250 1449 1324 declarandum.
1486 1258 1586 1321 Ita
1634 1257 1795 1322 Sess.
1836 1258 1938 1321 14.
1975 1277 2106 1321 can.
2146 1258 2181 1321 7
2190 1282 2234 1321 .:
2271 1284 2304 1314 «
2338 1256 2401 1322 Si
2436 1260 2576 1341 quis
2608 1258 2831 1324 dixerit
2865 1262 2925 1325 in
2972 1280 3178 1325 sacra·

709 1363 920 1426 mento
953 1360 1364 1445 poenitentiae
1395 1360 1809 1425 necessarium
1840 1379 1963 1425 non
1995 1379 2124 1424 esse
2155 1362 2289 1425 iure
2320 1360 2528 1425 divino
2561 1361 2841 1427 confiteri
2875 1363 3075 1427 omnia
3110 1366 3175 1426 et

710 1466 958 1549 singula
1004 1466 1255 1549 peccata
1298 1463 1611 1539 mortalia,
1661 1482 1930 1545 quorum
1982 1464 2283 1529 memoria
2329 1484 2472 1528 cum
2518 1464 2728 1530 debita
2782 1468 2844 1529 et
2889 1466 3176 1550 diligenti

709 1567 1259 1650 praemeditatione
1304 1566 1609 1630 habeatur
1613 1614 1717 1628 .....
1753 1567 1818 1629 et
1863 1566 2383 1644 circumstantias,
2424 1586 2583 1648 quae
2629 1568 2863 1651 peccati
2911 1568 3176 1651 speciem

707 1671 958 1734 mutant
963 1719 1089 1746 ......
1131 1669 1462 1733 anathema
1500 1668 1585 1733 sit
1616 1693 1678 1731 ».

798 1772 972 1852 Quod
1012 1772 1252 1855 spectat
1284 1771 1362 1835 ad
1397 1773 1479 1836 lm
1505 1771 1761 1835 modum
1799 1770 2221 1856 distinguendi
2252 1772 2561 1836 numerice
2597 1774 2868 1856 peccata,
2903 1773 3175 1855 primum

708 1875 975 1952 adverte,
1010 1874 1175 1957 quod
1212 1877 1287 1938 ut
1326 1874 1565 1938 obiecta
1610 1873 1862 1954 inteyra
1892 1893 1999 1957 per
2036 1892 2100 1937 se
2133 1875 2197 1938 et
2246 1873 2466 1938 totalia
2501 1874 2804 1952 dicantur,
2840 1876 3000 1940 talia
3046 1895 3174 1942 esse

707 1978 929 2042 debent
964 1974 1030 2040 1⁰
1063 1979 1136 2041 ut
1169 1996 1363 2040 unum
1396 1995 1516 2039 non
1548 1975 1634 2039 sit
1664 1994 1807 2058 pars
1842 1976 2098 2039 alterius
2134 1996 2245 2041 nec
2293 1977 2519 2054 omnia,
2554 1995 2665 2041 ceu
2703 1979 2930 2059 partes⁹
2966 1979 3173 2043 totum

706 2080 855 2161 quid
884 2080 1289 2144 constituant.
1324 2077 1526 2158 Quare
1556 2077 1761 2159 inquit
1797 2078 1962 2142 Azor
1990 2078 2097 2142 lib.
2134 2078 2193 2141 4.
2229 2097 2363 2161 cap.
2399 2079 2459 2141 4.
2494 2097 2551 2159 q.
2594 2079 2676 2155 3.,
2711 2079 2764 2141 si
2797 2080 2938 2161 quis
2987 2081 3176 2145 vellet

706 2180 962 2245 domum
991 2182 1346 2247 comburere
1383 2180 1480 2245 vel
1529 2199 1738 2245 omnes
1789 2180 2051 2245 alicuius
2089 2180 2500 2245 bibliothecae
2545 2179 2736 2245 libros
2772 2181 2943 2246 furto
2985 2183 3174 2246 surri-

704 2305 845 2368 pere
891 2287 1004 2350 aut
1034 2286 1228 2350 tritici
1273 2286 1588 2369 ingentem
1635 2304 1923 2348 acervum
1963 2285 2077 2348 aut
2121 2303 2424 2369 magnum
2472 2303 2802 2348 aureorum
2847 2285 3166 2349 cumulum

701 2388 898 2453 furari
943 2389 1056 2452 aut
1103 2387 1313 2452 ovium
1361 2388 1568 2451 totum
1607 2406 1863 2470 gregem
1912 2387 2011 2450 vel
2057 2387 2265 2451 totum
2313 2387 2502 2452 boum
2551 2389 2663 2451 aut
2709 2405 3002 2470 equorum
3052 2392 3166 2453 aut

700 2510 1028 2575 porcorum
1062 2492 1411 2554 armentum
1450 2489 1716 2574 abigere,
1760 2508 1955 2553 unum
1991 2489 2301 2553 obiectum
2335 2489 2530 2554 totale
2577 2492 2944 2565 censeretur,
2980 2494 3170 2573 atque

702 2595 852 2659 adeo
899 2615 1095 2659 unum
1141 2593 1480 2676 peccatum.
1532 2593 1601 2655 2⁰
1648 2591 1738 2657 Ut
1785 2612 1980 2656 unum
2027 2591 2107 2656 ad
2154 2593 2442 2670 alterum,
2489 2593 2789 2675 tanquam
2836 2593 2914 2656 ad
2962 2592 3167 2670 finem,

700 2716 821 2761 non
868 2697 1189 2772 referatur,
1230 2697 1302 2760 ut
1349 2695 1442 2758 ait
1488 2694 1847 2759 Fffliuccius
1897 2695 2077 2758 tract.
2130 2696 2235 2758 21.
2270 2713 2403 2777 cap.
2447 2696 2506 2759 8.
2544 2716 2603 2759 n.
2639 2697 2820 2770 319.;
2854 2695 3037 2760 cuius
3083 2697 3168 2760 rei

700 2799 1047 2881 exemplum
1092 2798 1334 2862 habetis
1371 2798 1433 2862 in
1465 2797 1653 2862 tertia
1684 2797 1977 2861 Auctoris
2008 2797 2407 2876 resolutione,
2444 2797 2550 2861 ubi
2597 2798 2782 2861 verba
2815 2816 2927 2861 seu
2959 2798 3168 2862 tactus

698 2901 993 2984 impudici
1033 2900 1301 2965 ordinati
1350 2900 1426 2964 ad
1473 2900 1783 2965 carnalem
1831 2898 2138 2982 copulam,
2173 2919 2368 2964 unum
2419 2899 2727 2964 obiectum
2774 2899 3170 2964 constituunt

696 3023 840 3069 cum
871 3005 1004 3087 ipsa
1041 3004 1283 3087 copula.
1316 3003 1399 3067 Et
1430 3003 1747 3083 hucusque
1785 3002 1919 3064 DD.
1959 3020 2169 3066 omnes
2202 3001 2594 3066 conveniunt.

785 3102 962 3177 625.
996 3105 1083 3170 At
1129 3105 1311 3180 enim,
1348 3106 1495 3187 quia
1544 3104 1934 3168 totalitatem
1973 3122 2094 3169 non
2144 3105 2396 3168 tantum
2432 3102 2820 3167 materialem
2858 3106 2924 3167 et
2964 3106 3170 3190 physi-

696 3227 852 3286 cam,
893 3210 999 3273 sed
1046 3208 1369 3274 formalem
1402 3210 1466 3272 et
1510 3207 1812 3271 moralem
1843 3205 1918 3269 A.
1958 3205 2238 3288 requirit,
2274 3206 2558 3287 quaestio
2607 3205 2898 3280 succedit,
2931 3207 2996 3269 in
3046 3227 3168 3288 qua

693 3310 1034 3376 definienda
1065 3311 1418 3377 discordant
1450 3311 1606 3387 DD.,
1642 3309 2038 3391 quandonam
2085 3328 2207 3372 non
2246 3308 2453 3373 solum
2484 3305 2900 3370 mteriah'ter
2931 3311 2996 3371 et
3008 3307 3169 3391 phy·

692 3415 836 3488 sice,
870 3415 975 3479 sed
1011 3415 1203 3479 etiam
1232 3412 1585 3493 formaliter
1615 3415 1677 3476 et
1712 3409 2039 3475 moraliter
2069 3431 2266 3475 unum
2297 3411 2620 3475 dicendum
2653 3411 2738 3475 sit
2777 3410 3105 3476 obiectum.

785 3515 969 3582 Croix
1011 3519 1120 3581 lib.
1172 3519 1230 3582 5.
1263 3539 1322 3581 n.
1363 3517 1508 3580 151.
1548 3516 1708 3580 hanc
1754 3534 2039 3579 normam
2089 3513 2345 3579 statuit:
2379 3539 2414 3573 «
2452 3513 2708 3594 Quando
2760 3515 2909 3578 sunt
2954 3514 3168 3598 plures

693 3638 811 3696 rea,
846 3639 1110 3701 quarum
1142 3641 1267 3684 una
1298 3621 1393 3683 est
1423 3637 1617 3700 capax
1646 3617 1983 3700 accipiendi
2017 3619 2427 3701 augmentum
2459 3617 2537 3680 ab
2570 3617 2767 3681 altera
2807 3618 2871 3682 et
2900 3636 3059 3700 quae
3091 3637 3168 3683 ex

694 3723 922 3786 natura
967 3742 1081 3787 sua
1129 3724 1225 3787 vel
1286 3741 1403 3786 usu
1450 3720 1774 3784 hominum
1819 3720 2171 3784 referuntur
2219 3719 2296 3783 ad
2350 3719 2610 3784 eundem
2662 3719 2850 3784 finem
2904 3720 3170 3804 ideoque

693 3825 1104 3893 communiter
1149 3827 1294 3888 sunt
1337 3822 1601 3886 invicem
1649 3821 2121 3885 commutabiles
2169 3822 2232 3884 et
2279 3820 2780 3903 compensabiles,
2833 3823 2984 3887 tunc
3030 3842 3167 3906 pos-

692 3932 840 3996 sunt
887 3928 1049 3992 uniri
1094 3927 1156 3990 in
1204 3925 1441 3989 ratione
1475 3924 1658 3988 unius
1694 3922 1936 3998 obiecti,
1984 3923 2036 3988 si
2075 3924 2353 4006 spectent
2385 3922 2462 3986 ad
2509 3923 2769 3987 eundem
2810 3924 3162 3992 hominem:

692 4034 839 4116 quia
872 4035 1018 4096 tunc
1055 4032 1203 4094 sunt
1239 4049 1336 4093 res
1367 4027 1641 4092 eiusdem
1671 4027 1957 4103 rationis,
1993 4046 2151 4109 quae
2183 4026 2410 4090 facient
2448 4046 2638 4090 unam
2676 4045 2805 4091 rem
2837 4028 3166 4105 maiorem,

689 4137 744 4200 si
788 4134 977 4199 simul
1021 4133 1220 4197 veluti
1266 4132 1473 4215 partes
1520 4129 1924 4195 conveniant:
1967 4131 2030 4193 et
2067 4129 2160 4193 ita
2206 4148 2270 4193 se
2316 4129 2547 4192 habent
2584 4129 2899 4212 pecuniae,
2950 4132 3164 4214 panni,

687 4237 1001 4301 frumenta
1039 4238 1175 4310 etc„
1210 4252 1367 4316 quae
1415 4235 1648 4317 augent
1686 4232 1941 4296 divitias
1976 4231 2249 4295 eiusdem
2288 4231 2555 4295 hominis
2588 4232 2652 4296 et
2679 4231 3037 4297 referuntur
3084 4232 3166 4296 ad

690 4339 945 4403 eandem
989 4337 1421 4402 necessitatem
1470 4336 1633 4400 vitae
1681 4337 1948 4417 suntque
1997 4335 2060 4399 in
2111 4335 2476 4400 commercio
2523 4334 2848 4400 hominum
2895 4336 3166 4401 invicem

693 4440 1129 4523 permutabiJia
1178 4459 1247 4503 ac
1293 4437 1791 4522 compensabilia,
1827 4438 2117 4521 pecuniae
2151 4460 2292 4503 eum
2339 4438 2577 4522 panum,
2611 4437 2796 4521 panni
2846 4457 2990 4501 cum
3039 4437 3168 4502 fru-

692 4543 901 4607 mento
957 4546 1071 4605 etc.
1121 4545 1183 4606 et
1238 4562 1361 4606 una
1415 4561 1703 4605 mensura
1762 4540 2041 4605 omnium
2089 4542 2183 4606 est
2237 4541 2515 4623 pecunia,
2566 4540 2712 4621 quia
2777 4538 2896 4603 ista
2949 4540 3164 4605 omnia
