3529 5158
694 391 881 430 xxxw
1574 388 1786 430 emmas
1823 389 1900 429 CH
1909 389 2291 431 RONOLOGch

780 506 839 561 8.
880 502 1031 561 Nou
1078 501 1279 560 debet
1329 501 1498 562 velle
1545 500 1732 577 scire,
1768 518 1855 559 au
1903 500 2252 575 gradiatur
2285 517 2437 559 cum
2484 501 2840 560 voluntate
2880 501 3027 579 Dei,
3064 519 3151 562 an

682 608 836 651 cum
882 591 1126 651 eadem‘
1158 591 1510 649 voluntate
1557 588 1898 663 resignata
1930 593 2196 649 maneat
2229 605 2351 648 nec
2402 605 2511 647 ue:
2550 605 2672 648 nec
2718 606 2888 664 opus
2920 595 3025 651 est
3071 596 3150 651 ut

687 679 857 740 velit
902 695 1297 757 cognoscere
1342 695 1538 737 suum
1586 682 1838 737 statum
1888 695 2009 737 nec
2042 678 2384 753 proprium
2423 677 2631 752 nihi13
2668 678 2787 737 sed
2833 678 3037 740 debet
3073 685 3151 743 ut

690 785 931 844 corpus
977 767 1288 827 exanime
1339 783 1622 826 manere.

781 862 841 917 9.
868 858 1015 916 Non
1052 856 1252 917 debet
1282 856 1506 916 anima
1536 856 1874 916 reminisci
1911 872 2031 916 nec
2064 856 2165 915 sui
2203 872 2323 915 nec
2361 856 2480 914 Dei
2517 872 2642 915 nec
2675 856 3150 934 cuiuscumque

690 946 786 1006 rei
819 950 888 1007 et
925 946 996 1006 in
1034 946 1147 1006 via
1193 946 1461 1005 interna
1507 945 1719 1005 omnis
1755 944 2025 1005 reflexio
2063 949 2168 1005 est
2215 946 2471 1021 nociva,
2506 945 2711 1003 etiam
2760 945 3030 1006 reflexio
3062 947 3143 1007 ad

690 1052 845 1095 suas
893 1036 1216 1094 humanas
1261 1034 1559 1094 actiones
1606 1038 1675 1095 et
1721 1035 1806 1094 ad
1856 1035 2160 1110 proprios
2208 1033 2530 1093 defectus.

784 1127 887 1185 10.
917 1124 989 1184 si
1021 1124 1308 1200 propriis
1341 1123 1715 1183 defectibus
1747 1124 1912 1183 alios
1944 1124 2364 1199 scandalizet,
2392 1140 2523 1182 non
2560 1127 2665 1182 est
2705 1123 3147 1184 necessarium

689 1212 1061 1290 reflectere3
1097 1213 1452 1272 dummodo
1491 1230 1623 1272 non
1663 1212 1842 1272 adsit
1883 1214 2196 1273 voluntas
2229 1212 2725 1273 scandalizandi
2759 1217 2828 1271 et
2859 1212 2941 1270 ad
2994 1230 3143 1288 pro-

691 1302 871 1377 prios
919 1302 1220 1362 defectus
1266 1319 1399 1361 nou
1450 1318 1645 1377 posse
1691 1302 2050 1377 reflectere,
2087 1303 2306 1377 gratia
2357 1301 2481 1360 Dei
2527 1305 2650 1361 est.

783 1395 885 1451 11.
932 1392 1039 1450 Ad
1073 1392 1296 1468 dubia,
1331 1408 1504 1467 quae
1535 1395 1911 1468 occurrunt,
1948 1409 2032 1450 an
2068 1396 2244 1450 recte
2287 1389 2684 1466 procedatur
2720 1408 2840 1451 uec
2873 1408 2974 1467 ne,
3011 1409 3141 1450 nou

688 1497 856 1555 opus
903 1480 1261 1540 reflectere.

782 1572 888 1628 12.
923 1570 1055 1643 Qui
1088 1586 1283 1629 suum
1314 1569 1596 1628 liberum
1632 1568 1984 1629 arbitrium
2014 1570 2156 1628 Deo
2190 1568 2488 1647 donavit,
2517 1568 2600 1627 de
2624 1568 2811 1626 nulla
2844 1583 2913 1627 re
2946 1568 3146 1627 debet

686 1675 912 1719 curam
959 1659 1204 1718 habere
1253 1675 1375 1718 nec
1421 1657 1502 1717 de
1549 1657 1811 1717 inferno
1847 1649 1980 1717 nec'
2005 1657 2088 1717 de
2120 1657 2455 1733 paradiso:
2493 1673 2616 1715 uec
2648 1657 2846 1716 debet
2885 1656 3141 1717 deside·

687 1748 859 1807 rium
892 1748 1135 1807 habere
1169 1747 1476 1823 propriae
1514 1746 1945 1821 perfectionis
1978 1764 2101 1807 nec
2133 1747 2460 1808 virtutum
2501 1763 2622 1805 nec
2655 1745 2959 1821 propriae
2991 1762 3141 1805 san-

687 1837 945 1897 ctitatis
992 1854 1114 1896 nec
1161 1837 1467 1911 propriae
1513 1836 1769 1913 salutis,
1805 1837 1997 1895 cuius
2045 1853 2226 1911 spem
2274 1851 2649 1911 expurgare
2697 1834 2915 1894 debet.

780 1928 883 1984 13.
921 1925 1286 2001 Resignato
1330 1927 1469 1984 Deo
1518 1925 1726 1985 libero
1774 1925 2072 2003 arbitriO,
2106 1925 2320 1984 eidem
2375 1926 2512 1983 Deo
2551 1924 2992 1998 relinquenda
3037 1928 3141 1985 est

687 2014 1007 2091 cogitatio
1053 2018 1123 2073 et
1168 2031 1327 2073 cura
1371 2014 1453 2073 de
1499 2014 1678 2072 omni
1729 2030 1800 2073 re
1849 2018 2076 2073 nostra
2120 2020 2190 2074 ct
2243 2015 2643 2090 relinquere,
2694 2019 2769 2072 ut
2817 2012 3020 2073 faciat
3066 2013 3136 2073 in

690 2103 882 2163 nobis
928 2103 1074 2164 sine
1120 2103 1311 2163 nobis
1358 2119 1546 2161 suam
1594 2102 1896 2171 divinam
1942 2104 2382 2164 voluntatem.

782 2195 885 2252 14.
937 2192 1067 2265 Qui
1125 2191 1395 2252 divinae
1441 2192 1780 2251 voluntati
1829 2193 2210 2269 resignatus
2256 2198 2376 2272 est,
2429 2210 2560 2252 uon
2610 2192 2925 2251 convenit
2981 2194 3057 2250 ut
3101 2208 3140 2250 a

689 2282 832 2341 Deo
862 2299 999 2341 rem
1025 2281 1317 2355 aliquam
1350 2284 1569 2357 petat3
1600 2280 1762 2356 quia
1793 2284 2020 2356 petere
2046 2288 2148 2341 est
2171 2281 2604 2357 imperfect-io,
2647 2299 2795 2339 cum
2829 2281 2919 2340 sit
2949 2283 3138 2342 actus

684 2371 991 2445 propriae
1026 2370 1392 2430 voluntatis
1428 2374 1499 2430 et
1528 2371 1874 2430 electionis
1905 2377 1974 2430 et
2006 2376 2108 2431 est
2140 2372 2313 2431 velle
2347 2371 2526 2445 quod
2557 2370 2793 2429 divina
2823 2371 3137 2430 voluntas

684 2463 951 2520 nostrae
997 2460 1449 2519 conformetur
1494 2463 1564 2518 et
1609 2476 1742 2519 nou
1792 2461 1973 2534 quod
2021 2464 2248 2520 nostra
2279 2460 2550 2519 divinae
2597 2463 2667 2519 et
2712 2458 2882 2518 illud
2917 2460 3136 2519 Evan-

684 2549 843 2626 gelii
894 2547 1095 2608 Pet-ite
1140 2555 1198 2607 et
1244 2548 1581 2626 accipietis,
1623 2566 1756 2609 non
1792 2554 1896 2610 est
1934 2549 2186 2610 dictum
2234 2568 2273 2609 a
2329 2549 2598 2609 Christo
2632 2564 2750 2624 pro
2787 2548 3137 2609 animabus

683 2637 986 2714 internis,
1021 2654 1196 2712 quae
1241 2638 1482 2697 nolunt
1527 2638 1773 2699 habere
1802 2640 2247 2699 voluntatem:
2285 2639 2416 2697 imo
2462 2637 2845 2697 huiusmodi
2878 2637 3137 2700 animae

682 2744 759 2787 eo
807 2727 1231 2802 perveniunt,
1268 2732 1344 2786 ut
1388 2744 1522 2787 non
1572 2729 1834 2803 possint
1878 2746 1919 2788 a
1965 2730 2107 2787 Deo
2154 2745 2290 2787 rem
2336 2728 2630 2801 aliquam
2675 2730 2922 2802 petere.

775 2817 877 2874 15.
915 2815 1103 2875 Sicut
1150 2833 1283 2875 uon
1316 2817 1563 2876 debent
1595 2834 1634 2876 a
1668 2819 1811 2877 Deo
1850 2836 1986 2877 rem
2018 2818 2310 2892 aliquam
2348 2820 2590 2891 petere,
2628 2817 2723 2875 ita
2760 2816 3011 2875 necilli
3052 2817 3136 2876 ob

681 2904 975 2980 aliquam
1024 2905 1275 2980 gratias
1312 2922 1509 2980 agere
1540 2905 1822 2984 ‹lebent3
1860 2907 2020 2982 quia
2050 2911 2411 2980 utrumque
2456 2910 2560 2966 est
2591 2909 2784 2964 actus
2829 2906 3138 2980 propriae

682 2995 1075 3054 voluntatis.

774 3085 878 3143 16.
907 3084 961 3142 N
967 3101 1056 3142 on
1087 3083 1403 3143 convenit
1435 3084 1892 3160 indulgentias
1915 3100 2233 3159 quaerere
2260 3101 2379 3160 pro
2416 3101 2634 3158 poena
2665 3084 2952 3159 propriis
2983 3101 3136 3159 pec·

681 3172 849 3234 catis
895 3173 1147 3233 debita:
1183 3172 1344 3247 quia
1389 3173 1627 3233 melius
1674 3178 1779 3234 est
1823 3173 2093 3234 divinae
2135 3173 2433 3234 iustitiae
2479 3172 2882 3250 satisfacere,
2932 3191 3132 3248 quam

681 3262 976 3322 divinam
1002 3262 1519 3322 misericordiam
1543 3279 1890 3340 quaerere3
1919 3263 2231 3337 quoniam
2256 3263 2425 3321 illud
2451 3279 2534 3322 ex
2561 3279 2729 3338 puro
2757 3263 2879 3322 Dei
2915 3279 3135 3324 amore

680 3352 983 3427 procedit
1013 3357 1082 3411 et
1129 3350 1309 3411 istud
1356 3369 1577 3412 amore
1624 3353 1838 3414 nostri
1884 3353 2282 3414 interessato
2316 3369 2435 3413 nec
2466 3357 2570 3412 est
2603 3353 2745 3412 Deo
2786 3356 2980 3427 grata
3011 3369 3135 3412 nec

680 3439 1043 3515 meritoria3
1080 3440 1241 3514 quia
1287 3446 1390 3501 est
1436 3442 1611 3502 velle
1657 3458 1917 3502 crucem
1967 3442 2217 3518 fugere.

774 3531 875 3588 17.
912 3528 1185 3588 Tradito
1224 3530 1366 3589 Deo
1396 3531 1607 3590 libero
1637 3531 1916 3592 arbitrio
1947 3537 2018 3590 et
2049 3532 2264 3590 eidem
2295 3533 2528 3590 relicta
2572 3547 2732 3589 cura
2768 3534 2838 3589 et
2879 3530 3133 3606 cogita·

680 3617 861 3676 tione
892 3617 1153 3677 animae
1187 3623 1472 3696 nostrae,
1510 3637 1640 3678 non
1673 3625 1780 3679 est
1809 3620 2096 3694 amplius
2130 3619 2435 3679 habenda
2481 3620 2652 3678 ratio
2685 3620 3130 3679 tentationum

680 3722 803 3766 nec
847 3706 945 3766 eis
990 3707 1122 3767 alia
1166 3709 1549 3768 resistentia
1596 3709 1734 3768 fieri
1784 3709 1984 3768 debet
2031 3709 2161 3769 uisi
2218 3709 2554 3784 negativa,
2605 3708 2792 3766 nulla
2828 3708 3135 3769 adhibita

679 3795 1030 3876 industria,
1070 3802 1141 3858 et
1171 3797 1229 3856 si
1263 3802 1505 3858 natura
1535 3805 2007 3875 commovetur,
2042 3801 2309 3873 oportet
2339 3798 2574 3875 sinere,
2609 3802 2688 3857 ut
2719 3814 3132 3859 commovea-

675 3887 822 3964 tur3
855 3886 1015 3961 quia
1062 3891 1165 3947 est
1209 3891 1468 3946 natura.

767 3979 869 4035 18.
898 3975 1031 4049 Qui
1063 3976 1133 4034 iu
1174 3976 1471 4035 oratione
1503 3976 1720 4034 utitur
1753 3976 2176 4052 imaginibus,
2213 3977 2466 4052 figuris),
2500 3977 2847 4052 speciebus
2879 3983 2949 4036 et
2979 3993 3131 4053 pro-

673 4064 841 4140 priis
884 4065 1335 4140 conceptibus,
1379 4081 1509 4123 non
1559 4065 1796 4125 adorat
1845 4067 2054 4124 Deum
2108 4065 2177 4125 iu
2227 4066 2470 4140 spiritu
2516 4071 2588 4125 et
2633 4066 2941 4126 veritate.

765 4157 866 4213 19.
910 4154 1039 4226 Qui
1089 4161 1269 4213 amat
1317 4155 1533 4213 Deum
1580 4170 1657 4212 eo
1706 4154 1916 4232 modo,
1957 4171 2090 4229 quo
2121 4157 2295 4215 ratio
2332 4158 2843 4231 argumentatur
2876 4159 2997 4216 aut
3031 4155 3132 4215 in-

670 4243 977 4303 tellectus
1024 4242 1544 4317 comprehendit,
1583 4260 1714 4302 non
1762 4251 1942 4303 amat
1990 4261 2220 4304 verum
2275 4246 2508 4305 Deum.

758 4335 862 4392 20.
894 4334 1212 4392 Asserere
1244 4331 1426 4406 quod
1459 4331 1527 4390 in
1561 4332 1864 4392 oratioue
1894 4350 2063 4408 opus
2086 4339 2189 4393 est
2221 4335 2347 4394 sibi
2382 4352 2500 4410 per
2532 4335 2904 4396 discursum
2937 4334 3128 4394 auxi-

669 4421 831 4480 lium
883 4420 1051 4479 ferre
1102 4425 1170 4480 et
1216 4437 1335 4495 per
1381 4421 1842 4496 cogitationes,
1893 4423 2160 4497 quando
2212 4425 2395 4483 Deus
2443 4425 2734 4484 animam
2781 4442 2914 4483 nou
2961 4423 3124 4482 allo-

667 4511 919 4586 quitur,
961 4510 1343 4584 ignorantia
1389 4515 1509 4570 est.
1554 4511 1735 4569 Deus
1785 4529 2124 4586 uunquam
2172 4513 2489 4588 loquitur,
2535 4513 2680 4574 eius
2725 4513 2971 4571 locutio
3021 4515 3124 4570 est
