3529 5158
321 352 467 429 [274]
1089 368 1174 409 mc
1212 366 1695 410 consum-runata.
1733 367 2044 410 rur-morus
2677 356 2781 411 301

320 467 461 530 tum
493 464 642 547 quia
670 464 769 529 lex
799 483 922 529 non
955 465 1373 547 praesumitur
1404 464 1508 530 sed
1538 466 1789 548 probari
1820 465 2019 543 debet,
2054 467 2191 529 tum
2226 466 2373 548 quia
2410 486 2589 532 nemo
2615 486 2785 550 prae-

320 565 593 631 sumitur
639 565 758 630 sibi
805 567 962 631 velle
995 585 1150 631 onus
1181 566 1512 650 imponere,
1562 567 1682 632 nisi
1712 566 1775 630 id
1823 567 2149 633 manifeste
2180 570 2444 634 constet.
2479 567 2780 634 Schmalz.

317 689 382 734 11.
420 668 523 733 16.

412 768 589 841 273.
621 770 814 836 Aliud
859 771 1118 836 dubium
1147 772 1241 847 fit,
1292 791 1369 836 an
1416 772 1796 837 consuetudo
1846 772 1920 837 ad
1970 773 2097 837 vim
2143 772 2301 858 legis
2351 772 2786 856 acquirendam

317 873 543 938 debeat
572 891 705 940 esse
741 875 1004 957 probata
1033 875 1099 938 in
1129 874 1357 939 iudicio
1389 874 1891 940 contradictorio.

409 975 494 1039 Et
529 976 875 1042 communis
921 977 1055 1041 DD.
1105 977 1414 1042 sententia
1445 980 1559 1054 est,
1592 976 1656 1040 id
1702 995 1825 1041 non
1862 976 2094 1059 requiri
2138 996 2250 1041 nec
2296 977 2478 1061 exigi,
2529 981 2603 1042 ut
2650 997 2788 1061 pro-

317 1079 506 1144 betur
537 1099 645 1162 per
676 1082 852 1144 actus
888 1078 1228 1145 iudiciales.
1275 1079 1463 1144 Ratio
1502 1081 1615 1157 est,
1671 1080 1821 1162 quia
1865 1079 2245 1145 consuetudo
2293 1099 2364 1146 eo
2414 1080 2570 1162 ipse,
2620 1081 2787 1162 quod

316 1181 715 1248 rationabilis
762 1182 846 1246 sit
875 1183 939 1246 et
982 1181 1261 1267 legitime
1291 1183 1688 1266 praescripta,
1723 1182 1852 1246 vim
1895 1182 2054 1266 legis
2098 1182 2307 1259 habet,
2356 1184 2431 1247 ut
2474 1201 2544 1246 ex
2591 1180 2783 1246 Canu.

316 1283 421 1347 vel
452 1284 619 1369 legg.
652 1284 779 1348 iam
803 1284 1014 1349 citatis
1036 1286 1301 1350 constat.
1327 1284 1524 1367 Atqui
1546 1285 1696 1349 haec
1719 1284 2021 1366 requisita
2054 1284 2329 1349 obtinere
2353 1285 2562 1367 potest
2594 1283 2786 1348 etiam

317 1404 432 1469 per
463 1387 642 1450 actus
671 1387 924 1451 tantum
952 1385 1464 1452 extraiudiciales.
1496 1386 1683 1472 Ergo.

412 1486 512 1551 Ad
541 1487 606 1552 id
637 1506 802 1565 vero,
836 1487 1000 1569 quod
1030 1508 1103 1553 ex
1132 1508 1264 1572 cap.
1298 1488 1545 1553 Abbate
1578 1490 1682 1553 25.
1709 1488 1783 1553 cle
1817 1488 1996 1553 Verb.
2024 1487 2202 1571 Siyn.
2237 1489 2545 1567 obiicitur,
2577 1507 2789 1553 mona-

318 1590 473 1655 chos
510 1592 724 1654 contra
757 1591 1262 1657 consuetudinem
1293 1591 1632 1676 allegatam
1665 1590 1975 1668 obiecisse,
2008 1609 2147 1656 eam
2176 1609 2299 1656 non
2337 1590 2525 1655 fuisse
2572 1589 2789 1673 proba-

321 1694 460 1758 tam
505 1693 570 1757 in
614 1693 843 1759 iudicio
873 1693 1396 1782 contradictorio:
1428 1713 1587 1777 resp.
1634 1694 1794 1758 hanc
1824 1693 2015 1759 fuisse
2060 1694 2499 1778 allegationem
2535 1693 2787 1757 tantum

321 1794 499 1859 illius
530 1795 746 1878 partiS‚
781 1796 882 1860 cui
912 1796 1218 1861 sententia
1265 1795 1471 1879 Papae
1501 1814 1623 1860 non
1653 1795 1778 1861 fuit
1808 1796 2166 1874 conformis3
2201 1795 2417 1860 deinde
2448 1794 2539 1860 ibi
2584 1813 2785 1859 sermo

322 1899 422 1962 est
465 1899 717 1964 tantum
748 1897 822 1963 (10
852 1897 1292 1963 consuetudine
1323 1897 1766 1981 praescriptiva
1794 1899 1969 1975 iuris,
2018 1897 2301 1963 videlicet
2345 1896 2629 1982 eligendi,
2664 1914 2787 1961 non

322 2018 472 2065 vero
513 1999 587 2065 de
609 2001 822 2086 legali.

417 2104 579 2169 Item
611 2104 688 2169 ad
717 2104 802 2182 id,
829 2104 994 2187 quod
1017 2103 1058 2168 l.
1086 2102 1313 2167 cumde
1346 2101 1805 2168 Consuetudine
1831 2103 1935 2165 34.
1962 2101 2105 2187 Dig.
2133 2100 2206 2165 de
2228 2100 2449 2182 Leyib.
2477 2100 2787 2184 promitur

325 2224 399 2272 ex
429 2205 700 2291 Ulpiano
747 2209 1054 2286 monente,
1086 2206 1375 2272 fundanti
1405 2225 1468 2273 se
1500 2207 1564 2270 111
1595 2204 2036 2271 consuetudine
2076 2204 2275 2287 primo
2322 2203 2783 2286 explorandum,

327 2329 407 2375 an
453 2310 520 2374 in
565 2309 1044 2376 contradictorio
1090 2309 1319 2374 iudicio
1375 2308 1709 2391 aliquando
1770 2307 2018 2370 firmata
2075 2307 2184 2370 sit:
2242 2306 2667 2389 respondetur,
2725 2305 2790 2369 id

325 2432 450 2479 non
497 2413 572 2478 de
618 2414 1002 2491 necessitate,
1051 2413 1157 2478 sed
1201 2414 1453 2478 tantum
1499 2412 1572 2476 de
1618 2410 1898 2476 utilitate
1954 2409 2180 2492 accipi;
2229 2409 2378 2491 quia
2423 2408 2786 2492 probatione

327 2523 653 2604 assumpta
697 2539 770 2587 ex
816 2519 1059 2586 actibus
1089 2519 1504 2597 iudicialibus,
1539 2518 1818 2603 allegans
1848 2516 2160 2584 relevatur
2191 2516 2269 2583 ab
2302 2516 2600 2582 ulteriore
2633 2516 2790 2582 eius-

326 2624 467 2690 dem
497 2624 862 2707 probatione
893 2643 1035 2688 cum
1065 2624 1216 2687 haec
1247 2623 1330 2687 sit
1367 2622 1603 2705 optima
1636 2621 1944 2704 probatio.
1971 2619 2278 2686 Schmalz.
2315 2640 2376 2684 11.
2416 2621 2517 2684 17.

420 2721 601 2796 274.
627 2726 904 2791 Dubium
934 2726 1009 2789 fit
1029 2725 1298 2808 insuper,
1335 2744 1413 2790 an
1445 2723 1825 2789 consuetudo
1864 2723 2049 2788 unius
2087 2724 2363 2788 civitatis
2400 2723 2600 2808 possit
2640 2724 2791 2789 obli-

329 2849 480 2915 gare
533 2829 743 2894 aliam.
798 2828 980 2893 Nam.
1015 2848 1067 2894 0.
1109 2827 1312 2909 Super
1356 2847 1444 2902 ec,
1492 2826 1566 2891 de
1622 2824 1882 2909 Coynat.
1918 2825 2141 2907 Spirit.
2189 2826 2493 2911 Episcopo
2541 2827 2788 2892 videtur

329 2931 602 3015 praecipi
645 2930 1149 2996 consuetudinem
1190 2929 1701 3010 metropolitanae
1746 2928 2071 2993 Ecclesiae
2102 2927 2199 2991 vel
2227 2928 2505 2993 aliarum
2534 2930 2790 2993 circum-

323 3034 679 3114 positarum
707 3034 1028 3115 inquirere
1058 3036 1121 3097 ct
1152 3032 1518 3115 diliyentius
1547 3032 1809 3094 imitari.

422 3134 541 3201 Sed
576 3136 1065 3219 respondendum
1101 3137 1197 3200 est
1225 3135 1514 3219 negative
1545 3135 1609 3197 et
1653 3133 1816 3197 ratio
1854 3132 2023 3195 clara
2067 3133 2191 3205 est;
2227 3131 2375 3212 quia
2405 3129 2789 3194 consuetudo

337 3239 399 3302 et
425 3238 827 3322 praoecriptio
860 3240 1109 3304 tantum
1138 3237 1328 3302 habet
1357 3235 1429 3301 de
1460 3236 1793 3319 potestate,
1828 3233 2133 3315 quantum
2166 3230 2240 3294 de
2270 3250 2396 3294 usu
2435 3233 2500 3295 et
2524 3232 2689 3306 actu,
2717 3232 2793 3294 ut

335 3340 517 3404 notat
545 3339 777 3404 Palaus
821 3342 900 3404 tr.
950 3340 1011 3402 3.
1061 3338 1215 3422 disp.
1266 3338 1327 3401 3.
1361 3358 1420 3420 p.
1455 3338 1518 3400 4.
1554 3336 1613 3419 ξ).
1645 3337 1702 3399 1.
1735 3355 1796 3399 11.
1837 3336 1898 3399 2.
1937 3333 2080 3399 Non
2125 3332 2475 3398 extenditur
2522 3351 2668 3417 ergo
2716 3332 2790 3397 de

337 3440 473 3507 loco
498 3441 560 3506 in
589 3443 800 3508 locum
828 3461 939 3508 nec
967 3443 1040 3507 de
1071 3459 1332 3525 persona
1361 3440 1426 3504 in
1457 3457 1803 3523 personam.
1836 3437 2166 3502 Praeterea
2196 3436 2478 3520 princeps
2510 3437 2793 3501 censetur

339 3563 475 3611 eam
511 3546 711 3610 solam
741 3544 1254 3611 communitatem
1284 3543 1443 3607 velle
1466 3540 1761 3626 obligare,
1797 3558 1956 3623 quae
1979 3539 2490 3605 consuetudinem
2527 3539 2791 3618 induxit,

339 3665 461 3715 non
490 3667 636 3713 vero
668 3649 877 3714 aliam.
903 3649 1065 3713 Item
1095 3645 1510 3712 communitas
1538 3644 1716 3708 illam
1745 3642 2092 3709 introduxit
2115 3644 2367 3708 tantum
2401 3644 2611 3708 animo
2644 3643 2795 3708 obli-

339 3750 529 3836 gandi
558 3770 641 3817 se.
676 3752 909 3817 Tamen
937 3770 1105 3826 casu,
1140 3769 1263 3833 quo
1294 3748 1451 3814 nihil
1481 3748 1615 3813 iure
1646 3749 1962 3813 statutum
1994 3746 2078 3811 sit
2109 3746 2208 3810 vel
2240 3746 2683 3812 consuetudine
2708 3768 2798 3812 re-

342 3855 588 3936 ceptum
618 3853 779 3919 circa
817 3873 948 3919 rem
979 3853 1254 3935 aliquam
1284 3852 1348 3915 in
1372 3851 1666 3934 quapiam
1698 3849 1974 3927 civitate,
2001 3849 2153 3913 bene
2184 3847 2374 3912 faciet
2403 3847 2605 3924 iudex,
2641 3848 2797 3911 eiad

345 3956 849 4022 consuetudinem
894 3955 1236 4021 vicinarum
1290 3954 1618 4020 civitatum
1665 3954 1961 4027 recurrat,
2008 3949 2192 4014 modo
2224 3949 2361 4032 ipsa
2407 3948 2800 4012 rationabilis

346 4061 452 4126 sit:
485 4061 668 4128 debet
697 4062 862 4127 enim
897 4060 1234 4128 secundum
1264 4079 1532 4143 aequum
1559 4058 1851 4134 iudicare,
1884 4055 2048 4139 quod
2077 4054 2371 4120 facillime
2402 4054 2684 4119 desumet
2729 4072 2800 4118 ex

344 4164 701 4229 rationabili
730 4163 990 4232 viciniae
1020 4162 1485 4229 consuetudine.

432 4264 725 4332 Ceterum
754 4264 921 4348 quod
952 4264 1376 4339 obiiciebatur,
1423 4261 1753 4346 explicabis
1790 4279 1934 4325 cum
1976 4259 2195 4337 Palao,
2230 4260 2271 4324 1.
2313 4278 2364 4324 0.
2397 4278 2459 4324 11.
2496 4258 2557 4323 3.
2593 4258 2667 4323 de
2712 4258 2803 4323 in·

349 4370 700 4451 quisitione,
723 4387 884 4451 quae
905 4388 978 4433 ex
1001 4368 1318 4450 aequitate
1338 4366 1686 4441 dumtaxat,
1711 4381 1835 4430 11011
1866 4365 2080 4429 autem
2104 4382 2175 4427 ex
2201 4363 2580 4447 obligatione
2603 4362 2806 4427 iniun-

346 4475 552 4557 gatur.
585 4472 707 4537 Vel
738 4471 930 4536 etiam
958 4470 1080 4536 dici
1111 4471 1335 4553 potest,
1368 4468 1432 4533 id
1453 4468 1544 4532 ibi
1572 4467 1859 4550 episcopo
1888 4466 2240 4531 iniunctum
2285 4465 2496 4542 fuisse,
2547 4466 2620 4529 ut
2666 4483 2808 4529 0011-

346 4579 561 4655 010101,
594 4594 758 4659 quae
803 4573 1204 4658 probabiliter
1233 4570 1613 4638 consuetudo
1645 4568 1834 4635 fuerit
1858 4570 1925 4634 in
1948 4568 2200 4653 propria
2230 4568 2501 4634 Ecclesia
2528 4593 2543 4644 ς
2579 4568 2808 4649 quippe
