3529 5158
1098 377 1183 416 m:
1218 377 1427 417 uns-m
1464 377 1510 417 s.
1539 373 1840 417 Annum-mr
1879 375 2008 416 mc.
2701 360 2811 414 685

358 475 642 559 seguirsi‚
692 475 910 559 perche
956 476 1152 540 allora
1197 476 1259 539 la
1305 476 1484 560 legge
1529 477 1562 538 e
1609 473 1858 552 dubbia,
1892 494 1924 538 e
1961 474 2164 557 percio
2210 491 2332 538 non
2382 471 2653 557 obbliga,
2703 492 2812 556 per

355 577 611 663 ragione
656 577 755 642 del
788 579 1088 662 principio
1142 578 1330 655 certo,
1362 580 1623 643 siccome
1678 577 1963 642 vedremo
2008 576 2116 659 qui
2161 594 2359 640 essere
2402 574 2814 640 indubitabile

356 680 616 746 secondo
646 681 704 744 le
732 680 1006 746 dottrine
1029 680 1092 744 di
1110 700 1157 744 s,
1185 681 1538 758 Tommas0,
1565 680 1761 744 chela
1791 680 1972 764 legge
1996 678 2224 744 dubbia
2248 696 2371 743 non
2400 680 2524 760 puo
2561 677 2812 741 induri-e

353 782 888 868 un’obbligazione
917 786 1085 848 certa
1122 808 1181 847 ».

438 886 640 950 Probe
670 887 964 951 notentur
1009 904 1080 950 ea
1126 886 1341 950 verba:
1381 883 1487 949 che
1523 885 1634 965 qui
1664 884 1734 947 di
1751 885 2074 965 propos-ito
2102 882 2183 947 ed
2207 905 2250 947 a
2281 883 2472 967 ltmyo
2508 884 2809 949 031111ιέ110-

352 1007 559 1064 remo‚·
604 987 891 1053 videlicet
935 988 1456 1070 quemadmodum
1517 987 1581 1051 in
1650 988 2103 1051 Dissertatione
2171 986 2545 1052 editionibus
2592 987 2807 1051 Theol.

351 1088 575 1154 Moral.
627 1108 766 1154 ann.
821 1090 1012 1154 1753.
1051 1091 1219 1153 1757
1273 1090 1461 1153 1760.
1529 1091 1719 1154 1763.
1770 1089 2003 1155 inserta
2049 1109 2097 1154 e.
2148 1091 2382 1155 Doctor
2429 1093 2645 1156 contra
2691 1091 2810 1155 mi-

347 1193 535 1257 tiores
559 1192 913 1257 tutioristas
944 1191 1269 1275 disputans
1300 1192 1607 1256 scribebat
1638 1211 1694 1255 n.
1731 1193 1817 1256 L:
1852 1191 1984 1256 Hie
2011 1196 2256 1257 tantum
2278 1212 2501 1272 operae
2520 1195 2805 1274 pretium

329 1300 491 1376 puto
521 1316 706 1379 ayere
742 1295 816 1360 de
862 1297 1239 1378 quaestione,
1279 1297 1496 1360 utrum
1540 1296 1787 1360 licitum
1819 1296 1904 1360 sit
1934 1314 2085 1360 usus
2128 1295 2436 1379 opinionis
2468 1296 2809 1380 probabilis

344 1399 576 1463 omissa
612 1400 854 1477 tutiori,
889 1400 1113 1464 saltem
1159 1399 1212 1463 si
1260 1398 1466 1481 opinio
1521 1398 1800 1463 libertati
1845 1397 2058 1463 favens
2093 1398 2354 1463 firmiori
2400 1397 2804 1463 fundamento

344 1502 589 1567 nitatur
619 1527 688 1578 »ς
745 1501 1265 1583 quemadmodum
1311 1501 1375 1565 in
1424 1500 1875 1565 Dissertatione
1937 1520 2075 1565 ann.
2131 1501 2321 1565 1755.
2372 1521 2432 1565 n.
2482 1502 2542 1564 3.
2592 1503 2812 1566 contra

341 1603 1032 1688 antiprobabilioristas,
1081 1605 1387 1685 quatenus
1434 1604 1747 1687 negabant
1799 1603 2043 1667 licitum
2090 1621 2222 1668 esse
2268 1620 2452 1668 usum
2501 1605 2808 1687 opinionis

337 1706 538 1771 solide
592 1704 929 1787 probabilis
981 1704 1045 1768 in
1104 1723 1404 1768 concursu
1443 1704 1875 1787 probabilioris
1927 1705 2365 1787 praemiserat:
2429 1729 2465 1764 ι
2523 1706 2797 1770 Tantum

335 1808 542 1889 igitur
563 1805 663 1870 hie
686 1805 1117 1871 disserendum
1137 1805 1212 1868 de
1252 1807 1436 1869 tertia
1452 1806 2155 1889 (probabilioristarum)
2200 1809 2265 1872 et
2300 1810 2527 1890 quarta
2559 1807 2806 1891 (proba-

337 1910 728 1992 bilistarum)
753 1909 1077 1986 sententia,
1096 1928 1362 1991 quarum
1388 1909 1675 1973 ultimam
1699 1909 2122 1993 benigniorem
2144 1910 2208 1974 et
2230 1911 2804 1975 communissimam

338 2011 724 2096 probandam
750 2010 1165 2095 aggredimur,
1191 2029 1409 2093 nempe
1431 2010 1674 2075 licitum
1698 2030 1832 2076 esse
1854 2012 1952 2076 uti
1976 2012 2260 2095 opinione
2281 2012 2589 2096 probabili
2615 2014 2805 2078 etiam

336 2114 403 2178 in
436 2130 740 2177 concursu
770 2112 1203 2195 probabilioris
1241 2131 1352 2196 pro
1384 2113 1538 2197 lege,
1575 2131 1819 2197 semper
1851 2133 1922 2179 ac
1953 2113 2063 2179 illa
2094 2115 2333 2178 certum
2371 2117 2435 2180 et
2479 2135 2671 2200 grave
2702 2116 2808 2179 ha-

339 2220 488 2283 beat
518 2218 1016 2283 fundamentum:
1050 2218 1141 2281 ita
1164 2218 1524 2302 posterioris
1561 2218 1748 2283 huius
1769 2220 2260 2284 ‘Dissertationis
2293 2239 2549 2304 scopum
2572 2221 2800 2303 specia-

336 2322 463 2386 lem
499 2340 548 2385 s.
591 2321 826 2386 Doctor
861 2320 1068 2385 innuit
1112 2320 1434 2391 monendo,
1476 2340 1539 2385 se
1576 2340 1649 2385 ex
1693 2321 1970 2405 professo
2018 2323 2081 2385 et
2125 2321 2278 2399 fuse,
2327 2322 2493 2403 quod
2541 2323 2804 2387 antehac

340 2444 467 2489 non
497 2424 914 2508 praestiterat,
947 2423 1021 2487 de
1058 2422 1411 2506 supradicta
1445 2423 1607 2488 thesi
1640 2424 1739 2488 vel
1772 2424 2085 2489 disserere.

436 2526 517 2592 Et
545 2528 661 2594 hoc
697 2527 944 2610 quidem
991 2527 1301 2592 monitum
1352 2527 1416 2592 in
1462 2527 1660 2592 latina
1706 2546 1952 2611 quoque
1999 2526 2273 2594 eiusdem
2321 2527 2797 2594 Dissertationis

341 2631 608 2696 editione
640 2631 978 2715 reperimus
1028 2650 1166 2695 ann.
1213 2630 1425 2708 1773„
1466 2630 1573 2695 ubi
1617 2651 1677 2695 n.
1713 2632 1774 2694 3.
1807 2631 2068 2716 legitur:
2108 2656 2144 2689 ι
2192 2630 2372 2713 Quod
2402 2630 2494 2694 ad
2531 2631 2804 2695 alteram

342 2732 540 2813 refert
558 2734 998 2814 quaestionem,
1022 2754 1210 2814 quam
1232 2753 1398 2796 nune
1420 2734 1776 2797 accuratius
1791 2737 1855 2797 et
1873 2733 2066 2798 latius
2081 2733 2503 2809 discutiemus,
2531 2733 2667 2798 dieo
2692 2740 2801 2799 ete.

340 2837 424 2900 Et
446 2855 587 2901 cum
612 2836 761 2900 haec
793 2834 1169 2914 dissertatiO,
1196 2836 1270 2900 ut
1301 2855 1507 2919 sup.n.
1545 2836 1649 2900 80.
1677 2836 1966 2913 diximus,
1998 2836 2398 2919 sequentibus
2421 2837 2803 2922 Theologiae

338 2938 600 3004 Moralis
638 2938 1010 3004 editionibus
1055 2938 1246 3003 fuerit
1290 2938 1454 3020 quod
1485 2939 1904 3003 substantiam
1937 2939 2226 3003 adiuncta
2266 2959 2408 3004 cum
2442 2940 2632 3003 titulo
2673 2959 2793 3002 mo-

341 3040 505 3106 ralis
535 3041 909 3125 systemtiS,
942 3040 1082 3105 hinc
1128 3040 1191 3105 in
1238 3043 1549 3124 postrema
1584 3060 1722 3105 ann.
1770 3040 1959 3103 1785.
1984 3058 2043 3102 n.
2080 3040 2184 3103 57.
2219 3042 2402 3104 tract.
2453 3038 2528 3101 de
2584 3037 2800 3105 Conse.

339 3144 638 3228 legimus:
678 3169 713 3201 α
758 3142 934 3224 Quod
982 3142 1057 3207 ad
1106 3143 1367 3207 alteram
1423 3142 1850 3225 quaestionem
1894 3142 2153 3223 spectat,
2217 3161 2405 3222 quam
2452 3140 2649 3205 latius
2705 3141 2807 3205 hie

342 3245 762 3324 discutiemus,
801 3246 935 3311 dico
983 3247 1097 3310 etc.
1131 3271 1193 3307 ».
1227 3244 1412 3310 Hisce
1460 3243 1660 3308 verbis
1705 3242 2001 3307 nimirum
2039 3262 2089 3307 s.
2122 3243 2356 3307 Doctor
2388 3243 2569 3325 plane
2615 3244 2805 3327 signi-

338 3349 507 3426 ficat,
551 3348 704 3413 alias
735 3366 800 3412 se
833 3348 987 3413 satis
1019 3348 1177 3412 hanc
1213 3346 1556 3412 doctrinam
1589 3344 1948 3423 defendisse,
1986 3345 2125 3409 tum
2172 3343 2418 3427 quando
2466 3344 2798 3431 benignam

340 3452 714 3517 sententiam
745 3452 818 3517 de
846 3452 1020 3518 licito
1053 3471 1172 3517 usu
1206 3451 1509 3536 opinionis
1535 3450 1872 3534 probabilis
1897 3466 2087 3513 1111111
2124 3466 2191 3513 m
2222 3465 2546 3515 concussu
2577 3465 2803 3514 Psoni-

341 3572 604 3621 mmoms
627 3557 1065 3642 propugnavit,
1091 3558 1228 3621 tum
1252 3554 1496 3638 quando
1522 3556 1736 3620 contra
1759 3554 2118 3619 tutioristas
2142 3552 2329 3618 evicit
2342 3553 2588 3618 licitum
2614 3572 2799 3618 usum

343 3658 647 3741 opinionis
682 3677 873 3740 aeque
920 3657 1255 3742 probabilis
1302 3658 1415 3723 aut
1452 3658 1676 3722 saltem
1722 3656 2154 3741 probabilioris
2201 3656 2266 3721 in
2311 3673 2613 3722 concursu
2661 3677 2806 3740 pro-

340 3761 564 3826 babilis
602 3781 712 3845 pro
750 3761 915 3847 lege:
963 3781 1124 3826 nunc
1170 3780 1312 3826 vero
1360 3781 1426 3826 se
1461 3762 1622 3826 hanc
1652 3760 1844 3826 etiam
1881 3759 2424 3826 communissimae
2473 3760 2793 3826 doctrinae

341 3867 584 3949 partem
616 3865 941 3948 explanare
974 3884 1044 3930 ex
1074 3864 1347 3948 professo
1383 3883 1452 3928 ac
1485 3864 1796 3930 vindicare
1835 3864 1992 3929 velle
2024 3864 2139 3948 (a).

427 4186 490 4232 (a)
520 4178 653 4223 Ordo
684 4178 876 4233 logicus
904 4176 1033 4220 forte
1060 4173 1366 4229 postulabat,
1394 4175 1456 4215 ut
1482 4173 1622 4226 prins
1658 4172 2013 4217 defenderetur
2048 4174 2323 4218 sententia:
2353 4175 2505 4221 licere
2533 4177 2676 4229 sequi
2702 4178 2805 4231 opi-

344 4251 549 4295 nionem
575 4248 883 4306 probabilem
912 4259 1003 4303 pro
1028 4246 1267 4290 libertate
1295 4245 1349 4290 in
1376 4257 1625 4290 concursu
1652 4245 2084 4300 aequeprobabilis
2103 4248 2338 4303 prolege,
2366 4247 2547 4291 deinde
2575 4259 2650 4298 ea,
2670 4260 2803 4301 quae

345 4322 596 4368 difficilior
624 4324 717 4376 est,
746 4321 899 4364 licere
928 4318 1070 4374 sequi
1098 4317 1383 4373 opinionem
1412 4315 1717 4370 probabilem
1748 4329 1838 4370 pro
1865 4315 2121 4369 libertate,
2149 4317 2205 4361 in
2232 4331 2478 4362 concursu
2507 4318 2663 4362 etiarn
2693 4331 2802 4372 pro-

344 4394 602 4438 babilioris
632 4405 722 4449 pro
749 4392 881 4447 lege:
916 4402 1091 4435 verum
1122 4390 1255 4446 quod
1285 4387 1481 4443 aliquid
1507 4387 1668 4431 serius
1696 4391 1790 4430 aut
1818 4401 1973 4441 ocyus
2001 4389 2318 4442 defendatur,
2349 4402 2450 4432 non
2480 4394 2587 4432 tam
2615 4391 2801 4444 pendet

344 4478 406 4509 ex
430 4477 567 4510 nexu
593 4465 757 4520 logico
784 4475 973 4516 rerum,
1002 4474 1156 4517 quam
1184 4474 1247 4505 ex
1274 4458 1571 4506 extrinsecis
1598 4459 2015 4512 circumstantiis,
2045 4463 2173 4514 puta
2207 4460 2611 4506 adversariorum
2641 4461 2806 4517 impu-

340 4537 686 4594 gnationibus,
715 4537 1095 4592 opportunitate
1118 4547 1208 4589 pro
1222 4540 1359 4578 certo
1378 4535 1599 4587 tempore
1629 4530 1849 4576 alicuius
1875 4531 2135 4577 doctrinae
2155 4535 2206 4575 et
2233 4532 2539 4577 huiusmodi.
2561 4533 2634 4579 Of.
2657 4547 2708 4576 n.
2728 4534 2804 4576 93.

346 4624 479 4666 seqq.
512 4610 571 4654 E.
