3529 5158
350 345 495 422 [613]
1012 364 1358 407 msrmc'rro
1394 364 1706 408 srucmca
1743 366 2147 409 PnccATonuM
2699 361 2806 415 549

355 458 583 534 ducati,
622 461 774 525 item
811 462 1052 527 furtum
1083 465 1162 527 et‘
1176 462 1577 527 homicidium
1614 464 1678 527 et
1709 483 1934 546 quaere
1965 483 2036 528 ex
2067 467 2160 529 te:
2188 465 2243 528 si
2272 470 2610 548 peccatum,
2638 473 2802 552 quod

351 580 419 625 ex
464 561 594 627 illis
627 562 868 629 duobus
901 566 998 630 est
1025 564 1300 649 gravina,
1335 566 1497 629 esset
1524 565 1788 641 licitum,
1828 566 2066 631 foretne
2096 569 2286 631 etiam
2319 568 2488 632 aliud
2516 571 2803 637 licitum?

349 683 563 747 nempe
587 666 640 729 si
664 665 904 732 furtum
940 669 1188 732 centum
1219 667 1589 733 ducatorum
1611 667 1774 732 foret
1795 668 2058 744 licitum,
2083 668 2320 734 foretne
2342 670 2586 736 licitum
2609 674 2799 738 etiam

344 766 584 832 furtum
608 769 792 834 unius
824 770 1076 834 ducati?
1098 771 1151 835 si
1175 769 1578 834 homicidium
1601 772 1764 834 esset
1792 770 2056 847 licitum,
2083 771 2320 836 foretne
2340 772 2585 838 licitum
2607 777 2799 842 etiam

344 867 627 934 furtum?
650 869 716 935 Si
748 871 1044 948 affirmas,
1069 890 1190 936 non
1223 871 1686 955 distinguentur
1721 873 1953 955 specie3
1981 874 2127 954 quia
2150 893 2273 939 non
2303 878 2607 958 supererit
2634 880 2798 945 ratio

346 972 739 1054 prohibendi;
775 975 827 1038 si
874 993 1084 1059 negas,
1133 975 1593 1059 distinguentur
1638 975 1868 1058 specie;
1913 976 2061 1057 quia
2108 977 2308 1041 adhuc
2353 979 2474 1043 erit
2517 982 2798 1064 specialis

342 1074 505 1139 ratio
549 1075 706 1139 illud
754 1077 1131 1159 prohibendi.
1170 1114 1251 1125 —
1287 1079 1358 1140 5⁰
1391 1076 1519 1140 Alii
1564 1076 1781 1141 dicunt
1810 1077 2224 1162 colligendum
2257 1098 2387 1144 esse
2423 1100 2495 1145 ex
2540 1082 2798 1150 diversis

342 1177 780 1244 dictaminibus
826 1180 1253 1255 conscientiae,
1288 1178 1512 1260 quibus
1559 1181 1811 1261 peccata
1860 1182 2275 1262 opponuntur.
2315 1217 2398 1232 --
2448 1183 2518 1243 6ο
2561 1184 2708 1262 Alii,
2743 1187 2795 1250 si

343 1283 740 1363 opponuntur
776 1282 1032 1347 diversis
1078 1282 1276 1365 specie
1307 1281 1668 1354 virtutibus,
1702 1283 1816 1344 aut
1847 1282 1901 1344 si
1931 1281 2154 1346 saltem
2186 1283 2455 1347 habeant
2482 1284 2794 1351 diversum

338 1383 593 1447 modum
627 1383 1032 1467 oppositionis
1074 1384 1151 1448 ad
1182 1383 1461 1448 eamdem
1496 1384 1817 1448 virtutem.
1859 1419 1942 1432 -
1972 1384 2039 1446 7⁰
2076 1384 2204 1448 Alii
2240 1385 2472 1463 dicunt,
2506 1387 2795 1471 colligen-

334 1485 483 1551 dum
530 1505 661 1551 esse
707 1506 779 1551 ex
810 1486 1069 1560 obiecto,
1101 1486 1221 1550 fine
1267 1487 1330 1550 et
1374 1486 1860 1550 circumstantiis
1905 1488 1970 1549 et
2004 1485 2188 1550 modo
2222 1487 2507 1552 tendendi
2543 1489 2642 1568 (ex
2688 1510 2793 1573 po-

331 1594 566 1656 strema
611 1590 920 1672 particula
965 1589 1094 1653 scil.
1128 1589 1305 1652 mdo
1354 1587 1646 1651 tendendi
1690 1587 1875 1653 Groix
1919 1589 2166 1660 n.‚128.
2209 1592 2352 1672 post
2395 1591 2551 1654 alios
2597 1594 2794 1656 sumit

324 1695 631 1778 regulam,
650 1710 773 1773 qua
797 1691 1273 1772 comprehendat
1296 1689 1754 1755 distinctionem
1778 1691 1969 1754 etiam
2000 1691 2222 1773 speciei
2251 1692 2683 1778 theologicae).
2707 1732 2785 1740 —-

330 1798 405 1860 8⁰
454 1795 582 1858 Alii
628 1813 701 1858 ex
746 1793 1105 1857 diversitate
1156 1792 1368 1876 legum
1415 1811 1525 1857 0011
1577 1793 2064 1875 praeceptorum,
2113 1793 2339 1874 quibus
2391 1796 2641 1876 peccata
2687 1815 2790 1879 op-

320 1897 646 1983 ponuntur
675 1921 737 1960 ».

416 1999 552 2064 Nos
599 1999 749 2063 haec
783 1997 991 2063 omnia
1022 2016 1414 2078 nequaquam
1444 2015 1900 2080 persequemur.
1939 1995 2074 2076 Quo
2105 1997 2344 2062 defectu
2392 2000 2601 2063 autem
2641 2001 2791 2065 ha'ec

330 2105 445 2168 aut
471 2101 595 2165 alia
620 2119 692 2165 ex
716 2101 813 2164 his
836 2100 1070 2184 regulis
1093 2100 1377 2164 laborare
1400 2100 1784 2176 censeantur,
1806 2099 2031 2164 videsis
2056 2099 2220 2183 apud
2245 2099 2535 2164 Valentia
2556 2102 2622 2165 in
2651 2103 2708 2166 1.
2728 2105 2789 2167 2.

321 2206 481 2288 disp.
519 2204 578 2266 6.
619 2222 678 2285 q.
714 2205 774 2267 2.
810 2204 1019 2286 punct.
1059 2203 1116 2266 1.
1151 2203 1215 2265 et
1249 2200 1433 2266 Groix
1463 2201 1570 2265 lib.
1606 2204 1665 2265 5.
1701 2221 1737 2266 a
1768 2221 1829 2265 n.
1870 2203 2016 2266 122.
2051 2201 2218 2266 Satis
2250 2203 2371 2266 erit
2396 2204 2577 2269 nobis
2608 2206 2792 2288 expli-

324 2326 499 2372 casse
530 2305 875 2370 doctrinam
915 2305 1227 2382 AuctoriS,
1260 2305 1369 2385 qui
1414 2304 1475 2367 in
1525 2304 1772 2368 unicam
1816 2305 2100 2387 reg-ulam
2148 2305 2603 2386 quodammodo
2636 2307 2791 2373 duas

326 2409 691 2492 compingit,
742 2408 1006 2472 alteram
1053 2426 1268 2490 nempe
1314 2425 1437 2488 qua
1493 2405 1950 2470 distinctionem
1996 2408 2389 2488 peccatorum
2443 2408 2789 2491 specificam

321 2511 598 2577 desumit
627 2531 700 2576 ex
737 2509 1098 2575 diversitate
1131 2509 1514 2573 obiectorum
1550 2510 1614 2572 et
1650 2509 1933 2587 alteram,
1968 2527 2128 2591 quae
2159 2508 2415 2573 eandem
2450 2510 2794 2577 distinctio-

322 2636 460 2682 nem
498 2614 823 2679 dimetitur
854 2633 924 2677 ex
957 2613 1343 2697 oppositione
1375 2612 1453 2675 ad
1483 2613 1749 2677 virtutes
1779 2612 2050 2676 diversas
2083 2615 2199 2676 etc.

403 2714 564 2789 81³.
606 2717 689 2781 Et
719 2716 970 2799 quidem
1020 2716 1175 2780 duas
1206 2717 1390 2779 hasce
1434 2716 1706 2779 rationes
1746 2713 2170 2799 distinguendi
2214 2715 2490 2799 specifice
2535 2718 2787 2800 peccata

316 2823 405 2887 ita
453 2822 620 2886 inter
664 2838 730 2885 se
776 2819 1167 2903 comparatas
1214 2837 1365 2894 esse,
1398 2818 1472 2882 ut
1519 2817 1715 2881 altera
1762 2817 1826 2880 in
1874 2817 2136 2881 alteram
2182 2818 2533 2897 reducatur,
2577 2820 2785 2903 plures

316 2925 636 2989 testantur
664 2925 727 2987 et
757 2922 1098 2987 concedunt
1127 2922 1444 2985 Doctores.

402 3027 524 3103 Ita,
567 3026 642 3089 ut
687 3024 843 3089 alios
886 3025 1364 3107 praetereamuS,
1398 3042 1447 3086 s.
1497 3022 1852 3103 Alphonsus
1898 3022 2006 3084 lib.
2049 3025 2108 3084 5.
2142 3040 2200 3085 n.
2238 3023 2376 3085 32:
2411 3047 2446 3080 (ι
2485 3022 2782 3100 Quaestio

319 3147 551 3214 magna
581 3129 680 3192 est
707 3128 869 3191 inter
900 3144 949 3189 s.
976 3124 1282 3189 Thomam
1315 3126 1379 3188 01
1409 3122 1683 3199 Scotum,
1721 3142 1799 3185 an
1832 3122 2148 3185 distinctio
2187 3123 2468 3203 specifica
2510 3124 2783 3204 proxime

320 3232 610 3297 sumatur
647 3230 724 3293 ab
757 3228 1011 3294 obiectis
1044 3226 1302 3291 diversis
1337 3224 1748 3307 peccatorum,
1771 3223 1869 3287 vel
1910 3242 1947 3285 a
1976 3223 2233 3286 diversis
2264 3223 2625 3301 virtutibus,
2652 3227 2785 3306 qui-

315 3334 436 3398 bus
477 3335 724 3416 peccata
757 3331 1172 3414 opponuntur,
1201 3347 1250 3391 s.
1285 3327 1557 3391 Thomas
1593 3328 1651 3389 1.
1688 3328 1748 3389 2.
1784 3345 1843 3406 q.
1882 3325 1984 3388 72.
2020 3327 2137 3389 art.
2174 3325 2279 3389 1...
2313 3327 2379 3390 et
2410 3326 2518 3389 alii
2549 3329 2780 3407 tenent,

322 3436 599 3519 proxime
635 3433 875 3499 desumi
923 3432 1002 3496 ab
1048 3429 1303 3495 obiectis
1335 3429 1533 3512 specie
1580 3428 1902 3493 diversis...
1937 3426 2157 3492 Scotus
2190 3446 2399 3493 vero...
2433 3429 2498 3493 et
2542 3430 2651 3495 alii
2697 3432 2785 3497 10-

316 3538 481 3615 110111,
517 3536 980 3605 distinctionem
1010 3531 1357 3616 specificam
1389 3531 1625 3595 desumi
1660 3551 1695 3594 a
1726 3530 2087 3607 virtutibus,
2122 3531 2349 3612 quibus
2386 3536 2783 3616 opponuntur

318 3641 636 3723 peccata...
669 3637 951 3720 Utraque
982 3635 1289 3700 sententia
1337 3635 1433 3698 001
1469 3634 1824 3717 probabilis,
1859 3634 1923 3696 et
1951 3634 2218 3716 utraque
2264 3653 2474 3700 revera
2505 3636 2568 3701 in
2615 3637 2777 3703 idem

316 3742 673 3807 coincidit...
707 3738 826 3805 Sed
870 3738 1135 3805 secunda
1183 3737 1618 3821 distinguendo
1650 3737 1901 3819 peccata
1931 3754 2039 3819 per
2070 3736 2486 3818 oppositiones
2531 3740 2609 3802 ad
2656 3740 2777 3803 vir-

310 3846 497 3922 111100,
533 3843 779 3927 planior
813 3843 909 3907 001
938 3844 1002 3907 01
1033 3840 1273 3905 facilior
1309 3865 1369 3903 ».

399 3947 499 4011 Ita
545 3948 611 4011 et
642 3943 868 4010 Suarez
898 3945 962 4008 in
1001 3945 1057 4007 1.
1093 3944 1154 4006 2.
1188 3945 1267 4007 11.
1303 3943 1363 4005 3.
1398 3943 1507 4024 qui
1543 3944 1638 4006 est
1674 3941 1748 4006 dc
1787 3940 2088 4005 Bonitate
2123 3947 2187 4005 et
2227 3942 2477 4006 malitia
2519 3947 2769 4007 acutum

311 4047 566 4112 human.
600 4048 756 4131 disp.
796 4048 854 4111 7.
882 4047 1027 4112 sect.
1060 4046 1116 4108 7.
1151 4065 1209 4108 n.
1238 4047 1299 4108 4.
1335 4047 1397 4109 et
1429 4044 1489 4107 6.
1523 4044 1737 4109 relatis
1771 4045 2090 4109 sententiis
2124 4043 2293 4109 Scoti
2324 4047 2388 4109 et
2417 4064 2464 4109 s.
2493 4045 2769 4112 Thomae

307 4154 404 4218 his
435 4153 676 4219 verbis:
710 4176 745 4210 «
776 4150 988 4216 Tertia
1033 4150 1338 4215 sententia
1383 4150 1480 4214 est
1524 4147 1711 4223 Scoti‚
1745 4149 1911 4231 quod
1948 4150 2192 4213 malitia
2229 4150 2422 4214 sumit
2459 4152 2764 4217 unitatem

307 4257 402 4321 vel
448 4255 909 4321 distinctionem
942 4272 1012 4318 ex
1042 4253 1385 4329 honestate,
1421 4272 1545 4334 qua
1575 4252 1809 4335 privat;
1844 4271 2031 4332 quam
2060 4250 2211 4315 aliis
2246 4251 2450 4315 verbis
2485 4252 2681 4331 refiert
2707 4260 2768 4319 et

301 4378 429 4423 non
458 4356 776 4439 improbat
806 4376 857 4421 8.
894 4355 1161 4420 Thomas
1196 4356 1252 4418 1.
1289 4357 1349 4419 2.
1384 4375 1441 4438 q.
1480 4356 1582 4418 72.
1618 4356 1734 4418 art.
1772 4356 1832 4417 9.
1868 4352 1945 4418 ad
1996 4356 2075 4431 1.,
2109 4354 2240 4418 scil.
2277 4356 2486 4419 actum
2523 4375 2765 4423 sumere

303 4477 484 4526 suam
508 4460 817 4524 rationem
849 4479 919 4524 ex
955 4459 1209 4533 virtute,
1244 4458 1345 4522 cui
1376 4459 1772 4541 opponitur...
1798 4456 2037 4537 Quarta
2069 4458 2273 4540 opinio
2307 4460 2419 4533 est,
2452 4460 2759 4527 malitiam

304 4565 502 4640 actus,
538 4580 651 4627 seu
688 4562 897 4627 actum
943 4561 1183 4626 malum
1218 4580 1459 4625 sumere
1506 4561 1769 4643 speciem
1799 4578 1979 4624 suam
2027 4580 2097 4624 ex
2144 4560 2402 4624 obiecto,
2439 4562 2536 4625 Ita
2575 4566 2764 4628 sentit
