3529 5158
363 399 528 473 [133]
744 414 895 462 Qun>
936 412 1353 456 conscmmm.
1395 412 1680 454 coemi-10
1718 412 2156 468 senicum‘nn,
2196 413 2496 456 renorma
2737 399 2840 454 127

362 509 599 574 morale
633 509 710 574 ed
744 510 929 574 alteri
964 510 1262 593 opusculo
1302 508 1628 588 Principii
1656 509 1823 573 della
1852 512 2098 573 scienza
2145 511 2396 574 morale.
2439 512 2657 576 Posset
2693 530 2839 596 ergo

371 613 534 677 alius
566 632 710 677 eum
744 613 835 676 ita
874 612 1277 696 redarguere3
1318 611 1487 684 Mos,
1523 612 1683 675 unde
1714 630 1833 676 vox
1855 612 2137 685 moralis,
2171 613 2483 697 significat
2503 615 2839 677 actionem:

367 736 515 802 ergo
549 716 767 780 inscite
801 715 952 779 dicis
991 715 1319 777 scientiam
1352 715 1656 776 actionem
1693 715 1810 777 etc.
1849 713 2027 793 Quod
2068 734 2213 779 vero
2261 715 2463 799 magis
2509 715 2840 780 ridiculum

373 822 486 893 est,
538 820 669 902 ipse
716 819 955 882 Auctor
999 835 1142 880 cum
1191 816 1321 879 suis
1361 815 1644 880 admittit
1686 815 1990 879 iudicium
2021 818 2375 895 practicam
2420 819 2485 881 et
2514 818 2842 881 riconosci-

370 925 574 985 mento
594 920 865 1000 pratieo.
901 918 1117 983 Nonne
1166 935 1313 1003 ergo
1347 919 1413 981 et
1443 917 1575 981 heic
1612 917 1975 981 habebimus
2005 921 2355 983 monstrum
2391 917 2549 982 illud
2597 919 2841 983 iudicii-

369 1024 687 1088 actionis?

461 1124 599 1200 Sed,
633 1124 801 1188 hisce
835 1122 1097 1195 omissis,
1131 1140 1331 1186 nonne
1362 1121 1548 1185 Plato
1582 1121 1744 1186 Dial.
1781 1121 1880 1185 cui
1915 1122 2141 1186 titulus
2180 1148 2214 1181 «
2239 1121 2557 1187 Politicus
2581 1149 2615 1183 »
2650 1126 2837 1208 paulo

366 1230 511 1311 post
556 1227 828 1303 initium,
878 1225 1166 1289 scientias
1198 1224 1468 1307 partitus
1506 1224 1603 1287 est
1637 1223 1700 1287 in
1748 1224 2052 1307 practices
2090 1227 2154 1290 et
2194 1225 2583 1290 theoreticae.
2624 1228 2839 1315 Ταύτῃ

367 1326 564 1389 τοίνυν
593 1322 941 1404 συμπάσας
971 1319 1331 1399 ἐπιστήμας
1360 1319 1604 1399 διαίρει,
1637 1321 1751 1397 τήν
1788 1322 1892 1399 μὲν
1935 1322 2285 1400 πρακτικὴν
2321 1321 2694 1402 προσειπών,
2726 1328 2842 1399 τήν

370 1428 440 1489 δὲ
472 1425 651 1505 μόνον
692 1423 1064 1504 γνωστικὴν.
1114 1421 1432 1485 Hactenus
1479 1419 1673 1502 igitur
1720 1421 2040 1486 universas
2071 1420 2360 1487 scientias
2391 1421 2612 1499 divide,
2649 1421 2837 1487 aliam

370 1524 618 1608 quidem
668 1523 1005 1607 practicam
1071 1523 1406 1606 appellanS,
1458 1523 1646 1585 aliam
1694 1541 1839 1586 vero
1901 1543 2067 1588 mere
2114 1526 2581 1607 speculativam.
2631 1524 2731 1588 Sic
2776 1527 2841 1587 et

367 1625 737 1692 Aristoteles
762 1623 972 1688 Ethic.
1013 1625 1120 1688 lib.
1152 1625 1229 1687 V.
1272 1644 1403 1707 cap.
1446 1626 1507 1686 2.
1542 1623 1892 1697 veritatem,
1935 1643 2094 1706 quae
2128 1627 2399 1690 actiones
2430 1626 2665 1711 dirigit,
2679 1645 2839 1705 pra-

374 1731 595 1793 cticam
643 1727 948 1810 appellat:
991 1730 1154 1806 αύτή
1186 1730 1288 1808 μὲν
1316 1727 1415 1793 οὖν
1449 1730 1491 1806 ἢ
1531 1728 1787 1791 διάνοια
1830 1730 1938 1792 καὶ
1979 1732 2021 1807 τ’]
2051 1732 2319 1808 ἀλήξιεια
2365 1729 2703 1810 πρακτική.
2741 1723 2840 1790 Sic

373 1832 710 1917 practicam
748 1829 962 1894 deinde
993 1829 1155 1913 (cap.
1202 1830 1291 1913 7.)
1331 1831 1606 1914 appellat
1651 1834 1955 1918 φρόνησιν,
2004 1829 2168 1894 idest
2198 1830 2625 1913 prudentiam:
2656 1834 2697 1909 ἠ
2723 1835 2841 1912 γάρ

371 1930 661 2011 φρόνησις
691 1927 1026 2006 πρακτική.

455 2028 642 2092 quta
674 2025 1100 2091 definitionem
1129 2026 1424 2092 Auctoris
1469 2029 1880 2119 conscientiae
1926 2026 2174 2092 nomine
2221 2026 2392 2090 venit
2431 2023 2730 2090 iudicium
2764 2025 2839 2088 de

372 2128 745 2194 rectitmline
773 2131 899 2195 tam
931 2148 1160 2201 eorum,
1185 2150 1343 2210 quae
1365 2129 1656 2208 facienda
1676 2129 1882 2193 adhuc
1903 2130 2053 2202 sint,
2082 2132 2210 2191 tam
2234 2148 2464 2201 eorum,
2482 2147 2641 2208 quae
2669 2125 2838 2206 facta

373 2232 499 2294 iam
536 2229 810 2308 fuerint:
836 2230 984 2310 quia
1014 2231 1249 2294 scilicet
1279 2230 1353 2294 de
1383 2232 1709 2296 honestate
1741 2231 2004 2295 actionis
2036 2230 2308 2296 iudicare
2344 2248 2673 2313 possumus
2698 2231 2836 2293 tum

378 2336 716 2414 antequam
754 2349 1037 2415 agamuS,
1078 2334 1215 2395 tum
1246 2334 1579 2415 postquam
1612 2334 1874 2417 egimus.

382 2490 383 2493 ,
457 2435 599 2498 Huc
638 2434 879 2498 faciunt
912 2434 1023 2497 illa
1058 2451 1106 2497 s,
1142 2435 1418 2499 Thomae
1450 2434 1523 2498 de
1572 2435 1766 2498 Verit.
1802 2455 1861 2517 q.
1901 2436 1958 2499 7.
1995 2436 2113 2499 art.
2153 2436 2209 2498 1.
2232 2457 2247 2499 ε
2274 2433 2675 2499 «Secundum
2711 2452 2838 2499 mo-

374 2538 523 2602 dum
549 2536 1005 2621 applicationis
1033 2555 1157 2619 quo
1189 2537 1419 2602 notitia
1451 2538 1805 2621 applicatur
1828 2537 1906 2602 ad
1930 2539 2160 2614 actum,
2186 2538 2261 2602 ut
2283 2537 2519 2602 sciatur
2551 2555 2629 2601 an
2663 2537 2837 2601 actus

375 2642 456 2706 sit
491 2643 701 2705 rectus
734 2640 831 2704 vel
863 2659 1005 2714 non,
1045 2641 1269 2723 duplex
1316 2643 1412 2705 est
1456 2642 1576 2706 via.
1620 2641 1759 2706 Una
1805 2641 2143 2706 secundum
2189 2640 2356 2722 quod
2402 2659 2509 2725 per
2553 2639 2838 2705 habitum

377 2741 670 2807 scientiae
704 2741 1033 2826 dirigimur
1064 2741 1128 2805 in
1152 2742 1388 2824 aliquid
1419 2742 1767 2807 faciendum
1792 2744 1892 2807 vel
1921 2762 2044 2808 non
2075 2742 2446 2807 faciendum.
2479 2741 2622 2807 Alio
2654 2741 2838 2807 modo

374 2844 717 2908 secundum
761 2843 928 2925 quod
975 2846 1170 2916 actus,
1215 2845 1544 2927 postqum
1589 2844 1793 2910 factus
1831 2847 1944 2922 est,
1994 2846 2384 2910 examinatur
2430 2844 2507 2908 ad
2552 2843 2838 2908 habitum

378 2945 689 3020 scientiae,
731 2962 810 3008 an
848 2945 935 3008 sit
979 2947 1185 3009 rectus
1233 2947 1330 3010 vel
1375 2965 1497 3010 non
1544 2948 1814 3012 rectus...
1865 2946 2212 3012 Secundum
2261 2949 2472 3011 autem
2504 2948 2839 3027 utrumque

377 3045 815 3130 applicationis
861 3046 1115 3110 modum
1143 3047 1391 3111 nomine
1422 3049 1831 3113 conscientiae
1863 3049 2104 3113 utimur
2126 3074 2187 3111 ».

462 3150 596 3213 Imo
646 3147 799 3212 alibi
831 3166 880 3211 s.
922 3148 1195 3213 Thomas
1228 3149 1402 3213 addit
1446 3149 1764 3224 iudicium,
1801 3149 1966 3230 quod
1999 3149 2073 3212 fit
2103 3149 2176 3212 de
2211 3150 2354 3211 actu
2391 3147 2718 3229 praesenti,
2754 3147 2841 3209 in-

377 3251 595 3333 quiens
628 3251 689 3312 2.
716 3249 861 3313 dist.
890 3251 996 3314 24.
1023 3270 1082 3333 q.
1111 3253 1171 3314 2.
1210 3252 1327 3316 art.
1364 3253 1426 3314 4.
1462 3251 1939 3334 applicationem
1985 3248 2279 3314 scientiae
2325 3247 2403 3311 ad
2451 3249 2660 3311 actum
2707 3247 2840 3310 fieri

374 3351 814 3430 indifferenter
842 3354 968 3415 sive
999 3354 1089 3416 sit
1115 3353 1189 3415 de
1210 3355 1555 3432 praesenti,
1596 3352 1691 3415 vel
1721 3352 1796 3414 de
1815 3352 2182 3431 praeterito,
2215 3349 2310 3414 vel
2339 3349 2572 3427 futuro.

457 3453 541 3516 Et
587 3453 739 3517 haec
795 3453 1049 3517 valeant
1109 3453 1437 3518 adversum
1500 3454 1691 3518 aliam
1754 3453 2096 3517 stultitiam
2156 3470 2352 3517 novae
2413 3449 2840 3534 philosophiae

378 3557 693 3637 (Rosmin.
708 3553 903 3619 Delta
929 3554 1100 3619 Oosc.
1120 3557 1215 3640 (a)
1232 3575 1363 3640 cap.
1388 3558 1419 3621 1
1431 3606 1446 3620 .
1470 3576 1612 3641 pag.
1638 3557 1790 3638 13.)‚
1810 3574 1969 3637 quae
1984 3556 2047 3620 in
2065 3553 2420 3620 definitione
2434 3553 2844 3619 conscientiae

373 3660 463 3723 ita
508 3658 706 3744 exigit
744 3659 1186 3721 conscientiam
1214 3658 1389 3737 facti,
1428 3659 1610 3741 quasi
1643 3658 1918 3723 iudicare
1963 3657 2037 3722 de
2085 3658 2324 3722 actione
2356 3674 2480 3722 non
2509 3656 2839 3740 possimne,

376 3759 491 3825 nisi
515 3761 671 3824 haec
702 3761 833 3823 iam
866 3760 1135 3842 perfecta
1159 3760 1367 3824 fuerit.
1393 3760 1451 3825 N
1455 3780 1523 3825 ec
1548 3759 1883 3825 advertunt
1906 3759 2029 3824 alio
2054 3778 2236 3824 sensu
2258 3758 2379 3823 dici
2402 3758 2843 3822 conscientiam

371 3862 540 3941 facti,
577 3862 705 3926 alio
739 3863 1180 3925 conscientiam
1216 3861 1575 3926 honestatis.
1610 3861 1942 3926 Monuerat
1973 3861 2099 3924 iam
2130 3880 2177 3925 s,
2214 3861 2486 3925 Thomas
2518 3859 2592 3923 de
2649 3860 2839 3923 Verit.

450 4156 514 4206 (a)
542 4151 783 4197 acumini
816 4151 993 4204 (Tr-att.
1021 4152 1144 4196 dalla
1177 4153 1298 4196 Coec.
1330 4152 1522 4205 Mon-ale,
1552 4165 1660 4206 cap.
1694 4153 1731 4194 1.
1763 4164 1876 4206 pag.
1901 4151 2018 4196 18.):
2047 4166 2065 4186 ‹
2087 4148 2158 4191 La
2187 4148 2441 4192 coscienza
2469 4145 2674 4200 morale,
2703 4157 2842 4189 come

374 4217 454 4260 noi
483 4218 762 4260 l'abbiamo
793 4216 1049 4271 desei-itta,
1086 4228 1307 4271 suppone
1336 4218 1600 4260 un'azione
1620 4221 1794 4260 nostra
1814 4230 1842 4258 o
1862 4216 2099 4259 nell’atto
2128 4215 2181 4257 in
2210 4215 2294 4257 cui
2322 4214 2375 4257 la
2397 4212 2645 4268 ponianm,
2669 4224 2698 4255 o
2715 4211 2844 4266 dopo

371 4286 453 4338 git
478 4285 708 4339 postula:
740 4283 983 4338 perooohe
1020 4282 1124 4327 fino
1151 4296 1182 4328 a
1216 4287 1364 4329 tanto
1391 4284 1484 4328 ohe
1513 4284 1724 4329 rasione
1753 4297 1857 4328 non
1885 4286 1912 4327 ὸ
1942 4294 2127 4326 ancora
2153 4282 2221 4325 da.
2248 4283 2334 4325 noi
2369 4281 2518 4332 satta,
2559 4282 2623 4324 ne
2656 4279 2842 4323 comin-

375 4352 506 4395 eiatt
531 4364 564 4395 a
595 4350 743 4404 farsi,
772 4362 877 4392 non
906 4351 1149 4404 possiamo
1182 4349 1264 4393 noi
1294 4363 1481 4394 averno
1511 4349 1783 4404 ooscienza,
1812 4361 1895 4392 ma
1924 4349 2028 4392 solo
2056 4349 2268 4392 soienza.
2292 4348 2354 4390 Di
2384 4345 2472 4401 qui
2501 4347 2730 4400 avviene‚
2751 4346 2842 4389 che

375 4418 415 4460 si
442 4418 508 4461 da
535 4419 685 4461 benni
716 4427 825 4459 una
854 4416 1108 4460 concienza
1134 4418 1469 4461 concomitante
1495 4417 1709 4460 l‘azione
1728 4429 1755 4459 e
1776 4428 1880 4459 una
1909 4417 2163 4459 coscienza
2180 4416 2493 4469 caecantem&
2519 4426 2604 4456 ma
2622 4413 2844 4467 propria-

374 4489 542 4529 πωπω
572 4482 834 4540 perlando
859 4495 960 4528 non
989 4483 1030 4527 si
1059 4484 1127 4527 da
1154 4496 1260 4527 una
1288 4484 1544 4529 conciente.
1568 4485 1859 4528 antecedente
1885 4481 2151 4526 all'az10ne
2172 4501 2211 4525 ι.

453 4552 803 4595 Praemiserat
831 4554 1020 4603 autem,
1050 4551 1395 4593 enumerando
1423 4551 1641 4594 elementa
1670 4549 2022 4593 conscientiae.
2047 4567 2066 4586 e
2088 4550 2131 4591 1⁰
2155 4549 2426 4591 Un'azione
2456 4552 2630 4591 nostra
2649 4561 2677 4590 ο
2697 4544 2845 4588 intel-

381 4616 594 4663 lectuale
621 4632 653 4662 ο
686 4615 927 4660 affett-hra
955 4629 983 4660 o
1010 4621 1235 4661 esterna:
1265 4617 1309 4659 2·
1339 4618 1410 4661 La
1439 4616 1856 4670 consapevolezza
1883 4614 2068 4659 stoi-ica
2095 4614 2147 4657 ‹11
2175 4615 2516 4668 quest’azione
2535 4632 2573 4659 ι.
