3529 5158
702 318 812 373 382
1147 332 1360 374 macr.
1401 333 1490 373 111.
1528 332 1615 373 ms
1648 330 1928 374 amemus.
1968 329 2168 374 cnru‘r
2204 331 2284 373 iv.
2323 332 2464 375 nun.
2504 333 2595 373 111.
2634 333 2714 374 1v.
3014 317 3159 395 [391]

782 428 946 494 Hinc
961 427 1145 494 Croix
1160 430 1494 513 postqmm
1508 428 1710 492 multa
1727 428 2093 511 disputavit,
2106 428 2355 493 demum
2371 429 2684 494 concludit
2697 429 2807 495 lib.
2832 432 2862 494 1
2876 480 2891 496 .
2910 450 2969 497 n.
2992 432 3072 497 79
3080 434 3156 495 5.:

711 558 747 591 «
770 532 862 597 Ex
892 533 1191 627 hactenus
1227 533 1409 597 dictis
1441 532 1706 609 constat,
1740 534 1816 597 ut
1845 534 2009 597 recte
2038 533 2219 597 notat
2264 533 2526 618 Illsung,
2559 533 2625 598 in
2655 535 2773 599 hac
2802 534 3160 616 quaestione

702 654 826 700 non
857 654 1035 718 posse
1065 636 1200 701 dari
1229 655 1419 701 unam
1442 637 1792 723 generalem
1816 638 2117 722 regulam,
2143 638 2248 703 sed
2272 637 2709 703 attendendam
2733 657 2863 704 esse
2894 642 3161 704 mentem

706 736 1142 822 legislatorum
1173 741 1237 804 et
1273 740 1458 804 finem
1487 740 1719 825 legum,
1753 759 1913 822 quae
1942 741 2311 823 quandoque
2340 740 2606 818 faciliuS,
2654 741 3024 823 quandoque
3054 741 3161 805 dif-

703 839 928 904 ficilius
961 841 1289 924 patiuntur
1321 843 1548 925 apponi
1578 843 2109 925 impedimentum,
2143 843 2310 925 quod
2337 842 2569 908 discere
2603 844 2914 927 oportebit
2943 863 3019 909 ex
3047 864 3159 908 usu

703 944 1042 1027 proborum
1073 947 1135 1009 et
1165 945 1393 1011 iudicio
1432 945 1833 1028 prudentum3
1874 946 1963 1011 sic
1992 947 2091 1011 lex
2119 946 2334 1011 ieiunii
2370 945 2681 1029 permittit
2727 946 2965 1011 assumi
2991 946 3162 1011 labo-

703 1066 833 1110 rem
864 1046 1213 1123 honestum,
1248 1068 1391 1112 cum
1422 1068 1545 1129 quo
1577 1048 1853 1114 ieiunare
1883 1067 2006 1113 non
2037 1049 2287 1132 poteria,
2322 1067 2445 1114 non
2481 1049 2629 1113 item
2662 1049 2761 1113 lex
2791 1048 3025 1113 Missae
3054 1051 3163 1113 aut

700 1148 1019 1213 Horarum
1047 1153 1163 1214 etc.
1196 1175 1258 1214 ».

794 1248 949 1322 391.
984 1251 1147 1317 Hinc
1178 1254 1368 1317 etiam
1400 1253 1579 1318 facile
1617 1254 1928 1319 constabit
1952 1254 2025 1318 de
2055 1254 2303 1319 fallacia
2327 1272 2633 1319 canonum
2665 1272 2775 1317 seu
2804 1253 3161 1337 regularum

702 1355 1086 1437 specialium,
1125 1375 1280 1438 quas
1319 1356 1575 1438 quidam
1604 1360 1976 1441 proponunt.

794 1457 893 1521 Ita
919 1478 975 1521 v.
1004 1478 1097 1542 gr.
1125 1458 1441 1524 Mazzotta
1466 1461 1648 1524 tract.
1673 1460 1729 1523 1.
1749 1459 1906 1542 disp.
1936 1463 1995 1524 2.
2023 1480 2081 1543 q.
2111 1463 2170 1524 2.
2197 1480 2329 1544 cap.
2350 1462 2411 1524 4.
2430 1459 2673 1536 scribit;
2700 1483 2736 1517 «
2754 1459 2908 1523 Dico
2932 1459 3158 1542 primo:

703 1560 904 1625 omnis
950 1560 1047 1626 lex
1094 1580 1203 1626 seu
1241 1564 1639 1645 praeceptum
1685 1562 1927 1647 obligat
1972 1563 2050 1626 ad
2095 1582 2220 1628 non
2258 1562 2608 1646 ponendum
2653 1560 3160 1644 impedimentum

693 1663 1060 1742 prozimum
1090 1664 1226 1727 eius
1255 1665 1654 1729 exsecutioni.
1687 1665 1987 1729 Doctores
2019 1666 2431 1730 communiter
2460 1690 2523 1727 ».

791 1763 987 1847 Atqui
1033 1766 1184 1830 haec
1229 1767 1446 1850 regula
1481 1767 1557 1831 ob
1589 1766 1848 1831 nimiam
1893 1768 2367 1852 generalitatem
2398 1768 2555 1833 falsa
2586 1785 2768 1850 saepe
2804 1766 3159 1849 reperietur.

701 1866 870 1931 Pone
903 1888 959 1931 v.
994 1888 1088 1952 gr.
1128 1888 1290 1944 eum,
1326 1869 1436 1950 qui
1467 1872 1687 1952 pergat
1733 1870 1811 1933 ad
1858 1870 2277 1951 quaerendum
2313 1870 2620 1937 medicum
2666 1869 2766 1934 vel
2794 1869 3161 1934 medicinam

701 1988 812 2052 pro
839 1972 1123 2054 aegrot03
1151 1973 1314 2035 certe
1339 1971 1618 2037 abeundo
1643 1972 1820 2054 ponit
1842 1972 2352 2055 impedimentum
2376 1972 2664 2037 audiendi
2686 1971 2970 2051 Missam,
2988 1972 3160 2036 cuius

698 2073 953 2157 signum
980 2074 1108 2138 iam
1140 2074 1344 2151 datur,
1379 2076 1478 2140 vel
1506 2076 1722 2140 ieiunii
1752 2077 1923 2140 illius
1955 2076 2095 2153 diei,
2129 2077 2182 2140 si
2211 2076 2612 2141 ieiunandum
2645 2095 2715 2141 ea
2748 2076 2847 2140 die
2877 2076 2981 2141 sit.

761 2175 1026 2256 ‚Contra
1071 2197 1216 2243 vero
1264 2179 1426 2242 male
1474 2176 1990 2243 Salmanticenses
2020 2177 2095 2242 de
2133 2178 2285 2260 Ley.
2320 2197 2453 2262 cap.
2489 2180 2550 2241 2.
2585 2198 2645 2242 n.
2689 2178 2867 2243 156.:
2909 2178 3160 2243 eandem

702 2280 989 2363 regulam
1021 2300 1273 2363 prorsus
1305 2282 1545 2346 excludi
1577 2282 1817 2358 volunt,
1853 2281 2087 2346 aientes
2117 2280 2273 2344 nihil
2302 2281 2615 2359 interesse,
2652 2300 2730 2345 an
2748 2281 3043 2361 proxime
3074 2279 3163 2344 vel

700 2388 929 2448 remote
945 2384 1244 2468 impediat
1259 2386 1683 2469 impletionem
1706 2385 2035 2468 praecepti,
2054 2382 2380 2447 dummodo
2394 2403 2534 2448 vere
2550 2382 2867 2463 impediat.
2886 2382 3160 2448 Absurde

701 2506 984 2570 prorsus;
1024 2489 1171 2570 quia
1203 2508 1326 2553 non
1357 2488 1540 2553 modo
1573 2489 1637 2552 id
1668 2507 1988 2571 perperam
2032 2488 2394 2572 intelligunt
2440 2486 2875 2553 tantummodo
2909 2488 2985 2552 de
3015 2489 3161 2552 16111-

702 2610 869 2674 pore,
918 2611 1062 2656 cum
1109 2592 1385 2672 alioquin
1432 2592 1907 2676 intelligendum
1938 2592 2024 2655 sit
2053 2591 2243 2655 etiam
2288 2590 2362 2656 de
2407 2609 2567 2655 nexu
2612 2590 3026 2670 causalitatis,
3059 2588 3159 2655 sed

699 2695 895 2759 etiam
941 2694 1087 2774 quia
1133 2693 1196 2757 id
1243 2694 1471 2758 falsum
1501 2697 1597 2759 est
1627 2695 1833 2777 quoad
1863 2695 2069 2778 ipsum
2103 2697 2357 2774 tempus.
2391 2691 2492 2758 Sic
2521 2711 2699 2758 nemo
2746 2693 3057 2772 concedet,
3090 2695 3160 2758 ut

701 2797 821 2861 iter
870 2797 1130 2878 arripias
1163 2797 1311 2861 dum
1358 2797 1490 2862 11616
1521 2799 1585 2862 61
1613 2817 1777 2862 1111116
1823 2797 2008 2882 urget
2037 2797 2190 2861 hora
2228 2796 2567 2861 audiendae
2598 2796 2827 2860 Missae
2856 2798 2922 2860 et
2953 2798 3158 2861 tamen

700 2900 1010 2978 concedet,
1045 2902 1106 2964 16
1139 2919 1316 2984 posse
1346 2901 1466 2965 iter
1503 2901 1789 2983 arripere,
1823 2900 1969 2963 licet
2000 2901 2143 2982 post
2174 2899 2415 2980 aliquot
2445 2898 2574 2962 dies
2605 2917 2678 2962 ea
2714 2897 2789 2962 de
2819 2917 3009 2963 causa
3040 2918 3156 2964 non

701 3002 900 3085 possis
932 3002 1193 3067 Missam
1225 3003 1458 3067 audire.

788 3101 969 3176 392.
1010 3105 1219 3170 Pauca
1268 3105 1582 3182 addemus,
1633 3106 1706 3168 ut
1750 3104 2122 3188 explicemus
2168 3103 2485 3188 generales
2530 3102 2672 3168 illas
2719 3101 2992 3168 Sanchez
3038 3103 3155 3167 ani-

700 3208 1157 3274 madversiones
1203 3211 1268 3273 et
1314 3209 1389 3272 ad
1439 3208 1854 3292 singularium
1898 3207 2366 3290 praeceptorum
2407 3207 2841 3271 tractationem
2889 3224 3156 3271 reserva-

699 3310 903 3375 bimus
950 3312 1226 3375 minutas
1273 3311 1345 3375 de
1392 3311 1637 3376 casibus
1684 3310 2112 3376 discussiones.

883 3414 947 3476 1⁰
979 3414 1185 3496 Igitur
1217 3413 1366 3476 dicit
1410 3413 1807 3496 spectandam
1840 3414 1967 3478 vim
1998 3415 2485 3496 praeceptorum,
2534 3430 2799 3494 quorum
2846 3412 2974 3476 alia
3018 3429 3156 3496 gra·

705 3515 926 3589 viores,
978 3514 1102 3576 alia
1148 3513 1408 3578 leviores
1455 3533 1673 3579 causas
1720 3514 1802 3578 ad
1845 3515 2260 3580 excusandum
2305 3515 2573 3600 exigant.
2622 3514 2721 3578 Ita
2768 3533 2827 3577 v.
2875 3534 2972 3599 gr.
3019 3532 3155 3578 cum

700 3617 955 3702 gravior
1002 3618 1085 3681 sit
1133 3617 1433 3702 obligatio
1467 3618 1745 3685 iustitiae
1791 3639 1981 3702 quam
2027 3620 2345 3685 fidelitatis
2377 3622 2490 3684 aut
2520 3619 2904 3685 obedientiae
2934 3637 3043 3684 seu
3072 3637 3158 3681 re-

707 3719 979 3804 ligioniS,
1014 3719 1266 3804 gravior
1301 3740 1487 3786 causa
1535 3724 1903 3805 requiretur,
1938 3724 2012 3788 ut
2042 3724 2444 3806 impotentem
2484 3725 2544 3786 16
2590 3724 2721 3787 61116
2751 3724 3003 3806 peccato
3034 3720 3159 3786 red·

699 3822 811 3887 das
844 3822 919 3886 ad
952 3822 1314 3889 solvendum
1347 3825 1616 3907 pretium
1652 3826 1742 3890 rei
1773 3828 2038 3910 emptae,
2071 3843 2258 3908 quam
2292 3826 2368 3889 ad
2405 3825 2780 3909 implendam
2811 3824 3155 3910 gratuitam

702 3927 1202 4009 promissionem:
1250 3928 1503 4012 gravior
1547 3929 1698 3992 item
1749 3928 2051 4013 obligatio
2099 3927 2398 3992 efficiendi
2443 3947 2518 3992 116
2564 3926 2919 4011 impediaris
2966 3948 3024 3991 v.
3061 3944 3154 4011 gr.

701 4030 779 4093 ab
812 4030 1192 4113 exsequendo
1228 4033 1340 4096 tuo
1371 4051 1623 4096 munere
1658 4031 1793 4095 ludi
1830 4031 2137 4116 magistri,
2168 4031 2408 4108 medici,
2442 4030 2681 4108 iudicis,
2718 4031 2937 4095 famuli
2970 4047 3155 4111 quam

698 4133 754 4196 si
786 4136 1014 4216 agatur
1044 4133 1119 4197 de
1151 4133 1284 4197 sola
1315 4133 1543 4198 Missae
1576 4136 1689 4198 aut
1718 4133 1935 4199 ieiunii
1967 4135 2314 4199 omissione.

786 4235 928 4298 Huc
959 4235 1241 4318 spectant
1271 4235 1380 4299 illa
1406 4235 1631 4301 Suarez
1657 4238 1839 4302 tract.
1873 4237 1948 4301 de
1979 4236 2230 4301 Peccat.
2258 4237 2412 4320 disp.
2449 4237 2509 4300 3.
2544 4239 2691 4301 sect.
2719 4236 2779 4299 4.
2806 4255 2866 4299 11.
2899 4237 3020 4311 10.,
3046 4232 3155 4296 ubi

698 4337 980 4419 loquitur
1012 4337 1085 4402 de
1119 4338 1497 4424 obligatione
1521 4339 1777 4405 cavendi
1800 4359 2019 4405 causas
2052 4340 2476 4417 omissionum,
2511 4359 2568 4403 v.
2601 4357 2695 4423 gr.
2722 4336 2976 4402 cavendi
2997 4353 3157 4399 mor·

701 4439 873 4516 bum,
913 4439 1021 4521 qui
1066 4440 1367 4523 impediat
1397 4460 1432 4504 a
1470 4440 1664 4507 Missa
1698 4442 2020 4520 audienda,
2060 4441 2388 4507 ieiunando
2422 4443 2566 4506 etc:
2609 4465 2643 4498 «
2668 4439 2757 4505 Ut
2784 4440 2945 4504 istae
2975 4437 3155 4502 omis·

704 4541 908 4606 siones
940 4541 1067 4605 sint
1098 4542 1486 4608 voluntariae
1516 4544 1830 4622 indirecte,
1866 4545 2110 4629 oportet
2142 4564 2264 4610 non
2295 4546 2499 4609 solum
2531 4563 2661 4609 esse
2693 4542 3019 4626 praevisas,
3044 4538 3154 4604 sed
