3529 5158
366 330 511 407 [146]
814 346 896 386 AN
934 345 1127 387 Ac‘rus
1163 346 1246 387 nx
1281 346 1683 389 conscium-in
1720 347 2013 389 nmmum
2052 348 2145 391 srr
2182 346 2380 389 noi-ms
2720 332 2826 387 139

453 439 609 514 146.
652 444 961 509 Diluenda
990 445 1086 508 est
1109 444 1444 509 difficultas
1477 445 1682 527 quoad
1713 447 1980 529 primam
2013 449 2272 530 partem,
2306 445 2436 510 scil.
2471 465 2543 510 ex
2575 465 2830 512 erronea

363 546 737 613 conscientia
770 548 998 625 actum,
1038 546 1446 611 materialiter
1482 549 1741 625 malum,
1783 568 1970 631 posse
2000 548 2121 613 dici
2152 548 2402 613 bonum.

449 650 646 714 Porro
679 648 846 731 quod
881 648 1186 714 eiusmodi
1225 650 1402 713 actus
1447 649 1646 715 bonus
1687 669 1757 714 ac
1803 650 2160 716 meritorius
2197 650 2283 714 sit
2319 653 2382 715 et
2417 650 2539 716 dici
2585 650 2824 728 debeat,

363 751 776 817 dubitandum
807 769 930 817 non
967 753 1080 816 est.
1116 752 1216 816 Ita
1247 749 1474 816 Suarez
1514 752 1577 816 in
1616 754 1673 817 1.
1701 754 1761 816 2.
1790 755 1869 818 tr.
1898 754 1959 817 3.
1986 753 2144 836 disp.
2176 754 2277 818 12.
2305 756 2451 819 sect.
2480 755 2541 816 4.
2567 774 2628 818 n.
2656 755 2717 817 8.
2742 755 2827 830 et,

365 877 437 921 ne
473 856 684 939 plures
714 854 1086 939 singillatim
1121 873 1566 932 recenseamuS,
1601 856 1885 920 Becanus
1918 855 1991 919 (Ic
2023 856 2169 920 Act.
2204 854 2370 920 hum.
2399 876 2531 939 cap.
2565 857 2626 920 4.
2664 876 2721 937 q.
2768 856 2827 919 7.

362 980 420 1023 n.
450 960 541 1022 2.:
576 958 641 1021 et
676 954 1192 1021 Salmanticenses
1219 958 1399 1020 tract.
1429 958 1534 1020 20.
1563 977 1694 1040 cap.
1726 960 1786 1021 5.
1813 978 1874 1022 n.
1905 958 1984 1021 21
2015 959 2173 1023 hanc
2205 958 2421 1023 dicunt
2452 978 2832 1022 communem

363 1059 735 1126 sententiam
780 1058 1259 1143 Theologorum,
1300 1056 1484 1123 Oroix
1520 1058 1628 1122 lib.
1674 1061 1731 1122 1.
1766 1080 1827 1123 ιι.
1872 1060 1973 1123 15.
2013 1061 2198 1125 vocat
2240 1062 2828 1133 σοιηηειιηιζςείηιαηι,

362 1159 671 1226 Cal-denas
712 1157 876 1224 Ori&
919 1158 1129 1223 Theol.
1164 1160 1324 1243 part.
1365 1161 1427 1224 3.
1469 1160 1624 1243 disp.
1662 1161 1767 1225 56.
1808 1180 1868 1225 ιι.
1909 1161 2101 1226 1307.
2137 1163 2323 1226 vocat
2366 1164 2709 1226 certissime
2740 1183 2832 1224 ve-

365 1285 499 1327 ram
537 1265 621 1339 et,
656 1264 730 1327 ut
765 1263 1037 1344 reliquos
1071 1263 1455 1338 omittamuS,
1491 1282 1540 1327 s.
1566 1262 1925 1345 Alphonsus
1959 1263 2067 1327 lib.
2109 1264 2164 1328 1.
2200 1285 2259 1328 ιι.
2290 1265 2349 1327 6.
2385 1264 2536 1329 dicit
2572 1284 2833 1328 commu-

366 1367 693 1430 nias-imam
738 1368 944 1448 atque,
977 1366 1077 1430 uti
1108 1366 1272 1448 apud
1304 1365 1509 1448 ipsum
1546 1365 1752 1429 videre
1791 1367 1904 1441 est,
1942 1367 2253 1431 consentit
2284 1367 2474 1432 etiam
2507 1364 2827 1444 Cuniliati,

364 1470 487 1534 imo
520 1490 593 1534 ex
624 1471 803 1552 parte
829 1468 980 1533 ibid.
1013 1488 1072 1532 n.
1113 1468 1168 1531 7.
1210 1468 1400 1533 etiam
1431 1467 1655 1531 Daniel
1685 1465 1976 1533 Concina.

452 1574 575 1637 Pro
633 1571 919 1656 opposita
974 1571 1153 1636 stetit
1206 1589 1345 1635 cum
1394 1571 1607 1653 paucis
1655 1570 2027 1652 quibusdam
2074 1572 2396 1648 Franzoia,
2438 1591 2622 1654 quem
2676 1572 2834 1636 citat

367 1695 413 1739 S.
446 1675 805 1758 Alphonsus
835 1674 877 1737 l.
919 1675 975 1737 1.
1010 1673 1165 1736 n..7.
1210 1676 1274 1737 et
1319 1673 1427 1754 qui
1472 1675 1757 1738 nostrum
1803 1675 2141 1739 Auctorem
2186 1674 2353 1739 notis
2400 1673 2833 1757 conspurcavit

367 1779 427 1842 et
457 1796 599 1841 cum
632 1775 935 1841 Franzoia
967 1775 1183 1841 deinde
1215 1775 1456 1857 aliquot
1487 1794 1558 1840 ex
1589 1775 1947 1841 recentioris
1979 1776 2407 1859 philosophiae
2438 1776 2829 1852 doctoribus3

365 1900 397 1944 e
442 1879 672 1962 quibus
718 1879 963 1942 utinam
1007 1882 1148 1942 tum
1194 1878 1345 1942 haec
1391 1881 1528 1942 tum
1576 1878 1703 1943 alia
1749 1878 2057 1960 quaedam
2103 1898 2227 1943 non
2273 1879 2835 1961 transscripsissent

366 1982 480 2047 fide
527 1982 711 2058 bona,
761 1980 865 2046 sed
912 2000 1034 2046 non
1082 1982 1268 2045 cauta
1315 1983 1380 2045 et
1425 1980 1678 2061 quidam
1712 1984 1962 2046 nostrae
1996 1981 2225 2047 aetatis
2274 1984 2337 2045 et
2382 1982 2694 2066 regionis!
2744 2018 2829 2028 —-

364 2084 594 2149 Dicunt
626 2082 919 2166 isti(Vid.
938 2081 1242 2147 Solimani
1262 2080 1530 2146 Etbicae
1554 2084 1714 2165 part.
1756 2084 1813 2146 1.
1834 2086 1980 2147 sect.
2010 2084 2071 2147 3.
2092 2085 2210 2147 art.
2240 2085 2300 2147 2.
2327 2102 2470 2168 pag.
2499 2084 2828 2148 ala-217.

362 2192 489 2254 not.
525 2188 694 2271 37.):
742 2213 776 2244 «
810 2206 847 2252 a
877 2204 927 2250 S.
980 2186 1219 2250 Thoma
1265 2185 1330 2249 id
1377 2186 1628 2249 tantum
1677 2185 1978 2249 affirmari
2025 2187 2435 2263 voluntatem,
2485 2206 2643 2268 quae
2691 2207 2830 2251 cum

361 2291 601 2356 ratione
648 2290 778 2354 sine
824 2289 1009 2371 culpa
1038 2288 1403 2363 consentiat,
1450 2308 1578 2351 non
1610 2308 1738 2351 esse
1771 2287 2022 2364 nealam,
2055 2308 2177 2353 non
2211 2292 2421 2353 autem
2454 2290 2662 2365 asseri,
2696 2309 2832 2355 eam

365 2412 494 2457 esse
541 2394 790 2457 bonam.
840 2391 1007 2455 Fieri
1054 2391 1218 2454 enim
1264 2392 1472 2472 potest
1518 2390 1752 2472 (inquit
1799 2389 2148 2475 Solimani),
2198 2393 2272 2456 ut
2317 2390 2401 2465 id,
2444 2392 2609 2473 quod
2658 2412 2692 2455 a
2741 2377 2834 2456 ra-

365 2496 531 2560 tione
579 2496 823 2558 errante
868 2493 1256 2577 proponitur,
1291 2495 1513 2576 suapte
1544 2495 1772 2557 natura
1804 2493 1887 2558 sit
1917 2513 2208 2577 pravum;
2242 2496 2382 2558 tum
2414 2513 2579 2571 vero,
2613 2494 2666 2558 si
2698 2493 2830 2572 fiat,

365 2619 482 2664 non
530 2597 782 2681 quidem
826 2597 981 2661 vitio
1030 2597 1211 2674 verti,
1247 2596 1351 2660 sed
1398 2615 1595 2680 neque
1642 2616 1753 2680 pro
1803 2597 2062 2662 honesto
2101 2597 2314 2662 haberi
2347 2598 2597 2681 poterit.
2645 2598 2828 2676 Nam,

365 2705 521 2766 teste
568 2699 783 2765 eodem
828 2718 878 2763 S.
910 2700 1180 2763 Doctore
1211 2698 1254 2761 l.
1291 2699 1350 2761 2.
1386 2718 1447 2780 q.
1486 2699 1585 2762 19.
1623 2718 1681 2762 a.
1717 2699 1779 2763 6.
1814 2699 1891 2764 ad
1922 2701 2000 2774 1.,
2035 2700 2268 2764 bonum
2313 2703 2612 2765 causatur
2642 2720 2712 2765 ex
2743 2701 2831 2764 in·

366 2809 541 2889 tegra
587 2821 799 2879 causa,
844 2801 1086 2865 malum
1133 2803 1345 2865 autem
1392 2820 1464 2865 ex
1511 2801 1934 2887 singularibus
1967 2802 2304 2868 defectibus
2337 2804 2402 2868 et
2435 2803 2572 2868 ideo
2606 2804 2684 2868 ad
2715 2804 2832 2868 hoc

366 2907 529 2989 quod
576 2905 824 2970 dicatur
866 2905 1108 2968 malum
1153 2903 1236 2980 id,
1285 2903 1350 2968 in
1397 2903 1562 2985 quod
1610 2903 1811 2969 fertur
1855 2905 2169 2982 voluntas,
2219 2905 2471 2983 sufficit,
2506 2905 2634 2970 sive
2666 2906 2829 2987 quod

366 3009 701 3074 secundnm
734 3025 913 3072 suam
944 3009 1238 3070 naturam
1271 3005 1357 3070 sit
1383 3006 1623 3071 malum
1655 3007 1786 3072 sive
1818 3010 1891 3071 ut
1922 3008 2421 3091 apprehendatur
2451 3010 2526 3072 ut
2553 3008 2828 3083 malum3

368 3112 466 3176 sed
494 3111 569 3175 ad
597 3110 713 3175 hoc
738 3108 900 3192 quod
926 3109 1011 3172 sit
1034 3109 1285 3183 bonum,
1312 3109 1670 3191 requiritur,
1706 3109 1869 3190 quod
1896 3111 2162 3191 utroque
2185 3109 2371 3174 modo
2404 3109 2488 3171 sit
2510 3109 2743 3172 bonnm
2768 3134 2829 3172 ».

451 3215 689 3278 Verum
735 3231 811 3276 en
856 3211 1069 3293 itaque
1114 3211 1289 3276 locus
1334 3211 1695 3294 paralleluS,
1728 3211 1838 3274 ubi
1884 3230 1932 3274 s.
1967 3210 2240 3274 Thomas
2287 3210 2513 3273 bonum
2560 3210 2834 3292 appellat

370 3317 422 3381 id
458 3315 625 3399 quod
649 3314 724 3378 fit
756 3333 827 3378 ex
858 3313 1233 3378 conscientia
1255 3312 1717 3387 invincibiliter,
1744 3329 1999 3375 erronea
2034 3313 2092 3374 2.
2129 3310 2272 3375 dist.
2308 3312 2412 3374 39.
2448 3330 2506 3392 q.
2535 3312 2594 3374 3.
2624 3315 2744 3373 art.
2771 3312 2833 3373 3.

371 3419 462 3483 ad.
501 3420 588 3482 1.:
632 3443 665 3475 «
698 3415 1061 3490 Dicendum,
1095 3415 1263 3498 quod
1292 3414 1579 3497 quamvis
1611 3413 1787 3490 illud,
1821 3413 1989 3496 quod
2018 3413 2182 3478 ratio
2230 3413 2445 3491 dictat,
2479 3433 2586 3496 per
2617 3433 2681 3478 se
2713 3432 2835 3478 non

370 3522 449 3586 sit
471 3519 812 3590 secundum
841 3519 1043 3604 legem
1074 3518 1209 3595 Dei,
1242 3537 1354 3584 nec
1371 3538 1495 3597 per
1523 3535 1589 3581 se
1628 3516 1890 3590 benamu
1922 3520 2131 3582 tamen
2151 3537 2273 3598 per
2302 3516 2588 3580 accidens
2612 3521 2705 3582 est
2742 3537 2838 3582 se-

368 3625 633 3690 cundum
664 3624 868 3708 legem
898 3622 1014 3687 Dei
1038 3623 1202 3687 sicut
1223 3625 1288 3686 et
1312 3621 1557 3698 bonum,
1590 3621 1653 3685 in
1686 3622 1993 3703 quantum
2016 3621 2179 3685 ratio
2207 3620 2610 3704 apprehendit
2631 3621 2836 3703 ipsum

371 3733 439 3792 ut
484 3726 823 3792 secundum
853 3725 1055 3810 legem
1088 3724 1203 3789 Dei
1249 3725 1313 3788 et
1358 3724 1625 3800 bonum;
1662 3725 1725 3788 et
1757 3722 1893 3787 ideo
1928 3722 2231 3804 sequitur,
2265 3723 2429 3805 quod
2464 3723 2839 3788 conscientia

369 3850 574 3896 errans
599 3850 708 3913 per
740 3828 1017 3894 accidens
1048 3828 1285 3913 obliget
1322 3831 1385 3892 et
1415 3847 1538 3893 non
1572 3847 1677 3911 per
1709 3847 1773 3893 se
1804 3853 1868 3891 ».

454 3932 722 3998 Proinde
768 3931 1125 3996 huiusmodi
1174 3934 1351 3994 actus
1397 3950 1519 3995 non
1552 3931 1802 4020 dubitat
1835 3951 1884 3994 s.
1920 3932 2155 3995 Doctor
2187 3930 2497 4012 appellare
2536 3930 2840 3993 virtuosos

371 4040 430 4100 et
474 4036 688 4099 meriti
718 4052 990 4117 capaces.
1024 4034 1125 4096 Ita
1181 4031 1401 4112 Quodl.
1453 4034 1513 4095 3.
1549 4035 1670 4097 art.
1721 4033 1827 4096 27.
1876 4032 1983 4096 ubi
2031 4029 2358 4113 respondet
2405 4030 2482 4094 ad
2529 4030 2839 4111 quaestio-

370 4158 539 4204 nem:
602 4137 833 4204 Utrum
876 4136 1254 4199 conscientia
1300 4155 1562 4198 erronea
1632 4134 1787 4215 lefyet
1829 4133 1917 4197 ad
1957 4137 2320 4213 peceatum:
2391 4159 2425 4192 «
2474 4132 2836 4212 Dicendum,

372 4242 530 4323 quod
577 4259 724 4305 cnm
772 4241 949 4303 actus
995 4239 1253 4321 recipiat
1299 4237 1561 4321 speciem
1609 4237 1688 4300 ab
1735 4237 1995 4312 obiecto,
2045 4255 2165 4301 non
2211 4236 2431 4320 recipit
2464 4237 2727 4320 speciem
2762 4238 2840 4301 ab

373 4362 440 4408 eo
496 4341 841 4408 secundum
897 4340 1227 4403 neoterium
1287 4339 1527 4416 obiecti,
1576 4337 1681 4403 sed
1736 4339 2075 4402 secundum
2136 4339 2445 4402 ratiovaem
2507 4339 2751 4402 obiecti.
2784 4387 2799 4402 .
2829 4389 2842 4402 .

374 4444 585 4510 Omnis
633 4445 849 4508 autem
898 4442 1074 4506 actus
1120 4442 1429 4506 humanus
1475 4441 1665 4505 habet
1711 4440 2019 4505 rationem
2054 4441 2302 4520 peceati
2331 4441 2429 4506 vel
2469 4443 2680 4503 meriti
2724 4443 2845 4522 (at-

372 4547 548 4612 tende
579 4545 661 4611 ad
708 4543 1066 4609 huiusmodi
1113 4543 1600 4626 disiunctivam),
1634 4542 1695 4606 in
1745 4544 2051 4624 quantum
2085 4546 2180 4607 est
2212 4543 2641 4608 voluntarius:
2678 4544 2844 4608 obie—
