3529 5158
337 335 481 412 [563]
1002 352 1386 396 nnnnma‘no
1423 351 1793 394 6611666616
1828 351 2146 394 6666111611
2697 341 2805 397 513

424 444 600 518 582.
644 450 893 533 Duplici
941 453 1152 516 autem
1184 470 1257 516 ex
1286 469 1475 514 causa
1506 451 1657 513 haec
1703 468 1752 512 s.
1787 448 1972 531 Alph.
2024 449 2192 514 dicta
2236 451 2444 516 minus
2482 454 2631 516 sunt
2677 453 2805 517 effi-

339 569 525 616 66616.

423 653 635 718 Prima
681 656 796 731 est,
846 656 994 737 quia
1040 675 1252 720 6111666
1297 655 1441 719 11166
1490 654 1896 738 allegationes
1928 654 2010 735 (si
2048 655 2395 741 Roncaglia
2441 658 2707 739 excipias
2740 662 2807 724 et

335 754 494 820 forte
540 756 913 834 Holzmann,
962 777 1145 840 quem
1207 758 1413 822 videre
1460 775 1580 821 non
1628 757 1855 839 potui),
1906 759 2055 822 sunt
2102 759 2211 822 abs
2260 778 2344 822 re.
2393 756 2595 841 Culpa
2652 760 2807 824 haec

335 860 541 922 tamen
574 857 719 922 falsi
750 860 1093 924 testimonii
1124 878 1249 925 non
1279 861 1375 924 est
1404 879 1453 923 s.
1479 859 1805 941 Alphonsi,
1840 860 1944 924 sed
1977 859 2582 939 Salmanticensium,
2620 882 2803 945 penes

335 978 490 1040 quos
523 960 785 1044 allegari
815 962 930 1026 hos
968 962 1104 1025 DD.
1145 981 1193 1025 S.
1228 961 1413 1045 Alph.
1449 961 1650 1044 reipsa
1698 961 1871 1025 dicit.

421 1067 505 1131 Et
541 1067 667 1130 dixi
713 1066 1230 1133 Salmanticenses
1276 1069 1378 1149 (ex
1422 1068 1665 1132 defectu
1712 1069 2037 1132 accuratae
2075 1069 2466 1153 diligentiae)
2499 1088 2636 1134 reos
2669 1089 2802 1136 6666

334 1169 519 1234 huius
564 1169 710 1234 falsi
757 1171 1126 1246 testimonii3
1176 1171 1324 1252 quia
1371 1172 1552 1235 tract.
1590 1171 1694 1233 20.
1729 1189 1862 1252 cap.
1904 1170 2004 1233 13.
2039 1191 2100 1235 n.
2137 1171 2241 1235 56.
2276 1171 2371 1236 ita
2415 1172 2696 1237 scribunt
2726 1173 2803 1237 de

334 1272 541 1350 vidua,
592 1293 751 1355 quae
798 1275 1137 1340 delectetur
1188 1277 1349 1339 circa
1395 1274 1683 1357 copulam
1730 1275 2167 1357 praeteritam:
2225 1275 2438 1339 Prima
2491 1277 2803 1341 sententia

331 1374 594 1459 (inquit)
625 1377 864 1454 asserit,
898 1378 1089 1442 talem
1120 1376 1593 1442 delectationem
1622 1376 1749 1439 sive
1787 1376 2130 1441 voluntatis
2160 1378 2289 1442 sive
2318 1378 2632 1457 appetitus
2667 1399 2803 1442 sen-

329 1477 507 1540 siiivi
550 1497 679 1543 esse
724 1479 1120 1555 letalem,etsi
1163 1498 1291 1543 non
1333 1478 1507 1542 adsit
1548 1497 1885 1543 consensus
1936 1480 2279 1562 periculum
2324 1484 2441 1544 aut
2481 1483 2824 1545 commotio-

330 1582 536 1643 motus
567 1578 908 1644 libidinosi.
949 1582 1051 1644 Ita
1082 1581 1383 1661 Vasquez,
1419 1578 1709 1656 Sanchez,
1742 1579 1924 1656 Azor,
1953 1581 2203 1657 PalauS,
2237 1582 2537 1665 Layman,
2576 1584 2800 1660 Diana,

329 1681 640 1761 Corduba,
667 1685 890 1767 Lopez‚
918 1685 1115 1766 'Papia
1148 1686 1212 1747 et
1237 1684 1344 1747 alii
1368 1685 1483 1746 etc.
1510 1682 1793 1762 Quorum
1817 1683 2292 1749 fundamentum
2324 1689 2438 1761 est,
2473 1687 2622 1767 quia
2653 1687 2803 1751 talis

326 1786 662 1852 delectatio
692 1786 947 1869 respicit
992 1786 1279 1868 copulam
1311 1787 1386 1849 ut
1417 1787 1803 1868 praesentem
1836 1789 2051 1868 estque
2082 1787 2254 1851 illius
2287 1788 2624 1864 inchoatiO,
2659 1808 2802 1854 cum

324 1888 553 1952 afferat
576 1908 817 1967 semper
831 1888 1310 1953 commotionem
1333 1887 1670 1969 spirituum
1686 1887 2164 1953 deservientium
2186 1889 2574 1973 generationi
2599 1892 2715 1954 etc.
2736 1916 2797 1954 ».

415 1990 508 2054 At
551 1990 617 2053 in
664 1990 880 2073 primis
926 1990 1077 2054 haec
1121 1988 1343 2054 relatio
1391 1989 1735 2055 sententiae
1770 2010 1889 2055 non
1940 1991 2274 2056 admodum
2324 1993 2442 2057 sibi
2490 1993 2799 2057 cohaeret.

326 2092 582 2167 Dicunt,
631 2094 745 2157 hos
792 2092 1073 2156 doctores
1137 2110 1377 2156 censere
1421 2092 1675 2156 letalem
1737 2092 2232 2173 delectationem,
2283 2095 2403 2159 etsi
2453 2115 2582 2159 non
2632 2094 2807 2158 adsit

327 2195 649 2258 commotio
672 2192 1013 2258 libidinosa
1043 2195 1107 2258 et
1136 2192 1277 2257 dein
1308 2193 1564 2270 addunt,
1603 2194 1717 2258 hos
1741 2195 2023 2261 doctores
2053 2216 2296 2262 censere
2326 2197 2800 2263 delectationem

325 2296 600 2374 letalem,
631 2297 780 2379 quia
810 2316 1051 2376 semper
1073 2295 1337 2359 habetur
1365 2297 1685 2360 commotio
1716 2296 1835 2360 illa
1866 2297 2223 2364 libidinosa.
2259 2300 2430 2380 Quae
2461 2300 2584 2365 duo
2618 2301 2801 2384 plane

324 2402 696 2485 repugnant.
736 2398 900 2464 Nam
931 2399 986 2463 si
1014 2399 1152 2462 ideo
1200 2397 1500 2462 damnant
1546 2417 1682 2462 eam
1720 2398 2215 2479 delectationem,
2250 2403 2398 2483 quia
2429 2403 2618 2466 habet
2654 2421 2799 2466 eum

326 2501 633 2578 effectum,
668 2520 791 2566 non
823 2503 1086 2586 possunt
1130 2498 1444 2576 damnare,
1494 2500 1548 2564 si
1592 2502 1722 2564 ista
1748 2502 1917 2564 ratio
1949 2501 2127 2581 desit,
2178 2503 2308 2567 6611.
2357 2504 2420 2567 16
2468 2504 2800 2589 hypothesi

324 2604 635 2688 (possibili
660 2624 740 2669 an
763 2603 1153 2687 impossibili,
1180 2603 1336 2667 nihil
1367 2603 1673 2686 interest),
1698 2601 1866 2685 quod
1890 2623 2014 2669 non
2037 2605 2293 2669 haberet
2322 2625 2466 2671 eum
2490 2606 2795 2671 66661616.

412 2704 591 2778 563.
628 2706 746 2771 Sed
782 2707 954 2771 labes
985 2724 1107 2771 non
1140 2705 1344 2770 minus
1376 2705 1586 2789 gravis
1619 2706 1889 2770 occurrit
1918 2707 1981 2770 in
2006 2707 2188 2772 thesi.
2229 2708 2394 2771 Nam
2425 2728 2499 2773 ex
2529 2710 2796 2774 istorum

323 2810 484 2875 dicto
510 2809 654 2875 DD.
682 2809 776 2873 illi
799 2808 1165 2873 damnarent
1195 2827 1307 2872 ceu
1329 2808 1582 2872 letalem
1606 2808 1800 2872 etiam
1834 2806 2312 2875 delectationem
2334 2830 2543 2876 merae
2575 2813 2799 2877 volun-

324 2913 491 2989 tatis,
535 2912 667 2976 scil.
703 2930 891 2993 quam
923 2910 1190 2975 diximus
1218 2910 1609 2974 rationalem.
1637 2909 1837 2992 Atqui
1868 2912 1985 2977 hoc
2016 2931 2206 2994 quam
2238 2913 2645 2978 falsissimum
2678 2915 2793 2978 est.

322 3014 391 3078 ld
421 3016 516 3079 sin
554 3013 763 3078 minus
810 3013 883 3077 de
930 3013 1237 3090 omnibus,
1276 3013 1500 3077 saltem
1548 3011 1621 3077 de
1670 3014 2005 3090 6666111116,
2056 3014 2135 3077 ad
2180 3015 2504 3079 vitandam
2552 3016 2798 3096 prolixi-

325 3116 542 3195 tatem,
580 3117 995 3182 ostendemus.

411 3220 710 3304 Allegant
740 3219 955 3299 itaque
985 3236 1096 3300 pro
1130 3216 1246 3280 tali
1277 3215 1582 3280 sententia
1616 3216 1899 3296 Vasquez
1930 3215 1995 3278 in
2026 3217 2082 3279 1.
2119 3213 2179 3279 2.
2206 3215 2362 3297 disp.
2396 3217 2541 3279 114.
2568 3235 2701 3298 cap.
2732 3219 2793 3281 2.

327 3338 389 3383 n.
409 3322 469 3383 3.
496 3320 692 3402 Atqui
715 3320 998 3401 Vasquez
1023 3319 1201 3401 (utut
1233 3317 1553 3382 anomalas
1576 3315 1650 3380 de
1673 3317 1793 3380 1166
1824 3318 2192 3400 argumento
2218 3316 2491 3380 theorias
2518 3317 2793 3399 alioquin

329 3421 586 3506 habeat)
616 3424 806 3507 negat
833 3421 1165 3487 mortalem
1196 3438 1327 3485 esse
1364 3418 1836 3483 delectationem
1873 3418 2240 3497 voluntatis,
2279 3419 2611 3483 mortalem
2651 3439 2795 3486 vero

328 3525 479 3590 dicit
509 3526 713 3592 solum
747 3524 1220 3590 delectationem
1250 3538 1592 3586 veneream.
1626 3521 1718 3585 En
1750 3520 1952 3603 prima
1984 3520 2117 3585 6166
2150 3521 2345 3585 thesis
2377 3521 2419 3585 l.
2456 3542 2545 3585 c.:
2580 3546 2614 3579 ‹<
2641 3523 2795 3589 Dico

328 3627 525 3711 igitur
571 3629 873 3713 primum:
923 3627 977 3691 61
1024 3628 1200 3690 actus
1238 3623 1559 3708 praeteriti
1593 3622 1869 3707 coniugii
1901 3623 2001 3687 vel
2044 3623 2263 3702 futuri,
2300 3624 2797 3707 apprehendatur

331 3732 597 3797 secundo
645 3732 709 3794 et
755 3729 941 3794 tertio
1003 3728 1188 3792 modo
1235 3726 1395 3807 (scil.
1443 3726 1560 3791 sub
1605 3725 1805 3809 666616
1851 3726 1998 3790 11661
2041 3726 2287 3792 honesti
2342 3728 2441 3791 vel
2488 3730 2797 3794 commodi

333 3852 440 3898 6611
485 3832 715 3916 utilis),
748 3851 871 3896 non
907 3832 1003 3896 est
1032 3831 1355 3914 peccatum
1384 3829 1649 3892 mortale
1694 3828 1989 3892 delectari
2018 3828 2091 3892 de
2122 3829 2252 3905 illo,
2285 3829 2412 3893 imo
2447 3830 2510 3892 et
2541 3829 2800 3894 virtutis

332 3940 508 4003 actus
556 3956 691 4003 esse
739 3937 946 4020 potest
990 3938 1054 3999 et
1098 3934 1214 3997 hac
1260 3931 1502 3997 ratione
1565 3933 1906 4014 approbare
1954 3931 2360 4013 praeteritum
2405 3932 2469 3994 et
2515 3931 2801 3997 futurum

332 4042 396 4105 et
439 4042 513 4106 de
560 4043 831 4122 utroque
885 4038 1177 4103 delectari
1221 4037 1321 4102 vel
1368 4034 1559 4099 etiam
1619 4033 1950 4097 efficaciter
1995 4031 2151 4096 velle
2196 4031 2484 4096 futurum
2536 4052 2661 4097 non
2707 4036 2805 4100 est

334 4148 659 4227 peccatum
691 4143 975 4217 mortale,
1001 4141 1129 4205 imo
1160 4142 1226 4204 et
1256 4140 1432 4204 actus
1464 4136 1720 4201 virtutis
1749 4154 1881 4199 6666
1912 4135 2181 4217 potest...
2209 4135 2444 4200 Deinde
2475 4135 2803 4203 dicendum

335 4251 447 4326 est,
488 4249 543 4312 61
595 4249 772 4311 actus
819 4243 1092 4328 coniugii
1136 4240 1460 4326 praeteriti
1492 4239 1591 4304 vel
1622 4238 1824 4304 futuri
1872 4237 2370 4321 apprehendatur
2407 4239 2524 4303 sub
2559 4240 2803 4307 ratione

330 4350 683 4415 delectabili
744 4365 1093 4421 venerea...,
1147 4363 1276 4410 esse
1322 4345 1643 4427 peccatum
1703 4340 1968 4405 mortale
2001 4364 2062 4404 ».
2103 4340 2187 4403 Et
2237 4341 2546 4406 rationem
2599 4344 2801 4409 reddit

332 4453 505 4536 (ibid.
557 4475 619 4517 n.
671 4453 780 4536 5.),
815 4450 962 4532 quia
1008 4468 1150 4513 cnm
1188 4473 1224 4507 «
1256 4447 1584 4512 delectatio
1632 4444 1968 4510 secundum
2015 4463 2078 4508 se
2125 4444 2380 4527 expendi
2424 4445 2663 4525 debeat,
2709 4469 2800 4512 an

490 4617 782 4668 Rammium,
811 4610 982 4656 Moral.
1013 4610 1165 4653 Tomo
1190 4607 1231 4650 1.
2579 4606 2633 4647 33
