3529 5158
347 382 498 457 [132]
1077 397 1227 446 Qum
1269 398 1668 442 conseram-ra
1706 400 2082 443 simorum-ers
2705 388 2809 444 125

433 493 576 559 Non
607 495 842 572 autem,
877 513 908 559 e
940 496 1245 560 sententia
1283 516 1331 562 s.
1366 495 1661 575 Thomae,
1695 497 2040 582 synderesis
2087 499 2183 562 est
2218 484 2491 583 cognitio
2538 497 2811 578 ,spec-ula-

352 598 475 659 tiva
520 596 966 679 principiorum
1013 598 1461 663 universalium
1500 600 1577 663 ad
1614 600 1766 664 bene
1814 600 2164 664 vivendum.
2198 600 2362 664 Nam
2408 619 2483 664 en
2528 601 2811 665 doctrina

348 719 395 763 S.
428 699 706 765 Thomae
741 700 800 762 1.
827 719 885 781 q.
918 699 1020 763 79.
1048 702 1167 765 art.
1199 702 1337 765 11.:
1372 727 1407 760 «
1432 699 1782 766 Secundum
1817 703 1938 767 hoc
1972 702 2267 767 differunt
2301 702 2654 767 intellectus
2682 723 2813 782 spe-

347 799 655 865 culativi&-
684 805 747 864 et
760 803 1126 881 practicus;
1172 822 1319 867 nam
1362 804 1716 868 intellectus
1752 803 2170 883 speculativa-s·
2205 806 2319 882 est,
2353 805 2463 886 qui
2498 805 2664 886 quod
2711 824 2814 887 ap-

349 902 689 986 prehendit,
721 921 847 968 non
880 903 1128 969 ordinat
1173 905 1251 969 ad
1298 924 1473 988 opuS,
1513 906 1619 970 sed
1665 905 1744 969 ad
1790 906 1991 971 solam
2037 906 2323 970 veritatis
2361 906 2809 990 cognitionem3

336 1006 661 1085 practicus
706 1025 851 1071 vero
898 1006 1251 1072 intellectus
1283 1007 1529 1084 dicitur,
1579 1008 1688 1089 qui
1732 1008 1868 1083 hoc,
1903 1006 2068 1089 quod
2108 1007 2531 1091 apprehendit,
2567 1007 2814 1071 ordinat

349 1107 425 1171 ad
462 1126 621 1190 opus
646 1133 708 1172 ».
743 1108 827 1172 Et
861 1108 1009 1173 ibid.
1051 1109 1130 1173 ad
1169 1111 1267 1174 2.:
1308 1134 1344 1167 «
1368 1108 1694 1173 Obiectum
1738 1109 2093 1174 intellectus
2142 1109 2401 1191 practici
2436 1111 2531 1174 est
2578 1110 2810 1174 bonum

350 1208 690 1274 ordinabile
737 1210 815 1274 ad
864 1228 1019 1293 opus
1066 1211 1182 1275 sub
1227 1211 1469 1276 ratione
1515 1211 1664 1275 veri.
1704 1211 2067 1275 Intellectus
2106 1210 2270 1275 enim
2302 1210 2612 1293 practicus
2661 1212 2812 1275 veri-

350 1312 544 1376 tatem
591 1312 930 1396 cognoscit,
981 1312 1145 1376 sicut
1188 1313 1631 1396 speculativuS,
1681 1313 1787 1378 sed
1824 1313 2153 1378 veritatem
2200 1313 2520 1397 cognitam
2567 1313 2815 1377 ordinat

351 1414 425 1479 ad
472 1433 631 1497 opus
654 1440 718 1479 ».

436 1513 778 1580 Clariorem
815 1516 1133 1582 notionem
1178 1517 1523 1603 synderesis
1569 1518 1868 1583 habemus
1905 1518 1970 1582 in
2009 1518 2126 1581 hoc
2171 1516 2308 1581 loco
2357 1536 2405 1581 s.
2433 1516 2708 1582 Thomae
2739 1516 2814 1580 de

366 1618 557 1683 Verit.
590 1639 651 1701 q.
690 1618 793 1683 16.
822 1622 939 1685 art.
970 1622 1066 1685 1.:
1101 1646 1136 1679 «
1160 1622 1234 1685 In
1264 1624 1492 1687 natura
1538 1622 1834 1697 humana,
1873 1622 1937 1685 in
1976 1622 2283 1702 quantum
2323 1620 2587 1704 attingit
2615 1622 2816 1705 Ange—

348 1722 551 1798 licam,
587 1724 838 1806 oportet
871 1742 1003 1788 esse
1033 1724 1453 1809 cognitionem
1485 1723 1770 1789 veritatis
1807 1724 1939 1788 sine
1973 1722 2377 1804 inquisitione
2407 1724 2473 1786 et
2506 1723 2570 1786 in
2607 1742 2818 1804 specu-

349 1824 561 1888 lativis
593 1825 658 1888 et
687 1824 752 1888 in
800 1825 1108 1907 practicis,
1150 1825 1234 1889 Et
1262 1826 1423 1890 hanc
1459 1825 1708 1907 quidem
1744 1824 2163 1909 cognitionem
2203 1824 2451 1908 oportet
2486 1842 2618 1889 esse
2654 1824 2818 1906 prin-

348 1926 579 2010 cipium
628 1926 825 1991 totius
872 1927 1246 2011 cognitionis
1292 1926 1607 2010 sequentis
1653 1927 1782 1992 sive
1829 1926 2249 2010 speculativae
2298 1925 2428 1991 sive
2472 1926 2812 2009 practicae3

348 2047 487 2092 cum
526 2028 829 2111 principia
866 2029 1153 2112 oporteat
1189 2048 1320 2095 esse
1350 2028 1674 2095 stabiliora
1709 2030 1776 2094 et
1805 2028 2088 2107 certiora,
2124 2028 2284 2092 unde
2326 2030 2389 2092 et
2420 2029 2579 2092 hanc
2610 2028 2818 2112 cogni-

349 2132 583 2196 tionem
630 2132 878 2213 oportet
923 2131 1161 2196 homini
1193 2132 1566 2196 naturaliter
1609 2131 1827 2209 inesse,
1866 2148 2009 2195 cum
2046 2132 2162 2196 hoc
2194 2130 2444 2212 quidem
2481 2134 2820 2216 cognoscat

349 2231 527 2313 quasi
550 2231 864 2313 quoddam
888 2232 1290 2297 seminarium
1314 2233 1511 2297 totius
1535 2232 1910 2317 cognitionis
1926 2232 2335 2314 sequentisz...
2355 2234 2604 2314 oportet
2625 2233 2818 2296 etiam

349 2333 505 2398 hanc
537 2333 958 2418 cognitionem
988 2328 1376 2400 habitualem
1397 2352 1549 2412 esse,
1588 2335 1665 2398 ut
1691 2334 1759 2398 in
1798 2336 2089 2417 promptu
2114 2335 2375 2399 exsistat
2412 2353 2485 2399 ea
2522 2335 2638 2413 uti,
2675 2354 2818 2398 cum

345 2435 537 2500 fuerit
572 2453 834 2500 necesse.
873 2433 1056 2500 Sicut
1079 2439 1291 2499 autem
1317 2437 1567 2500 anime
1596 2434 1907 2500 humanae
1937 2440 2032 2500 est
2059 2436 2316 2516 quidam
2352 2435 2604 2499 habitus
2640 2440 2819 2499 natu-

348 2536 528 2612 ralis,
562 2557 684 2619 quo
716 2538 1044 2619 principia
1087 2537 1471 2619 speculativa
1504 2538 1913 2603 scientiarum
1956 2539 2286 2622 coynoscit,
2325 2558 2506 2619 quem
2535 2558 2821 2604 voca-mus

349 2639 730 2705 intellectum
761 2641 1264 2721 principiorum;
1316 2642 1411 2705 ita
1453 2642 1525 2705 in
1568 2642 1710 2721 ipsa
1753 2645 1850 2705 est
1889 2640 2147 2722 quidam
2190 2640 2443 2706 habitus
2498 2641 2820 2706 naturalis

338 2743 695 2823 primorum
732 2743 1198 2824 principiorum
1242 2743 1671 2824 operabilium,
1719 2764 1879 2824 quae
1922 2748 2075 2808 sunt
2131 2744 2459 2809 naturalia
2491 2746 2820 2826 principia

352 2846 512 2910 iuris
540 2845 883 2920 naturali-3,
931 2848 1044 2927 qui
1086 2846 1337 2927 quidem
1366 2845 1618 2910 habitus
1660 2846 1750 2910 ad
1790 2846 2179 2928 synderesim
2201 2849 2498 2927 pertinet.
2546 2849 2667 2913 Hic
2714 2868 2821 2913 au-

350 2951 476 3014 tem
524 2949 782 3014 habitus
818 2968 941 3014 non
985 2949 1050 3013 in
1097 2949 1222 3013 alia
1252 2950 1532 3032 potentia
1562 2949 1825 3026 exsistit,
1859 2968 2048 3030 quam
2095 2950 2159 3014 in
2205 2950 2466 3027 ratione,
2500 2950 2620 3015 nisi
2658 2951 2819 3016 forte

349 3069 660 3135 ponamus
702 3051 1090 3116 intellectum
1126 3068 1256 3116 esse
1302 3051 1647 3134 potentiam
1694 3070 1732 3115 a
1776 3051 2018 3116 ratione
2054 3052 2433 3128 distinctam,
2468 3053 2644 3116 cuius
2683 3072 2820 3117 con-

349 3154 619 3219 trarium
650 3172 839 3236 supra
870 3152 945 3216 de
992 3153 1185 3218 Verit.
1212 3172 1271 3235 q.
1304 3154 1405 3217 14.
1435 3153 1551 3217 art.
1584 3154 1642 3217 1.
1670 3152 1908 3216 dictum
1939 3153 2051 3216 est.
2079 3153 2304 3215 Restat
2333 3152 2552 3235 igitur,
2593 3157 2668 3216 ut
2705 3154 2820 3217 hoc

343 3276 575 3323 nomen
621 3254 966 3341 synderesis
1012 3255 1110 3320 vel
1152 3256 1433 3320 nominet
1478 3254 1761 3319 absolute
1820 3252 2107 3316 habitum
2152 3252 2508 3317 naturalem
2553 3253 2822 3317 similem

344 3359 599 3425 habitui
644 3357 1103 3441 principiorum,
1143 3357 1244 3423 vel
1279 3356 1558 3422 nominet
1599 3356 1803 3437 ipsam
1837 3353 2182 3437 potentiam
2227 3354 2490 3419 rationis
2526 3372 2668 3419 cum
2706 3356 2822 3420 tali

345 3461 595 3526 habitu.
622 3457 801 3539 Quod
826 3460 1038 3524 autem
1058 3460 1195 3542 ipsa
1226 3457 1507 3542 potentia
1541 3456 1823 3532 rationis
1858 3458 2047 3538 prout
2076 3457 2454 3522 naturaliter
2477 3458 2816 3543 cognoscit,

342 3562 699 3648 synderesis
728 3561 975 3626 dicatur
995 3561 1227 3643 absque
1253 3559 1421 3624 omni
1451 3558 1691 3636 habitu,
1727 3576 1856 3622 esse
1888 3575 2012 3623 non
2048 3560 2292 3641 potest:
2332 3559 2482 3642 quia
2511 3560 2819 3625 naturalis

339 3664 630 3751 cognitio
667 3663 900 3729 rationi
930 3663 1217 3729 convenit
1252 3661 1588 3726 secundum
1613 3659 1884 3741 aliquem
1919 3660 2208 3725 habitum
2244 3662 2617 3740 naturalem,
2645 3665 2718 3725 ut
2748 3663 2824 3727 de

338 3767 674 3834 intellectu
705 3765 1149 3849 principiorum
1187 3765 1424 3830 dictum
1457 3765 1554 3828 est
1591 3789 1653 3827 ».

432 3869 498 3934 S.
543 3868 823 3933 Thomas
868 3867 932 3932 in
979 3868 1155 3932 textu
1190 3884 1335 3932 mox
1370 3867 1641 3950 allegato
1688 3865 1853 3930 clare
1898 3864 2068 3942 dicit,
2109 3864 2489 3948 synderesim
2535 3884 2664 3928 esse
2712 3867 2825 3929 ha-

337 3971 552 4035 bitum
592 3969 1040 4052 principiorum
1075 3969 1140 4032 in
1172 3966 1594 4048 operabilibus
1632 3985 1741 4031 seu
1772 3966 1837 4031 in
1861 3966 2191 4044 practicis,
2239 3965 2452 4047 prouti
2469 3965 2826 4042 practicam

342 4070 695 4156 opponitur
738 4069 1134 4148 speculativo.

432 4169 602 4245 132.
639 4171 1066 4236 Veruntamen
1100 4190 1222 4236 non
1253 4169 1624 4255 negandum,
1652 4169 1818 4251 quod
1840 4187 1992 4233 usus
2023 4168 2162 4244 fert,
2196 4187 2414 4252 nempe
2438 4167 2823 4253 cognitiones

340 4275 413 4342 de
447 4273 881 4360 operabilibus
912 4273 1216 4358 distingui
1244 4273 1310 4337 in
1331 4271 1744 4352 speculativas
1777 4272 1840 4334 et
1849 4271 2194 4350 practica-s,
2220 4270 2432 4353 prouti
2461 4271 2561 4335 vel
2582 4273 2819 4336 remote

342 4379 439 4443 vel
462 4377 755 4462 proxime
779 4374 860 4439 ad
897 4393 1052 4458 opus
1091 4374 1473 4439 ordinantur.
1514 4373 1780 4437 Proinde
1809 4372 2110 4451 doctoreS,
2138 4374 2214 4437 ut
2249 4373 2454 4438 videre
2485 4373 2622 4450 erit,
2662 4374 2826 4439 circa

339 4480 692 4565 operabilia
731 4476 1135 4561 distinguunt
1163 4476 1420 4540 dubium
1448 4474 1895 4556 speculativum
1918 4478 1982 4539 et
2004 4475 2261 4539 dubium
2284 4475 2654 4555 practicam,
2687 4495 2829 4540 con-

335 4584 674 4650 scientiam
722 4578 1099 4660 speculative
1137 4580 1199 4644 et
1222 4579 1504 4659 practice
1551 4598 1762 4642 veram
1798 4578 1913 4642 etc.
1954 4576 2193 4658 Quibus
2229 4577 2468 4643 dicendi
2514 4578 2715 4642 modis
2763 4580 2826 4642 et
