3529 5158
910 405 1399 449 Pnoposrrlomm
1435 402 1887 458 ΒΑΜΝΑΤΔΒΠΜ,
1927 403 1966 442 A
2006 402 2106 443 1²10
2144 402 2223 443 lx.
2642 402 2793 443 XCIII

1282 748 1699 832 ADDEN
1704 748 1872 833 DA

821 941 931 1000 Ex
980 940 1412 1000 ENOYCLICA
1444 938 1577 998 PII
1624 938 1749 998 IX.
1808 939 2062 1015 Quanta
2109 957 2283 1001 cura.

417 1144 699 1203 Praeter
741 1137 1084 1216 praefatas
1134 1135 1647 1213 propositiones
1686 1137 1859 1198 aliae
1894 1139 2359 1201 memorandae
2393 1144 2574 1217 sunt,
2628 1157 2794 1215 quas

336 1234 401 1294 in
436 1229 794 1307 Encyclica
847 1227 1103 1303 Quanta
1152 1243 1312 1285 cura·
1357 1224 1636 1286 confixit
1683 1226 1850 1287 Pius
1895 1227 2021 1287 IX.
2074 1229 2210 1290 Eae
2255 1245 2454 1304 porro
2483 1232 2661 1290 sunt⁴
2680 1230 2796 1290 ho-

316 1320 590 1399 ·minum
639 1318 761 1395 qui
804 1318 1074 1378 docent:

512 1410 584 1469 1⁰
609 1406 950 1484 Optimam
985 1404 1327 1466 societatis
1360 1403 1666 1478 publicae
1699 1405 2026 1466 rationem
2056 1405 2460 1483 civilemque
2491 1423 2795 1484 progres-

336 1516 481 1562 sum
526 1496 800 1559 omnino
848 1494 1210 1570 requirere,
1262 1495 1339 1553 ut
1384 1492 1679 1554 humana
1724 1493 2009 1554 societas
2056 1495 2511 1557 const-ituatur
2558 1502 2628 1557 et
2676 1514 2795 1572 gu-

336 1589 679 1663 bernetur,
722 1584 910 1646 nullo
957 1583 1191 1644 habito
1235 1582 1322 1643 ad
1370 1581 1786 1657 Religionem
1834 1589 2141 1658 respectu
2180 1602 2257 1645 ac
2304 1586 2361 1645 si
2396 1602 2476 1645 ea
2519 1602 2653 1645 non
2685 1603 2798 1645 ex-

338 1678 622 1755 sisteret,
670 1674 781 1736 vel
830 1673 1071 1734 saltem
1118 1672 1304 1734 nullo
1353 1670 1529 1731 facto
1578 1688 1804 1731 veram
1854 1672 2031 1733 inter
2063 1673 2401 1748 falsasque
2438 1674 2797 1749 religiones

342 1765 745 1828 discrimine.

513 1857 583 1913 2⁰
632 1852 977 1929 Optimam
1012 1867 1159 1912 esse
1191 1848 1642 1911 conditionem
1675 1850 2034 1928 societatis,
2070 1850 2142 1911 in
2173 1869 2307 1926 qua
2337 1852 2628 1928 Imperio
2663 1868 2794 1912 non

336 1944 720 2021 agnoscitur
752 1941 1044 2002 officium
1088 1937 1433 2001 coercendi
1460 1939 1739 2000 sancitis
1769 1940 2003 2014 poenis
2034 1940 2396 2003 violatores
2427 1941 2797 2002 catholicae

335 2032 727 2109 Religionis,
763 2030 894 2091 nisi
941 2033 1274 2105 quatenus
1324 2045 1453 2103 pax
1499 2028 1769 2103 publica
1815 2029 2130 2103 postulet.

513 2124 583 2181 3⁰
636 2120 1041 2180 Libertatem
1088 2117 1533 2178 conscientiae
1581 2124 1650 2178 et
1697 2117 1954 2177 cultum
2001 2135 2146 2179 esse
2179 2120 2523 2195 proprium
2575 2119 2798 2180 cuius·

336 2226 621 2286 cumque
653 2208 944 2269 hominis
966 2208 1093 2286 iuS‚
1129 2207 1304 2282 quod
1341 2208 1489 2282 lege
1520 2207 1917 2282 proclamari
1950 2212 2021 2267 et
2051 2208 2262 2269 asseri
2280 2209 2478 2269 debet
2510 2209 2583 2268 in
2617 2210 2798 2268 omni

335 2306 510 2361 recte
560 2298 934 2359 constituta
979 2297 1294 2357 societate
1343 2300 1413 2356 et
1460 2296 1565 2355 ius
1628 2296 1892 2355 civibus
1955 2296 2172 2357 inesse
2219 2298 2301 2356 ad
2352 2297 2796 2357 omnimodam

335 2390 714 2450 libertatem
762 2386 949 2447 nulla
997 2386 1107 2446 vel
1152 2385 1604 2447 ecclesiastica
1636 2384 1745 2446 vel
1781 2384 1966 2444 civili
2006 2386 2410 2446 auctoritate
2459 2390 2798 2447 coarctan-

336 2479 504 2554 dam,
555 2493 690 2553 quo
738 2492 895 2537 suos
942 2479 1309 2550 conceptus
1356 2489 1812 2550 quoscumque
1858 2473 2288 2536 manifestare
2335 2493 2413 2535 ac
2460 2476 2799 2536 declarare

343 2570 635 2630 valeant.

514 2660 585 2717 4⁰
632 2655 1075 2716 Voluntatem
1122 2653 1374 2732 populi,
1425 2652 1714 2729 publica,
1763 2671 1967 2730 quam
2013 2654 2272 2733 dicunt,
2326 2657 2642 2733 opinione
2689 2656 2798 2716 vel

338 2747 466 2807 alia
514 2745 778 2807 ratione
824 2742 1321 2804 manifestatam
1356 2743 1766 2804 constituere
1811 2759 2192 2819 supremam
2225 2745 2440 2823 legem
2486 2746 2572 2806 ab
2620 2745 2796 2806 omni

340 2835 567 2896 divino
615 2835 1043 2908 humanoque
1090 2833 1235 2892 iure
1283 2833 1568 2892 solutam
1618 2836 1687 2892 et
1734 2832 1805 2891 in
1852 2833 2082 2894 ordine
2109 2834 2384 2909 politico
2420 2835 2600 2896 facta
2647 2852 2803 2895 con-

341 2928 690 3000 summata,
740 2939 818 2983 eo
850 2923 998 2997 ipso
1046 2921 1227 2997 quod
1274 2924 1732 2983 consummata
1779 2927 1957 3000 sunt,
1997 2921 2136 2982 vim
2185 2924 2350 2984 iuris
2400 2926 2664 2985 habere.

516 3015 586 3074 5⁰
620 3011 1078 3072 Auferendam
1112 3027 1256 3071 esse
1290 3010 1554 3070 civibus
1587 3014 1655 3070 et
1687 3011 2025 3071 Ecclesiae
2057 3011 2446 3074 facultatem
2479 3032 2603 3090 qua
2652 3015 2799 3072 elee—

339 3119 632 3178 mosynas
679 3100 1066 3160 christianae
1112 3100 1407 3159 caritatis
1455 3116 1647 3159 causa
1683 3102 1910 3176 pala-m
1967 3119 2225 3176 eroyare
2287 3103 2534 3161 valeant
2594 3119 2672 3162 ac
2718 3102 2800 3162 de

337 3191 554 3252 medio
601 3190 968 3252 tollendam
1014 3190 1229 3264 legem
1276 3205 1399 3264 qua
1445 3189 1631 3247 certis
1679 3189 1998 3264 aliquibus
2043 3189 2257 3249 diebus
2304 3208 2496 3265 opera
2542 3191 2800 3247 servilia

332 3286 599 3358 propter
632 3279 757 3339 Dei
788 3280 1026 3339 cultum
1045 3277 1482 3355 prohihentur.

520 3372 589 3427 6⁰
626 3369 1034 3430 Societatem
1072 3366 1500 3427 domesticam
1534 3383 1650 3426 seu
1685 3364 2009 3424 familiam
2041 3369 2248 3425 totam
2287 3383 2446 3426 suae
2477 3364 2803 3426 exsisten-

341 3458 471 3518 tiae
520 3457 847 3518 rationem
880 3474 917 3516 a
967 3457 1112 3516 iure
1141 3456 1475 3515 duntaxat
1528 3455 1715 3515 civili
1747 3453 2070 3531 mutuari3
2105 3455 2518 3532 proindeque
2548 3454 2803 3531 exlege

341 3553 603 3607 tantum
651 3546 838 3606 civili
871 3545 1218 3606 dimanare
1252 3562 1330 3605 ac
1374 3545 1661 3620 pendere
1695 3544 1844 3604 iura
1875 3544 2098 3604 omnia
2129 3549 2485 3621 parentum
2528 3545 2595 3604 in
2633 3545 2803 3604 filios

342 3653 489 3696 cum
536 3635 775 3712 primis
814 3651 973 3696 vero
1020 3635 1128 3694 ius
1175 3633 1622 3694 institutionis
1669 3634 2220 3710 educationisque
2268 3636 2621 3696 curandae.

522 3728 588 3786 7⁰
628 3724 917 3801 Clerum,
965 3727 1201 3798 utpote
1249 3739 1409 3784 vero
1455 3723 1746 3798 utilique
1785 3724 2102 3785 scientiae-
2150 3730 2219 3784 et
2268 3725 2620 3785 civilitatis
2654 3741 2804 3800 pro-

343 3813 601 3893 gressui
634 3813 1001 3889 inimicum,
1027 3813 1113 3872 ab
1146 3812 1327 3872 omni
1366 3813 1744 3873 iuventutis
1777 3813 2235 3874 instituendae
2286 3813 2804 3888 educandaeque

344 3921 503 3965 cura
547 3909 619 3964 et
663 3901 877 3963 officio
922 3917 1066 3962 esse
1114 3901 1578 3962 amovendum.

520 3995 590 4053 8⁰
622 3991 960 4051 Ecclesiae
994 3991 1178 4068 leges
1209 4007 1345 4050 non
1393 3991 1691 4066 obligare
1724 3992 1794 4051 in
1829 3991 2257 4067 conscientia,
2292 3991 2421 4051 nisi
2456 4008 2605 4051 cum
2657 4005 2807 4063 pro-

349 4083 739 4158 mulgantur
784 4097 825 4140 a
876 4079 1065 4141 civili
1115 4084 1477 4155 potestate:
1533 4113 1612 4123 —
1673 4084 1825 4141 acta
1893 4085 1961 4140 et
2016 4073 2285 4141 decreta
2355 4081 2807 4141 Romanorum

348 4170 746 4232 Pontificum
796 4168 886 4228 ad
937 4169 1352 4246 Religionem
1403 4174 1472 4229 et
1504 4169 1866 4230 Ecclesiam
1905 4171 2283 4245 spectantia
2314 4169 2619 4246 indigere
2657 4185 2808 4230 san-

346 4260 562 4320 ctione
610 4264 682 4319 et
728 4258 1235 4336 approbatione,
1284 4258 1394 4318 vel
1443 4258 1792 4318 minimum
1825 4276 2105 4319 assensu
2152 4260 2511 4334 potestatis
2550 4259 2806 4320 civilis:

350 4348 881 4409 Constitutiones
930 4347 1375 4423 ApostolicaS‚
1427 4348 1670 4423 quibus
1718 4348 2126 4408 damnantur
2181 4349 2638 4409 clandestinae
2689 4350 2806 4409 So-

352 4437 644 4514 cietates‚
696 4437 842 4498 sive
889 4437 961 4496 in
1008 4437 1105 4497 eis
1152 4436 1461 4512 exigatur
1494 4437 1637 4498 sive
1686 4453 1820 4497 non
1858 4437 2168 4514 exigatur
2223 4437 2671 4497 iuramentum
2728 4437 2811 4496 de

352 4534 602 4588 secreto
642 4525 975 4587 servando
1006 4542 1367 4602 earumque
1399 4527 1690 4587 asseclae
1721 4531 1792 4587 et
1838 4525 2135 4587 fautores
2167 4527 2594 4585 anathemate
2643 4526 2811 4584 mul-

350 4617 636 4692 ctantur,
665 4615 922 4675 nullam
955 4615 1200 4676 habere
1238 4615 1370 4676 vim
1404 4616 1471 4675 in
1508 4615 1644 4675 illis
1676 4615 1858 4676 orbis
1891 4614 2297 4691 regionibus,
2333 4615 2447 4674 ubi
2482 4614 2807 4673 eiusmodi
