3529 5158
900 397 1386 439 PROPOSITIONUM
1425 399 1875 442 DAMNATARUM.
1915 401 2235 452 WICLEE'FI,
2273 402 2391 443 HUS
2778 403 2892 443 XIII

515 501 621 560 37.
662 498 967 560 Ecclesia
1011 515 1284 558 romana
1327 503 1431 560 est
1477 516 1821 577 synagoga
1866 506 2141 562 satanae
2190 518 2311 562 nec
2358 502 2544 577 Papa
2591 504 2696 562 est
2742 520 2895 578 pro-

425 589 648 649 ximus
695 594 765 649 et
809 587 1236 648 immediatus
1284 588 1595 649 Vicarius
1644 590 1899 650 Christi
1944 594 2014 651 et
2061 591 2561 667 Apostolorum.

532 679 638 738 38.
689 678 1077 738 Decretales
1123 677 1446 753 epistolae
1494 682 1657 738 sunt
1700 680 2123 756 apocryphae
2172 683 2240 740 et
2300 680 2629 741 seducunt
2675 697 2716 741 a
2758 681 2888 741 fide

428 767 677 828 Christi
727 771 796 828 et
842 766 1065 827 clerici
1110 770 1272 827 sunt
1316 767 1532 845 stulti,
1583 768 1697 843 qui
1747 769 2024 829 student
2071 769 2187 829 eis.

515 856 622 917 39.
662 857 1036 932 Imperator
1081 861 1152 916 et
1195 855 1447 916 domini
1492 857 1827 918 seculares
1873 861 2035 918 sunt
2081 857 2342 918 seducti
2388 875 2429 918 a
2477 857 2763 937 diabolo,
2812 863 2891 919 ut

426 945 790 1006 Ecclesiam
840 945 1139 1005 ditarent
1183 945 1379 1006 bonis
1425 947 1926 1021 temporalibus.

516 1038 623 1095 40.
656 1034 915 1095 Electio
962 1034 1185 1109 Papae
1230 1052 1271 1095 a
1318 1034 1809 1115 cardinalibus»,
1843 1053 1883 1097 a
1930 1036 2194 1097 diabolo
2241 1040 2344 1097 est
2391 1036 2796 1096 introduct-a.

516 1127 619 1183 41.
654 1124 805 1184 Non
850 1126 956 1183 est
986 1123 1069 1182 de
1106 1124 1504 1184 necessitate
1553 1124 1793 1186 salutis
1841 1126 2126 1205 credere,
2163 1142 2502 1185 romanam
2537 1125 2887 1186 ecclesiam

424 1228 568 1272 esse
615 1229 990 1288 supremam
1035 1211 1215 1273 inter
1259 1213 1425 1273 alias
1473 1214 1825 1275 Ecclesias.

515 1303 619 1362 42.
656 1302 949 1361 Fatuum
994 1305 1099 1361 est
1144 1302 1413 1363 credere
1462 1302 1906 1381 indulgentiis
1957 1304 2182 1381 Papae
2226 1308 2296 1365 et
2333 1304 2839 1380 Episcoporum.

514 1393 618 1451 43.
653 1391 1043 1450 Iuramenta
1092 1391 1326 1452 illicita
1357 1396 1534 1470 sunt,
1571 1409 1744 1468 quae
1776 1394 1950 1455 fiunt
1982 1394 2065 1454 ad
2099 1393 2620 1454 corroborandos
2652 1395 2886 1454 huma·

422 1496 545 1540 nos
590 1483 975 1540 contractus
1011 1483 1082 1540 et
1126 1482 1518 1541 commercia
1563 1482 1811 1542 civilia.

516 1572 621 1628 44.
671 1568 1126 1648 Augustinus,
1175 1570 1581 1631 Benedictus
1628 1576 1697 1631 et
1742 1572 2129 1633 Bernardus
2176 1571 2478 1633 damnati
2524 1575 2704 1650 sunt,
2754 1571 2885 1631 nisi

423 1657 880 1734 poenituerint
910 1657 992 1719 de
1039 1659 1166 1719 hoc
1198 1660 1377 1735 quod
1423 1659 1809 1721 habuerunt
1839 1662 2293 1737 possessiones
2339 1665 2409 1722 et
2440 1661 2887 1721 instituerunt

423 1751 494 1807 et
527 1747 953 1808 intraverunt
999 1748 1359 1823 religiones
1406 1754 1476 1808 ot
1522 1750 1638 1828 sic,
1672 1769 1712 1810 a
1760 1751 1948 1826 Papa
1993 1767 2208 1826 usque
2252 1751 2339 1810 ad
2385 1750 2695 1809 ultimum
2733 1748 2883 1808 reli-

425 1836 707 1912 giosum,
754 1853 982 1897 omnes
1028 1840 1190 1897 suut
1235 1837 1572 1898 haeretici.

519 1928 622 1985 45.
658 1925 903 1986 Omnes
933 1926 1292 2002 religiones
1339 1926 1800 1988 indifferenter
1847 1927 2270 1988 introductae
2318 1932 2480 1989 sunt
2525 1945 2566 1987 a
2597 1927 2881 1988 diabolo.

1474 2126 1694 2187 NUM.
1744 2127 1837 2187 II.

807 2267 1096 2327 Articuli
1143 2271 1247 2328 30.
1297 2268 1568 2328 Ioanni-8
1616 2268 1780 2349 Has,
1831 2271 2121 2330 damnati
2167 2277 2239 2330 ut
2283 2288 2500 2348 supra.

510 2434 569 2491 1.
602 2430 821 2491 Unica
850 2435 956 2491 est
1000 2435 1233 2491 sancta
1268 2431 1670 2493 universalis
1717 2433 2035 2512 Ecclesia,
2072 2450 2244 2508 quae
2290 2439 2394 2494 est
2425 2434 2880 2510 praedestina-

418 2524 634 2581 torum
685 2519 1113 2581 universitas.

511 2613 570 2668 2.
606 2610 861 2671 Paulus
892 2627 1239 2686 uunquam
1271 2610 1405 2671 fuit
1436 2611 1802 2671 membrum
1851 2611 2120 2691 diaboli,
2156 2611 2315 2672 licet
2347 2611 2509 2673 fecit
2556 2612 2876 2689 quosdam

423 2701 614 2759 actus
659 2699 921 2760 actibus
967 2700 1303 2760 Ecclesiae
1348 2700 1860 2778 malignantium
1911 2702 2310 2762 consimiles.

514 2789 575 2847 3.
622 2788 948 2849 Praesciti
1003 2805 1139 2849 non
1185 2792 1346 2849 sunt
1407 2795 1633 2865 partes
1681 2791 2039 2870 Ecclesiae,
2089 2808 2241 2852 cum
2289 2790 2478 2851 nulla
2530 2808 2687 2867 pars
2734 2791 2877 2851 eius

418 2877 711 2938 finaliter
756 2877 1023 2938 excidat
1066 2878 1153 2938 ab
1199 2895 1308 2957 ea3
1358 2894 1437 2938 eo
1484 2879 1664 2954 quod
1709 2880 2348 2955 praedestinationis
2390 2882 2654 2959 caritas,
2705 2898 2877 2956 quae

416 2966 631 3042 ipsam
678 2966 868 3044 ligat,
917 2983 1054 3027 non
1099 2967 1387 3028 excidet.

511 3059 570 3115 4.
612 3056 808 3116 Duae
845 3060 1145 3135 naturae,
1186 3057 1530 3117 Divinitas
1563 3060 1633 3118 et
1664 3059 2091 3133 Humanitas,
2125 3063 2284 3119 sunt
2321 3075 2501 3118 unus
2541 3058 2873 3119 Christus.

508 3148 569 3205 5.
597 3145 999 3223 PraescituS‚
1029 3146 1157 3206 etsi
1190 3146 1551 3221 aliquando
1582 3147 1780 3208 estin
1815 3149 2036 3224 gratia
2059 3147 2426 3208 secundum
2458 3151 2873 3222 praesentem

414 3234 769 3313 iustitiam,
802 3237 1027 3294 tamen
1074 3252 1419 3311 nunquam
1452 3239 1556 3296 est
1601 3253 1758 3311 pars
1805 3242 2074 3296 sanctae
2108 3236 2444 3294 Ecclesiae
2491 3239 2561 3293 et
2605 3236 2877 3308 praede-

412 3322 708 3383 stinatus
733 3339 993 3398 semper
1014 3328 1240 3385 manet
1264 3324 1631 3384 membrum
1658 3325 2017 3401 Ecclesiae,
2042 3323 2204 3382 licet
2225 3322 2585 3398 aliquando
2610 3322 2875 3382 excidat

413 3428 455 3472 a
501 3412 719 3487 gratia
763 3412 1160 3491 adventitia,
1210 3414 1327 3474 sed
1373 3430 1507 3474 uon
1554 3431 1594 3472 a
1641 3413 1863 3490 gratia
1905 3411 2559 3489 praedestinationis.

509 3504 567 3561 6.
597 3501 935 3562 Sumendo
968 3503 1328 3577 Ecclesiam
1370 3520 1492 3578 pro
1526 3502 2005 3563 convocatione
2035 3501 2704 3578 praedestinatorum,
2733 3502 2876 3563 sive

413 3589 672 3650 fuerint
710 3591 779 3651 in
831 3591 1049 3667 gratia
1094 3593 1238 3652 sive
1286 3609 1440 3670 non,
1477 3591 1843 3652 secundum
1887 3596 2307 3668 praesentem
2346 3591 2694 3670 iustitiam,
2746 3592 2874 3652 isto

417 3679 612 3739 modo
660 3680 961 3741 Ecclesia
1006 3683 1112 3740 est
1156 3680 1480 3741 articulus
1525 3681 1701 3741 fidei.

515 3770 569 3827 7.
615 3769 863 3830 Petrus
909 3786 1045 3829 non
1076 3773 1183 3830 est
1220 3787 1343 3830 nec
1374 3770 1507 3830 fuit
1544 3774 1747 3846 caput
1780 3770 2119 3831 Ecclesiae
2152 3772 2423 3831 sanctae
2455 3770 2840 3830 catholicae.

511 3859 569 3915 8.
612 3857 1024 3937 SacerdoteS,
1060 3859 1558 3935 quomodolibet
1590 3859 1943 3920 criminose
1968 3860 2301 3938 viventeS,
2331 3859 2700 3920 Sacerdotii
2731 3860 2871 3934 pol-

414 3948 620 4006 luunt
671 3951 1076 4024 potestatem
1138 3952 1209 4009 et
1263 3949 1440 4008 sicut
1498 3948 1622 4008 11111
1669 3949 1975 4009 infideles
2023 3949 2331 4010 sentiunt
2387 3947 2746 4007 infideliter
2792 3948 2874 4009 de

415 4041 672 4110 septem
708 4035 1157 4097 Sacramentis
1194 4038 1552 4116 Ecclesiae,
1593 4039 1677 4099 de
1709 4039 2035 4115 clavibus,
2071 4039 2321 4115 officiis,
2371 4036 2694 4111 censuris,
2736 4054 2873 4097 mo·

415 4125 626 4202 ribus,
675 4126 1096 4187 caerimoniis
1127 4129 1197 4187 et
1229 4127 1436 4188 sacris
1468 4128 1669 4189 rebus
1702 4128 2059 4208 Ecclesiae,
2093 4128 2527 4188 veneratione
2561 4126 2873 4201 reliquia-

414 4231 587 4293 rum,
636 4214 1080 4291 indulgentiis
1128 4218 1199 4276 et
1247 4216 1634 4278 Ordinibus.

510 4305 571 4363 9.
621 4303 893 4379 Papalis
941 4304 1241 4382 dignit-as
1287 4323 1327 4364 a
1376 4307 1658 4367 Caesare
1704 4306 1987 4367 inolevit
2035 4312 2104 4367 et
2149 4306 2373 4382 Papae
2418 4305 2744 4382 perfectio
2803 4311 2873 4367 et

410 4391 760 4453 institutio
805 4411 846 4452 a
894 4393 1197 4454 Caesaris
1243 4396 1548 4470 potentia
1594 4397 1954 4457 emanavit.

511 4484 613 4541 10.
663 4482 908 4543 Nullus
956 4483 1099 4544 siue
1147 4485 1556 4546 revelatione
1603 4489 1930 4546 assereret-
1975 4484 2468 4547 rationabiliter
2511 4484 2594 4544 de
2649 4501 2719 4544 se
2765 4484 2874 4545 vel

410 4570 569 4644 ali0,
619 4572 799 4645 quod
846 4577 1023 4633 esset
1068 4578 1271 4649 caput
1314 4572 1649 4634 Ecclesiae
1694 4573 2151 4650 particularis3
2188 4591 2308 4634 nec
2339 4590 2653 4632 romanus
2699 4575 2875 4633 Pou-

408 4660 585 4720 tifex
634 4666 735 4719 est
784 4667 989 4737 caput·
1033 4679 1345 4722 romanae
1384 4662 1723 4722 Ecclesiae
1769 4664 2212 4738 particularis,
