3529 5158
756 324 862 378 514
1148 334 1362 375 ratior.
1401 335 1481 375 ιν.
1520 335 1605 375 nn
1642 332 1948 377 vacuans.
1987 332 2187 375 capm-
2225 334 2264 374 1.
2305 333 2446 375 6116.
2485 333 2549 373 11.
2590 334 2724 373 Aur.
2762 334 2827 373 11.
3073 317 3219 393 [564]

757 435 979 497 virtuti
1008 435 1374 512 opponatur,
1423 432 1515 504 fit,
1565 433 1639 496 ut
1681 431 1835 495 haec
1880 430 2210 496 delectatio
2258 431 2321 494 in
2368 431 2609 512 sponsis
2655 429 2730 494 de
2775 431 3012 507 futuro,
3048 430 3100 494 si
3133 449 3231 494 ve-

756 556 935 601 nerea
982 539 1095 610 est,
1146 535 1433 599 mortalis
1465 535 1581 606 sit;
1616 534 1764 615 quia
1797 533 1961 597 sicut
1991 536 2254 595 aeterna
2298 532 2628 597 delectatio
2669 551 2946 606 venerea,
2980 532 3228 613 quando

756 657 882 703 non
918 639 1246 702 excusatur
1283 637 1606 700 constante
1638 635 2057 711 matrimonio,
2100 636 2195 699 est
2226 637 2548 718 peccatum
2586 634 2870 708 mortale,
2905 637 2980 699 ut
3020 652 3231 698 omnes

754 740 1053 816 fatentur,
1107 739 1321 803 eodem
1366 737 1549 802 modo
1598 737 1928 802 delectatio
1975 737 2253 813 interior,
2307 756 2468 819 quae
2512 756 2771 801 venerea
2818 738 2933 812 est,
2982 736 3230 819 quando

756 861 879 906 non
911 841 1223 924 contingit
1252 841 1576 905 constante
1613 839 2033 914 matrimonio,
2076 859 2112 904 a
2143 841 2397 905 mortali
2427 858 2550 905 non
2588 839 2986 903 excusabitur
3017 864 3080 902 ι.

847 945 1012 1026 Ergo
1039 943 1320 1024 Vasquez
1360 943 1632 1006 absolvit
1667 942 2141 1007 delectationem
2167 963 2203 1006 a
2228 944 2500 1025 peccato,
2527 942 2580 1006 si
2603 960 2770 1007 mere
2792 941 3143 1016 rationalis,
3171 945 3232 1004 et

756 1045 1032 1121 damnat,
1083 1044 1329 1126 quando
1362 1045 1447 1108 sit
1484 1063 1759 1109 venerea.
1796 1044 1876 1107 Et
1905 1043 2156 1125 quidem
2188 1045 2301 1108 has
2338 1044 2678 1109 sententias
2725 1044 3052 1109 convenire
3090 1064 3229 1108 cum

756 1149 1039 1213 doctrina
1083 1147 1378 1212 Auctoris
1426 1147 1642 1216 nostri.
1677 1147 1808 1229 ipse
1840 1146 2122 1228 Vasquez
2161 1146 2309 1212 ibid.
2342 1166 2403 1209 n.
2437 1147 2497 1211 3.
2533 1146 2622 1210 sic
2649 1146 2889 1210 innuit:
2933 1171 2967 1203 «ι
2992 1145 3074 1210 Ε1
3113 1146 3231 1210 1166

756 1254 967 1317 forsan
1011 1253 1227 1317 docere
1271 1252 1605 1315 voluerunt
1654 1253 1953 1316 Doctores
2001 1251 2195 1332 aliqui
2231 1251 2514 1333 superius
2563 1251 2838 1335 allegati,
2880 1270 3026 1314 cum
3065 1269 3232 1316 asse-

756 1357 926 1428 runt,
966 1354 1439 1418 delectationem
1471 1353 1544 1418 de
1583 1356 1729 1417 actu
1759 1353 2035 1436 coniugii
2081 1353 2398 1435 praeteriti
2431 1354 2529 1417 vel
2559 1353 2779 1428 futuri,
2819 1371 2980 1434 quae
3018 1355 3229 1416 manet

755 1459 821 1524 in
860 1459 1101 1522 ratione
1132 1460 1196 1521 et
1226 1459 1290 1522 in
1325 1458 1668 1533 voluntate,
1697 1475 1818 1521 non
1851 1477 1981 1522 esse
2014 1459 2338 1539 peecatum
2368 1458 2660 1533 mortale,
2696 1476 2833 1522 eam
2868 1477 3035 1530 vero,
3071 1476 3229 1538 quae

757 1560 1077 1624 derivatur
1107 1559 1171 1623 in
1202 1560 1695 1636 sensualitatem,
1730 1578 1860 1623 esse
1885 1560 2244 1635 mortalem;
2278 1560 2562 1625 fortassis
2596 1561 2757 1625 enim
2791 1559 3231 1624 intellexerunt

758 1662 1235 1727 delectationem
1281 1682 1351 1727 ex
1399 1661 1720 1727 commodo
1754 1662 1966 1744 aliquo
2001 1663 2099 1726 vel
2136 1663 2415 1726 bonitate
2462 1662 2632 1727 1111116
2672 1663 2869 1736 661116,
2909 1680 3069 1744 quae
3105 1680 3228 1725 non

757 1765 1048 1848 respiciat
1080 1784 1351 1841 sensum,
1386 1765 1549 1829 sicut
1578 1765 1831 1847 respicit
1861 1765 2192 1830 delectatio
2225 1784 2484 1829 venerea
2514 1793 2574 1828 ».

852 1863 1025 1938 584.
1076 1868 1408 1950 Allegatur
1453 1867 1591 1931 dein
1639 1866 1909 1931 Sanchez
1959 1867 2032 1930 de
2079 1867 2372 1930 Matrim.
2421 1867 2527 1931 lib.
2569 1869 2630 1931 9.
2672 1866 2827 1950 disp.
2878 1867 2987 1931 47.
3029 1889 3091 1932 n.
3135 1870 3228 1934 7.:

757 1970 863 2034 sed
912 1971 1020 2033 abs
1067 1989 1151 2046 re,
1201 1970 1349 2050 quia
1383 1969 1468 2033 ibi
1516 1970 1798 2050 loquitur
1834 1969 1907 2034 de
1939 1969 2342 2033 delectatione
2388 1970 2706 2034 sen-sitim.
2749 1995 2784 2028 «
2817 1969 3067 2034 Ultima
3097 1989 3232 2034 con·

758 2071 988 2136 clusio:
1038 2072 1303 2135 Peccant
1348 2071 1621 2136 letaliter
1655 2072 1823 2136 vidui
1858 2072 2258 2137 admittentes
2305 2071 2770 2136 delectationem
2815 2092 3145 2136 veneream
3172 2078 3233 2136 et

756 2174 1139 2246 sensitivam,
1166 2174 1370 2238 ortam
1394 2193 1463 2236 ex
1490 2174 1746 2257 copulae
1771 2175 2022 2239 habitae
2046 2177 2324 2258 tempore
2345 2175 2732 2240 matrimonii
2755 2176 3140 2260 cogitatione
3164 2203 3226 2241 ».

846 2277 925 2339 Et
977 2276 1050 2340 de
1098 2276 1339 2358 sponsis
1383 2276 1531 2339 ibid.
1573 2297 1630 2339 6.
1668 2277 1771 2339 4..·
1812 2303 1845 2334 «
1884 2278 2096 2341 Prima
2140 2279 2454 2342 conclusio
2503 2278 2620 2341 sit:
2657 2277 2990 2341 Peccatum
3034 2279 3228 2343 letale

756 2380 870 2455 est,
920 2379 1171 2461 captare
1218 2378 1693 2443 delectationem
1727 2380 2043 2462 appetitus
2075 2380 2376 2455 sensitivi‚
2411 2379 2685 2443 nondum
2730 2380 3124 2462 coniugatos,
3167 2382 3228 2445 in

756 2481 980 2563 copula
1027 2481 1241 2545 futura
1289 2483 1564 2564 tempore
1610 2482 2016 2557 matrimonii,
2066 2483 2447 2567 cogitatione
2485 2508 2545 2547 ».

847 2583 1024 2662 Quod
1072 2603 1215 2648 vero
1250 2585 1480 2648 attinet
1518 2585 1595 2649 ad
1632 2585 2104 2651 delectationem
2146 2587 2535 2663 rationalem,
2570 2588 2720 2653 11666
2751 2586 3029 2653 Sanchez
3062 2607 3227 2672 prae-

758 2687 1014 2750 miserat
1077 2686 1224 2751 ibid.
1274 2707 1332 2749 n.
1389 2688 1481 2750 1.:
1530 2713 1563 2744 «
1596 2688 1732 2752 Hac
1779 2690 1840 2751 in
1889 2708 1953 2752 re
2007 2706 2277 2755 consur
2330 2707 2494 2755 Aron
2550 2706 2776 2767 OMNES,
2824 2691 3041 2757 licitos
3102 2709 3224 2755 esse

758 2805 969 2851 omnes
1017 2791 1193 2852 actus
1241 2790 1587 2854 voluntatis
1633 2792 1796 2855 circa
1843 2792 2121 2857 futuram
2175 2795 2452 2876 tempore
2497 2794 2790 2878 coniugii,
2842 2794 2941 2858 vel
2988 2796 3226 2877 praete-

756 2890 946 2954 ritam
980 2891 1190 2955 eodem
1232 2894 1509 2974 tempore
1554 2892 1714 2975 (scil.
1763 2895 2066 2979 coniugii)
2112 2896 2434 2979 copulam3
2484 2898 2559 2961 ut
2603 2897 2789 2962 liceat
2834 2897 3112 2982 gaudere
3154 2897 3224 2961 de

756 2992 973 3057 habita
1020 2993 1120 3057 vel
1166 2994 1443 3059 habenda
1483 2995 1779 3078 illamque
1826 2997 2187 3064 desiderare.
2238 2997 2399 3078 Quia
2445 3017 2657 3063 omnes
2687 2999 2752 3063 hi
2786 3002 2968 3065 actus
3001 3001 3224 3065 habent

758 3095 1070 3159 obiectum
1134 3096 1376 3160 licitum
1446 3098 1807 3181 nullamque
1876 3099 2349 3165 delectationem
2406 3120 2729 3168 veneream
2789 3102 2853 3166 16
2918 3102 3220 3185 praesenti

753 3202 996 3281 ponunt
1027 3224 1089 3261 ».

842 3301 1176 3385 Allegatur
1225 3303 1426 3367 Diana
1465 3305 1624 3387 part.
1667 3306 1729 3368 3.
1764 3307 1842 3369 tr.
1880 3306 1939 3369 5.
1979 3306 2160 3371 resol.
2197 3308 2258 3370 2.
2293 3308 2356 3370 et
2392 3306 2456 3371 in
2504 3306 2667 3372 Edit.
2716 3307 2925 3372 coord.
2977 3312 3126 3373 tom.
3159 3309 3217 3370 2.

752 3406 832 3468 tr.
869 3404 930 3465 6.
965 3405 1146 3468 resol.
1184 3405 1291 3469 39.
1326 3406 1412 3470 At
1458 3406 1701 3472 falsitas
1734 3409 1910 3490 patet
1956 3409 2055 3472 vel
2101 3429 2172 3473 ex
2219 3410 2353 3492 ipso
2400 3409 2590 3475 titulo
2639 3410 3084 3479 Resolutionis.
3118 3410 3219 3491 qui

753 3508 849 3568 est
895 3505 1235 3570 eiusmodi:
1294 3533 1328 3565 «
1362 3506 1608 3574 Oursim
1655 3510 1930 3590 docetur,
1981 3511 2236 3576 viduam
2281 3528 2408 3576 Nou
2453 3531 2702 3595 peccare
2748 3513 3115 3586 mortaliter,
3168 3513 3219 3576 si

756 3606 1044 3671 obortam
1092 3609 1536 3692 cogitationem
1568 3613 1826 3695 copulae
1855 3614 2122 3679 carnalis
2161 3634 2303 3679 cum
2332 3615 2562 3679 marito
2600 3615 2910 3691 defuncto,
2950 3633 3090 3680 eam
3123 3634 3223 3698 ap-

755 3709 973 3791 probet
1022 3711 1364 3789 voluntate,
1407 3716 1470 3778 et
1502 3716 1589 3779 sic
1635 3718 1730 3780 est
1768 3716 1958 3781 etiam
2005 3716 2332 3782 dicendum
2368 3718 2442 3783 de
2477 3736 2704 3801 sponsa
2736 3719 2899 3782 circa
2936 3718 3220 3802 copulam

753 3812 1063 3877 carnalem
1110 3814 1391 3880 futuram
1438 3819 1502 3881 et
1546 3817 1957 3902 coniugalem,
2006 3820 2060 3884 si
2106 3839 2243 3885 eam
2289 3820 2386 3884 vel
2433 3819 2734 3885 desideret
2780 3821 2881 3885 vel
2927 3819 3222 3904 6161611616

756 3915 1104 3980 voluntatis
1154 3918 1473 3984 affectione
1523 3921 1914 4002 approbet».

842 4018 1113 4083 Mortale
1138 4023 1457 4102 peccatum
1485 4040 1668 4105 porro
1695 4023 1977 4088 admittit
1999 4025 2064 4089 in
2089 4024 2516 4101 delectatione,
2542 4027 2598 4091 si
2628 4026 2896 4091 carnalis
2916 4026 3026 4091 sit.
3055 4025 3225 4091 Unde

752 4122 949 4186 allata
998 4122 1289 4204 opposita
1334 4125 1641 4189 sententia
1680 4129 2028 4204 excusante,
2077 4128 2329 4193 subiicit
2375 4128 2522 4193 ibid.
2554 4149 2616 4193 n.
2651 4130 2748 4193 2.:
2790 4156 2823 4187 αι
2850 4129 2987 4214 Ego
3019 4132 3224 4195 tamen

750 4225 1131 4290 contrariam
1179 4227 1551 4292 sententiam
1599 4231 1779 4294 teneo
1810 4249 1953 4295 cum
1991 4231 2174 4295 DD...
2209 4231 2291 4295 Et
2320 4232 2485 4297 ratio
2518 4235 2632 4307 est,
2672 4232 2821 4313 quia
2852 4233 3019 4297 sicut
3050 4234 3226 4297 actus

750 4329 1042 4391 externus
1068 4347 1361 4393 venereus
1392 4333 1675 4412 respectu
1699 4351 1961 4414 sponsae
1992 4334 2091 4398 vel
2123 4334 2345 4400 viduae
2369 4353 2491 4400 non
2523 4336 2618 4400 661
2640 4335 2874 4412 11611116,
2908 4334 3000 4399 116
3032 4352 3227 4416 neque

748 4432 845 4492 est
881 4428 1055 4494 licita
1104 4430 1436 4497 delectatio
1484 4433 1780 4513 (carnalis
1815 4436 1888 4499 ut
1919 4435 1981 4499 in
2030 4437 2219 4503 titulo
2267 4437 2543 4521 dicitur),
2592 4457 2752 4520 quae
2799 4438 2873 4502 de
2919 4437 3031 4503 illo
3077 4439 3228 4500 actu

750 4530 997 4613 capitur
1042 4552 1162 4598 non
1213 4537 1536 4599 constante
1581 4538 1984 4604 matrimonio
2019 4565 2079 4604 ».
