3529 5158
378 301 511 377 [196]
876 319 1257 360 ARGUMENTA
1295 321 1341 361 s.
1380 321 1682 364 ALPHONSI
1719 322 1838 363 Pno
1876 322 2325 363 PROBABILISMO
2721 310 2828 364 227

385 439 416 470 «
448 417 693 480 noxia-m
742 414 1036 491 (maxime
1076 416 1129 479 si
1175 416 1259 480 sit
1305 418 1698 487 universalis)
1729 418 1981 482 caritati
2017 420 2291 502 graviter
2338 422 2664 503 repugnat.
2712 419 2825 484 Ce-

384 544 414 573 «
448 520 649 582 terum
694 537 926 602 magna
969 518 1124 581 mihi
1157 521 1315 582 esset
1349 520 1638 602 angustia
1689 524 1750 583 et
1789 520 1977 584 timor
2014 521 2319 603 peccandi,
2355 522 2407 584 si
2439 541 2647 586 omnes
2680 541 2828 603 quo-

385 646 415 675 «
449 639 585 684 rum
632 620 1041 685 confessiones
1090 621 1445 702 exciperem,
1496 622 1624 685 sive
1670 622 2000 686 validiores
2062 623 2283 705 spiritu
2331 624 2458 687 sive
2504 623 2826 688 debiliores

386 750 413 777 ‹<
448 724 668 795 essent,
712 722 1092 804 obstringere
1141 722 1362 786 vellem
1409 723 1481 786 ad
1540 742 1661 788 non
1709 723 2007 789 utendum
2055 725 2175 789 nisi
2222 726 2610 807 opinionibus
2658 736 2827 795 (cum

384 850 414 879 «
447 825 592 886 sunt
637 824 844 887 minus
892 824 1116 903 tutae),
1158 842 1317 905 quae
1347 826 1509 889 certe
1542 828 1745 889 essent
1776 826 2239 908 probabiliores,
2278 828 2404 890 imo
2444 827 2621 891 valde
2667 846 2829 892 exce-

385 952 414 979 «
447 924 659 989 denter
699 924 1158 1008 probabiliores,
1223 927 1297 989 ut
1343 927 1533 1007 aliqui
1586 930 1937 991 autumant.
1988 928 2188 992 Tanto
2238 930 2439 1011 magis
2488 929 2825 1011 periculum

383 1055 412 1084 «ι
448 1028 688 1092 animae
714 1047 970 1104 vererer,
1004 1029 1056 1091 si
1092 1029 1527 1110 poenitentem,
1560 1030 1668 1110 qui
1701 1030 1855 1093 mihi
1887 1032 2199 1095 confessus
2238 1033 2399 1094 esset
2421 1034 2668 1112 peccata
2694 1050 2829 1107 sua,

385 1154 416 1183 <1
448 1129 575 1192 sine
600 1129 991 1194 absolutione
1014 1129 1410 1206 dimitterem,
1447 1150 1517 1195 eo
1556 1131 1719 1212 quod
1747 1132 1918 1213 sequi
1958 1132 2145 1195 vellet
2184 1131 2530 1214 opinionem
2556 1133 2830 1215 graviter
2859 1211 2863 1215 .

386 1258 414 1283 «
449 1230 847 1313 probabilem,
881 1232 1028 1312 quia
1069 1232 1351 1314 opposita
1390 1235 1548 1296 esset
1596 1232 1747 1296 mihi
1794 1234 2191 1315 probabilior.
2224 1235 2383 1298 Item
2431 1234 2485 1298 si
2521 1234 2832 1316 poeniten-

386 1360 416 1390 «
450 1336 592 1409 tem,
634 1334 743 1414 qui
774 1334 870 1397 est
899 1334 965 1397 in
996 1334 1155 1398 bona
1188 1334 1324 1410 fide,
1358 1354 1670 1399 monerem
1702 1336 1805 1409 (ut
1842 1337 2123 1400 nonnulli
2164 1337 2656 1401 adversariorum
2694 1354 2831 1399 con-

387 1463 416 1491 «
451 1434 709 1499 tendimt
757 1435 1130 1515 faciendum)
1178 1435 1251 1499 de
1298 1437 1506 1517 aliqua
1555 1438 1800 1502 malitia
1846 1439 1937 1502 illi
1991 1438 2325 1522 incognita,
2360 1442 2602 1520 praeter
2633 1456 2831 1501 neces-

387 1564 418 1593 «
449 1538 610 1602 saria
659 1537 735 1600 ad
775 1538 1061 1613 salutem,
1102 1537 1348 1602 etiamsi
1397 1539 1831 1620 praeviderem,
1872 1541 2281 1604 monitionem
2308 1540 2404 1603 illi
2452 1541 2826 1611 obfuturam,

388 1668 419 1697 α
451 1642 538 1704 ita
585 1643 658 1703 ut
695 1660 838 1704 eum
883 1640 1196 1705 iniicerem
1249 1640 1309 1703 in
1345 1642 1583 1704 statum
1618 1643 1850 1723 peccati
1898 1642 2196 1706 formalis.
2231 1641 2452 1705 Nescio
2490 1642 2704 1724 igitur,
2747 1641 2833 1705 in-

386 1770 416 1799 «
447 1762 654 1825 quam,
707 1763 785 1807 311
834 1744 911 1808 ob
961 1744 1110 1807 haec
1159 1746 1219 1807 et
1271 1743 1415 1819 alia,
1451 1761 1608 1823 quae
1643 1743 1918 1808 fautores
1950 1743 2186 1826 rigidae
2225 1743 2564 1807 sententiae
2589 1761 2697 1825 pro
2744 1762 2834 1805 re-

388 1871 420 1899 «
451 1845 615 1929 gulis
662 1845 784 1908 sibi
814 1847 1127 1921 statuunt,
1170 1845 1415 1908 nullum
1439 1844 1784 1927 pericnlum
1808 1845 2031 1909 salutis
2063 1846 2400 1909 incurrant.
2434 1844 2503 1908 P.
2538 1842 2834 1908 Constan-

389 1948 616 2013 «tinus
665 1947 1029 2031 Roncaglia,
1065 1947 1161 2011 vir
1205 1947 1486 2011 doctrina
1534 1949 1596 2010 et
1642 1947 1987 2012 eruditione
2035 1948 2189 2012 satis
2237 1950 2442 2024 notus
2490 1947 2725 2011 fatetur
2770 1946 2831 2009 in

388 2076 418 2106 «
450 2070 560 2112 sua
613 2049 824 2113 Tleeol.
875 2070 1027 2114 mor.
1070 2051 1250 2113 tract.
1307 2051 1362 2112 1.
1398 2069 1447 2113 c.
1479 2052 1538 2112 2.
1579 2069 1707 2134 reg.
1742 2051 1805 2114 in
1842 2070 2009 2132 prax,
2052 2070 2115 2114 se
2163 2050 2495 2132 aliquando
2552 2051 2833 2113 secutum

387 2179 416 2207 «
453 2151 636 2216 fuisse
674 2152 945 2236 rigidam
1002 2151 1374 2216 sententiam
1420 2171 1678 2233 eamque
1732 2151 2011 2216 docuisse
2060 2172 2166 2235 per
2212 2153 2416 2234 plures
2465 2171 2690 2216 annos:
2739 2151 2838 2214 At

387 2280 418 2309 «
451 2256 863 2333 experimento
910 2253 1042 2317 vide?
1078 2254 1193 2325 (sic
1231 2253 1430 2335 addit)
1457 2253 1563 2315 nih
1573 2252 1621 2315 il
1665 2253 1754 2315 acl
1767 2255 2033 2333 praoeim
2076 2254 2411 2323 deservire:
2440 2255 2584 2334 quis
2614 2254 2839 2315 etenim·

387 2382 419 2412 «ε
451 2355 543 2419 vel
585 2354 889 2420 studendo
937 2360 999 2417 et
1020 2355 1359 2434 praecipue
1390 2354 1539 2416 (lum
1568 2355 1752 2417 aadit
1785 2354 2217 2433 eontiessione&
2242 2358 2453 2435 potest
2480 2355 2687 2418 omnia
2719 2374 2839 2417 mo-

387 2486 414 2513 «
451 2462 656 2521 menta
703 2458 1035 2538 utriusque
1069 2459 1285 2536 partis
1332 2456 1567 2520 librare
1600 2461 1660 2519 et
1695 2457 1841 2521 inde
1877 2457 2174 2538 definire:
2207 2456 2315 2521 leoc
2348 2461 2442 2520 est
2466 2457 2677 2520 minas
2694 2477 2840 2537 pro-

388 2589 415 2616 «
452 2559 671 2634 babile,
716 2559 826 2624 leoc
872 2564 969 2625 est
997 2558 1452 2641 probabilius?
1489 2558 1630 2624 Hoc
1661 2564 1821 2626 esset
1842 2581 1999 2625 onas
2028 2558 2439 2625 intolerabile.
2475 2558 2650 2624 Satis
2684 2557 2840 2622 mihi

389 2691 418 2720 <t
448 2662 572 2742 fuit
613 2666 683 2727 in
719 2664 924 2743 praxi
951 2664 1129 2744 sequi
1158 2664 1521 2736 sententias,
1555 2684 1712 2743 quas
1743 2663 2114 2728 rationabili
2138 2662 2543 2743 fimdmnento
2580 2664 2841 2726 inniscas

386 2794 416 2825 «
439 2771 662 2847 putavi
691 2773 754 2831 et
781 2769 876 2830 ita
926 2766 1167 2831 credidi
1209 2765 1582 2845 satisfecisse
1629 2787 1798 2830 meac
1844 2769 2122 2831 eonscicn
2132 2768 2252 2832 tiae
2288 2766 2519 2847 absque
2564 2786 2631 2828 eo
2674 2764 2843 2846 quod

385 2897 418 2928 «
457 2891 548 2933 nze
578 2870 850 2934 iudicem
895 2870 1326 2934 constituerem
1381 2870 1548 2932 inter
1591 2871 1802 2932 mimis
1834 2868 2221 2949 probabilem
2271 2873 2333 2932 et
2374 2870 2577 2950 wia-qis
2609 2868 2839 2948 proba-

386 2998 418 3030 «
451 2972 630 3036 bilem
665 3001 727 3036 ».

1530 3159 1670 3221 VII.

1211 3297 1577 3376 Emponitar
1606 3299 1787 3358 serta
1833 3316 1908 3357 ra
1917 3296 1998 3356 tio

565 3488 733 3569 Quia
765 3487 1074 3550 sententia
1108 3485 1376 3566 bcniyna
1408 3487 1504 3547 est
1524 3481 1940 3563 probabilior,
1978 3483 2100 3546 imo
2123 3479 2658 3562 probabilissima.

469 3709 504 3742 «
537 3681 808 3749 Etiamsi
846 3678 1235 3754 concedatur,
1270 3674 1438 3757 quod
1476 3673 1640 3737 adsit
1673 3674 1771 3737 lex
1802 3673 2018 3736 vetans
2049 3691 2233 3737 usum
2284 3670 2588 3754 opinionis
2635 3668 2840 3732 minus

385 3813 416 3844 α
451 3789 627 3851 tutae
665 3784 787 3850 nisi
824 3783 908 3847 sit
939 3779 1336 3866 probabilior,
1376 3777 1474 3840 vel
1505 3776 1694 3840 etiam
1728 3795 1869 3838 cum
1905 3794 2133 3858 magna
2157 3771 2727 3856 praeponderantia,
2767 3768 2841 3831 ut

386 3913 418 3945 «
451 3889 649 3970 aliqui
695 3906 766 3949 ex
814 3883 1256 3949 recentioribus
1295 3878 1708 3951 contenduntz
1750 3876 2031 3952 dicimus,
2067 3874 2231 3957 quod
2262 3875 2473 3937 nostra
2514 3871 2837 3946 sententia,

387 4017 419 4048 «
453 4010 668 4074 nempe
717 3988 883 4070 quod
933 3987 1119 4049 liceat
1150 3983 1322 4065 sequi
1349 3981 1699 4065 opinionem
1737 3978 2118 4062 probabilem
2149 3994 2259 4058 pro
2291 3974 2599 4044 libertate,
2625 3972 2842 4035 relicta

387 4125 418 4152 «ι
455 4090 876 4179 probabiliori,
912 4091 1007 4154 est
1036 4089 1221 4171 longe
1251 4085 1629 4168 probabilior
1663 4081 1791 4145 sive
1825 4077 2338 4163 probabilissima,
2364 4076 2489 4139 imo
2521 4073 2844 4138 moraliter

388 4225 419 4254 e
454 4217 559 4262 seu
592 4197 727 4260 lato
761 4191 943 4258 modo
992 4192 1177 4254 certa.
1213 4188 1285 4252 Id
1314 4188 1491 4271 patet
1524 4205 1594 4249 ex
1630 4182 2015 4268 argumentis
2047 4197 2233 4261 supra
2266 4177 2580 4260 expositis,
2608 4175 2846 4240 scilicet

390 4329 420 4356 «
454 4301 554 4381 (ut
580 4297 796 4382 paucis
817 4294 1018 4358 omnia
1047 4291 1358 4375 praedicta
1384 4287 1827 4374 perstringam)
1854 4285 1902 4347 Ι.
1923 4282 2068 4365 quia
2093 4282 2155 4346 in
2180 4279 2367 4346 dubio
2392 4279 2548 4364 legis
2572 4277 2846 4363 possidet

388 4429 420 4460 α
453 4402 735 4472 libertas,
779 4396 859 4459 II.
889 4394 1032 4477 quia
1058 4394 1156 4458 lex
1185 4393 1306 4457 nisi
1335 4393 1499 4457 certe
1523 4390 1605 4454 sit
1631 4387 2052 4473 promulgata.
2085 4402 2205 4448 non
2247 4382 2519 4462 obligat:
2554 4381 2671 4445 III.
2698 4379 2843 4460 quia

392 4531 424 4560 «ι
460 4504 616 4567 alias
666 4516 898 4582 magna
945 4494 1348 4561 intercederet
1393 4493 1763 4557 difformitas
1803 4490 1864 4553 in
1900 4486 2289 4553 observantia
2323 4484 2514 4568 legis:
2550 4483 2659 4547 IV.
2701 4482 2847 4563 quia
