3529 5158
345 362 490 439 [104]
1090 378 1172 418 Aa
1211 377 1420 420 omna
1458 374 1651 417 ,Ac-rus
1687 375 2098 418 immamus
2741 369 2815 424 95

345 476 509 540 mala
558 474 807 539 malitia
856 474 1239 540 omissionis:
1291 474 1480 538 tertia
1528 491 1670 537 vero
1717 472 1893 537 nullo
1954 473 2137 538 modo
2186 478 2282 539 est
2327 477 2513 553 mala,
2564 479 2669 541 sed
2716 481 2811 543 est

344 577 697 642 indifferens
729 603 791 641 ».

442 705 477 736 «
508 679 683 743 Talis
717 681 931 744 autem
963 678 1127 743 actio
1160 680 1276 753 est,
1311 676 1557 758 quando
1591 676 1730 757 quis
1764 675 1915 740 facit
1961 676 2236 758 aliquam
2269 681 2688 761 operationem
2719 682 2810 746 ita

344 781 509 864 quod
553 782 717 846 circa
763 784 1114 845 creaturam
1161 798 1284 844 non
1326 779 1599 843 afficitur
1642 778 1992 843 inordinate
2039 799 2148 845 nec
2193 783 2405 846 tamen
2450 784 2626 847 illam
2673 802 2811 867 ope·

346 885 652 949 rationem
683 886 1005 965 comparat
1052 883 1130 947 ad
1162 882 1384 955 Deum,
1420 882 1525 945 sed
1572 881 1724 944 facit
1756 884 2006 964 propter
2036 881 2307 964 aliquem
2346 884 2550 961 finem,
2585 887 2693 968 qui
2724 907 2813 952 re-

343 986 527 1069 spicit
572 985 986 1069 indigentiam
1032 986 1313 1059 naturae,
1349 985 1422 1047 ut
1468 1002 1609 1046 cum
1658 983 1887 1064 aliquis
1921 984 2203 1048 ambulat
2248 988 2322 1048 ut
2353 990 2676 1065 recreetur,
2712 989 2811 1053 vel

345 1087 615 1152 comedit
642 1088 718 1150 ut
747 1085 1094 1150 reficiatur:
1143 1085 1290 1149 talis
1324 1085 1487 1148 actio
1520 1084 1869 1149 indifferens
1915 1084 2259 1161 iudicatum
2309 1088 2456 1169 quia
2488 1090 2655 1154 Deus
2700 1109 2811 1154 nec

344 1190 520 1254 illam
552 1190 907 1253 remunerat
951 1207 1062 1252 nec
1106 1188 1384 1270 imputat
1414 1187 1477 1250 in
1510 1187 1779 1270 culpam.
1813 1187 1895 1251 Et
1928 1187 2061 1264 hoc,
2097 1190 2245 1270 quia
2293 1190 2356 1254 in
2403 1191 2521 1255 tali
2567 1193 2809 1257 actione

344 1310 463 1355 non
489 1293 587 1354 est
610 1290 856 1354 malitia
878 1288 1364 1364 commissionis;
1398 1289 1545 1370 quia
1569 1306 1691 1353 non
1715 1291 1811 1353 est
1835 1289 2188 1354 inordinata
2214 1291 2461 1358 dilectio
2488 1312 2596 1358 nec
2620 1295 2812 1359 etiam

346 1392 732 1465 omissionis;
766 1410 890 1455 non
924 1391 1087 1455 enim
1120 1410 1358 1474 semper
1389 1391 1631 1455 omittit
1678 1392 1887 1468 homo,
1922 1393 2168 1474 quando
2202 1396 2476 1460 actiones
2508 1415 2654 1460 suas
2688 1415 2810 1461 non

347 1494 531 1559 refert
562 1493 625 1557 in
662 1494 883 1557 Deum.
919 1518 980 1556 ».

441 1622 477 1653 «
509 1595 884 1679 Indulgetur
915 1594 1077 1658 enim
1116 1597 1378 1659 naturae
1409 1594 1619 1679 fragili
1651 1597 1714 1659 et
1745 1594 2046 1673 infirmae,
2080 1600 2155 1662 ut
2193 1600 2396 1663 multa
2428 1601 2626 1682 possit
2657 1601 2813 1665 talia

345 1698 539 1762 facere
570 1717 683 1762 nec
707 1698 875 1762 Deus
922 1697 1183 1779 requirit
1229 1698 1308 1760 ab
1353 1697 1602 1761 homine
1650 1697 1713 1760 in
1760 1697 1878 1760 tali
1925 1700 2101 1762 statu
2149 1700 2570 1765 distractionis
2603 1705 2666 1767 et
2697 1703 2810 1766 mi-

348 1801 560 1875 seriae,
590 1799 757 1882 quod
783 1798 1011 1871 omnia,
1040 1817 1198 1879 quae
1222 1798 1390 1874 facit,
1419 1799 1644 1862 referat
1677 1798 1753 1861 ad
1788 1818 1885 1863 se:
1921 1800 2181 1881 requirit
2212 1803 2420 1866 tamen
2455 1803 2809 1885 aliquando,

348 1901 596 1983 quando
642 1903 738 1965 est
783 1900 957 1965 locus
988 1903 1052 1964 et
1097 1903 1345 1982 tempus
1375 1902 1439 1964 et
1469 1903 1619 1964 tunc
1665 1900 1719 1963 si
1768 1901 1953 1965 homo
2000 1921 2122 1967 non
2169 1903 2414 1983 referat,
2466 1906 2810 1971 omittendo

348 2007 559 2087 peccat
592 2030 653 2068 ».

441 2133 476 2161 «
502 2104 974 2170 Concedendum
1021 2107 1115 2169 est
1162 2105 1375 2188 igitur,
1411 2106 1574 2169 sicut
1611 2106 1882 2171 rationes
1915 2107 2218 2189 quaedam
2259 2109 2611 2187 ostendunt,
2645 2110 2812 2192 quod

348 2208 570 2272 divisio
606 2208 869 2272 actionis
917 2227 1022 2290 per
1069 2207 1295 2271 bonam
1343 2209 1406 2271 et
1449 2207 1683 2271 malam
1730 2226 1855 2272 non
1901 2212 1995 2273 est
2042 2229 2148 2292 per
2178 2211 2555 2276 differentias
2601 2214 2813 2278 imme-

347 2312 579 2378 diatas:
614 2330 723 2395 pro
755 2330 827 2375 eo
859 2310 1026 2392 quod
1070 2310 1234 2374 inter
1263 2309 1422 2375 tales
1470 2309 1847 2374 differentias
1879 2312 2188 2395 contingit
2220 2314 2469 2395 reperiri
2515 2314 2808 2392 medium,

346 2416 472 2480 sive
521 2416 687 2479 actio
734 2413 1156 2478 consideretur
1202 2412 1539 2476 secundum
1585 2430 1781 2496 genus
1831 2413 2051 2495 operiS,
2086 2414 2215 2477 sive
2246 2417 2528 2497 respectu
2561 2434 2814 2497 operan-

348 2518 429 2582 tis
465 2544 525 2579 ».
562 2517 661 2581 Ita
698 2516 932 2582 Doctor
971 2513 1355 2597 Seraphicns.

435 2621 624 2683 Forte
671 2618 871 2683 dicere
915 2618 1146 2694 liceret,
1197 2616 1381 2698 quod,
1433 2634 1574 2680 cum
1622 2635 1669 2680 s.
1704 2616 1940 2682 Doctor
1985 2619 2063 2682 ab
2109 2619 2290 2684 initio
2331 2619 2404 2683 de
2450 2621 2694 2684 actibus
2725 2621 2813 2686 lo·

346 2725 579 2805 quatur
612 2720 952 2784 meritorius
986 2720 1146 2782 vitae
1175 2723 1487 2792 aeternae,
1522 2721 1699 2783 actus
1745 2720 2111 2797 considerat,
2147 2741 2268 2786 non
2309 2725 2617 2803 quatenus
2647 2743 2811 2789 mere

346 2826 619 2889 habeant
667 2824 1055 2887 honestatem
1103 2821 1471 2896 naturalem,
1522 2821 1627 2885 sed
1666 2826 1974 2903 quatenus
2020 2824 2366 2889 referantur
2412 2825 2489 2889 ad
2537 2826 2810 2891 ordinem

345 2926 763 3009 superiorem:
810 2927 886 2988 ut
932 2927 1109 2987 actus
1171 2923 1425 3004 quidam
1480 2924 1607 2988 sint
1668 2924 2099 3004 indifferentes,
2150 2946 2221 2992 eo
2276 2928 2440 3009 quod
2488 2933 2634 2994 sunt
2683 2929 2811 2994 sine

342 3031 629 3108 respectu
675 3027 884 3088 meriti
922 3023 1015 3086 vel
1060 3024 1346 3088 demeriti
1391 3025 1468 3088 ad
1517 3027 1711 3090 vitam
1760 3031 2094 3091 aeternam.
2130 3029 2362 3092 Verum
2409 3030 2664 3111 quinam
2696 3031 2812 3094 hac

342 3133 404 3196 in
454 3128 792 3214 hypothesi
836 3128 1039 3192 forent
1072 3130 1248 3191 actus
1293 3127 1705 3191 indifferentes
1726 3132 1757 3191 ⁴?
1790 3128 2144 3192 viderentur
2175 3148 2305 3192 esse
2340 3133 2516 3192 actus
2555 3136 2815 3193 natura-

342 3231 493 3296 liter
526 3230 789 3302 honesti,
822 3230 1014 3294 eliciti
1050 3230 1112 3292 vi
1144 3229 1321 3293 liberi
1350 3229 1611 3300 arbitrii,
1649 3228 1879 3308 absque
1913 3229 2143 3292 auxilio
2191 3230 2451 3310 gratiae.
2486 3230 2573 3292 At
2604 3230 2815 3294 huius·

338 3335 513 3399 modi
540 3337 721 3397 actus
744 3334 1081 3415 possuntne
1104 3331 1197 3395 ita
1221 3330 1502 3406 describi,
1527 3332 1601 3392 ut
1626 3329 1752 3392 sint
1775 3330 2069 3402 actiones,
2096 3349 2254 3409 quae
2276 3348 2404 3392 non
2435 3331 2815 3393 ordinantur

337 3438 407 3501 in
438 3437 659 3517 finem,
681 3438 945 3515 propter
975 3434 1294 3513 operantis
1324 3430 1764 3512 infirmitatem
1793 3435 1856 3493 et
1882 3432 2223 3506 miseriam,
2263 3453 2421 3513 quae
2455 3454 2584 3498 non
2619 3434 2816 3514 impu»

341 3543 570 3602 tantur
614 3538 685 3599 in
730 3535 997 3616 culpam,
1037 3536 1189 3616 quia
1219 3533 1398 3598 Deus
1444 3531 1733 3615 indulyet
1758 3537 2028 3597 naturae
2071 3532 2299 3617 frayili
2333 3540 2396 3599 et
2422 3537 2714 3618 infirmae
2745 3538 2814 3600 in

340 3640 458 3703 tali
486 3642 669 3704 statu
700 3637 1133 3702 &structionis
1168 3640 1232 3700 et
1265 3637 1575 3709 miseriae,
1602 3639 1676 3699 ut
1701 3636 1792 3700 ait
1817 3655 1864 3700 s.
1893 3637 2128 3702 Doctor
2149 3637 2191 3702 l.
2219 3657 2270 3703 c.
2292 3642 2322 3702 Ρ
2351 3639 2636 3705 Profecto
2669 3659 2811 3705 non.

336 3740 502 3809 Cum
541 3760 690 3827 ergo
723 3741 888 3805 idem
918 3739 1246 3805 concludat
1269 3739 1311 3802 1.
1340 3759 1389 3803 c.
1417 3737 1871 3802 eoncedendum
1900 3758 2031 3802 esse
2061 3739 2227 3822 quod
2259 3741 2385 3805 sint
2417 3742 2610 3823 aliqui
2637 3745 2813 3806 actus

337 3845 785 3918 indifferenteS,
820 3842 974 3906 satis
1019 3842 1218 3923 liquet
1264 3861 1336 3905 ex
1383 3843 1519 3906 toto
1566 3843 1880 3920 contextu,
1932 3842 2009 3905 ad
2054 3860 2244 3922 quam
2282 3862 2354 3906 ex
2399 3844 2699 3925 partibuS,
2741 3862 2812 3907 ea

336 3946 473 4031 ipsa
530 3947 761 4020 aetate,
797 3944 959 4009 inter
1002 3963 1066 4008 se
1112 3942 1624 4008 contendentibus
1672 3943 1760 4024 (n.
1801 3943 1979 4025 168.)
2016 3943 2148 4025 ipse
2195 3943 2464 4007 accedat.
2503 3943 2811 4007 Nolumus

335 4069 484 4136 ergo
520 4047 855 4113 communi
876 4046 1377 4130 interpretationi
1407 4045 1725 4130 refragari.

426 4146 599 4223 104.
651 4148 889 4233 Operae
936 4149 1205 4231 pretium
1253 4167 1396 4212 vero
1445 4149 1539 4212 est
1584 4165 1941 4231 comparare
1986 4147 2332 4211 doctrinam
2379 4145 2811 4225 Scotistarum‚

334 4271 532 4336 quam
565 4251 691 4335 ipsi
723 4252 1013 4334 repetunt
1047 4271 1079 4314 a
1114 4269 1162 4313 S.
1198 4250 1657 4326 Bonaventura,
1691 4268 1834 4313 cum
1865 4249 2333 4313 Thomistarum
2366 4248 2667 4314 doctrina.
2701 4251 2816 4315 Fa-

334 4357 451 4420 cile
498 4355 673 4420 enim
724 4353 1068 4436 apparebit,
1120 4353 1308 4416 aliam
1358 4357 1546 4433 atque
1594 4352 1784 4415 aliam
1830 4369 1960 4416 esse
2006 4351 2310 4416 rationem
2356 4351 2659 4417 bonitatis
2705 4371 2814 4418 seu

332 4457 720 4532 honestatis,
754 4455 1093 4519 seeundum
1124 4474 1313 4537 quam
1345 4457 1609 4536 utraque
1642 4472 1786 4536 pars
1823 4453 1898 4518 de
1937 4453 2200 4518 actionis
2231 4455 2345 4517 aut
2374 4453 2654 4519 bonitate
2701 4457 2813 4520 aut

330 4561 589 4625 malitia
636 4560 756 4623 aut
803 4557 1213 4621 indifferentia
1263 4557 1614 4622 decernunt.
