3529 5158
360 344 468 420 [42]
611 358 997 401 ronow-*ru
1034 359 1261 402 caussa
1299 360 1541 402 sm’nui.
1576 362 1940 404 munnam
1978 363 2246 406 nomme
2280 364 2608 412 nmmsrm
2754 354 2826 410 37

366 455 677 521 sationem
725 475 835 538 pro
882 457 1052 533 voto,
1100 457 1174 521 de
1220 457 1398 521 cuius
1443 457 1652 522 valore
1697 458 1957 523 dubium
2003 461 2098 524 est
2143 463 2207 523 et
2251 461 2624 526 huiusmodi.
2665 463 2829 529 Bene

360 558 851 622 Poenitentiaria
887 577 1068 641 saepe
1096 559 1455 641 respondet:
1489 559 1777 622 consulat
1793 561 2092 639 probatos
2120 566 2421 626 auctores.

445 659 678 724 Suarez
724 660 783 723 1.
812 662 872 724 2.
899 662 1082 724 tract.
1112 662 1172 724 2.
1192 660 1346 743 disp.
1368 662 1429 723 4.
1449 654 1596 725 sect.
1621 662 1677 724 1.
1696 682 1756 724 n.
1782 663 1883 726 18.
1911 662 2179 726 advertit
2210 682 2339 728 esse
2371 664 2479 746 qui
2509 666 2826 747 requirant

365 763 444 826 ab
489 763 740 827 homine
780 781 1090 827 summam
1129 762 1520 847 diligentiam
1566 766 1629 828 et
1659 764 1825 845 quod
1870 765 2056 829 homo
2094 764 2285 829 faciat
2315 770 2622 848 quantum
2651 769 2715 832 in
2761 788 2824 834 se

357 867 470 943 est,
497 866 692 929 etiam
731 885 795 930 se
827 865 1247 948 praeparando
1286 865 1366 929 ad
1402 865 1675 949 gratiam
1714 886 1824 931 nec
1854 886 1961 949 per
1997 867 2249 949 aliquod
2277 870 2600 951 peccatum
2632 876 2824 954 ponat

353 967 867 1049 impedimentum
892 967 1136 1031 divinae
1158 967 1625 1045 illuminationi,
1644 988 1768 1049 qua
1793 971 2002 1051 posset
2025 969 2380 1053 ignorantia
2396 973 2634 1055 expelli.
2652 974 2824 1040 Haec

355 1071 591 1143 autem,
618 1088 777 1151 quae
801 1069 1059 1150 quidam
1090 1064 1485 1150 antiquiores
1502 1069 1788 1134 dicebant
1810 1070 1883 1135 de
1905 1070 2262 1154 ignorantia
2285 1072 2350 1135 in
2371 1074 2635 1138 materia
2658 1075 2819 1155 fidei,

355 1172 464 1236 alii
500 1172 926 1253 imprudentes
965 1172 1419 1236 transtulerunt
1449 1171 1528 1235 ad
1564 1171 1984 1255 ignorantiam
2020 1174 2382 1256 generatim.

435 1272 716 1337 Elizalde
748 1273 980 1356 pariter
1010 1272 1429 1355 imprudenter
1464 1273 1712 1350 statuit,
1744 1292 1870 1339 non
1906 1293 2084 1357 posse
2123 1276 2428 1360 assignari
2463 1295 2817 1344 mensuram

347 1375 709 1458 diligentiae
748 1375 934 1457 idque
963 1376 1167 1439 Deum
1201 1375 1490 1452 voluisse,
1527 1378 1603 1439 ut
1632 1376 1807 1439 nulla
1845 1376 2167 1460 diligentia
2207 1377 2616 1442 omitteretur.
2657 1380 2814 1446 Vide

345 1477 422 1542 de
456 1478 575 1542 hac
611 1497 677 1541 re
707 1475 892 1543 Croix
924 1478 1033 1542 lib.
1072 1478 1129 1541 1.
1164 1496 1266 1540 nn.
1304 1476 1629 1541 761.-766.

524 1582 599 1643 21ι
632 1579 1013 1644 Dimitienda
1043 1581 1139 1643 est
1173 1579 1429 1644 moralis
1466 1579 1791 1663 diligentia
1829 1598 1900 1644 ex
1930 1581 2027 1641 rei
2054 1581 2382 1661 yravitate.
2416 1580 2617 1646 Aliter
2646 1585 2810 1648 enim

346 1682 485 1764 quis
519 1681 830 1746 sollicitus
862 1684 957 1746 est
986 1699 1096 1764 pro
1120 1680 1483 1745 inveniendo
1517 1680 1758 1746 modico
1791 1699 2066 1757 nummo,
2093 1681 2276 1746 aliter
2308 1683 2362 1746 si
2394 1684 2650 1747 anulum
2681 1704 2811 1768 pre-

340 1786 579 1850 tiosum
624 1788 738 1850 aut
767 1783 1249 1869 chirographum
1284 1783 1513 1847 summi
1543 1783 1843 1847 momenti
1875 1783 2171 1846 amiserit.
2222 1783 2438 1849 Potior
2484 1785 2807 1869 diligentia

340 1889 696 1971 exposcitur
726 1890 791 1952 111
819 1887 1043 1961 iudice,
1068 1888 1123 1951 si
1154 1889 1384 1972 agatur
1413 1887 1487 1951 de
1517 1905 1705 1950 causa
1736 1886 1977 1964 mortis,
2011 1906 2201 1969 quam
2231 1887 2286 1950 si
2317 1888 2390 1951 de
2428 1888 2639 1970 aliqua
2670 1908 2808 1955 con-

336 1991 635 2067 tumelia;
663 1990 870 2072 potior
899 1990 1053 2053 item
1082 1989 1418 2071 requiritur
1441 1988 1503 2051 in
1533 1988 1792 2061 medico,
1815 1988 1926 2052 ubi
1955 1987 2208 2053 morbus
2232 1992 2327 2052 est
2356 1990 2586 2073 gravis
2613 2009 2801 2072 quam

336 2093 390 2157 si
427 2094 661 2177 agatur
691 2092 765 2157 de
800 2092 925 2156 levi
959 2092 1205 2157 ustione
1240 2092 1305 2155 in
1342 2091 1562 2175 digito.

512 2196 589 2257 3·
623 2194 972 2258 Mensurari
1002 2193 1215 2258 eadem
1247 2194 1426 2258 debet
1462 2213 1533 2257 ex
1564 2193 1866 2273 qualitate
1885 2212 2234 2271 persomoe
2267 2193 2340 2257 fit
2377 2194 2541 2259 enim
2571 2196 2646 2258 ut
2677 2215 2800 2261 non

337 2315 547 2361 omnes
579 2297 708 2360 sint
738 2315 992 2378 capaces
1022 2295 1295 2359 eiusdem
1336 2295 1695 2377 diligentiae
1717 2294 2115 2371 adhibendae,
2140 2313 2263 2359 non
2295 2314 2505 2360 omnes
2529 2296 2799 2362 habeant

332 2398 544 2463 eadem
583 2398 807 2462 media.

418 2500 521 2566 Sic
558 2500 699 2564 rudi
735 2501 892 2564 satis
937 2501 1054 2574 est,
1090 2499 1145 2564 si
1180 2499 1469 2563 consulat
1514 2496 1851 2579 parochum
1898 2499 2011 2561 aut
2056 2498 2516 2571 confessarium,
2550 2499 2702 2573 filio,
2742 2500 2797 2565 si

337 2607 575 2685 patrem
614 2605 728 2667 aut
766 2603 1028 2668 amitam
1074 2604 1135 2666 et
1182 2600 1527 2685 generatim
1562 2599 1618 2664 si
1646 2600 1932 2665 consulat
1969 2601 2109 2682 quis
2154 2600 2597 2684 prudentiores
2638 2623 2794 2685 quos

334 2724 409 2769 ea
443 2704 505 2768 in
537 2725 600 2768 re
630 2704 844 2768 adesse
874 2705 1080 2786 putat.

506 2808 579 2870 4·
608 2807 902 2871 Mensura
932 2806 1083 2871 haec
1114 2805 1385 2869 eernitur
1419 2803 1484 2868 in
1520 2803 1703 2871 modo
1736 2805 1958 2888 agendi
1989 2805 2477 2887 prudentiorum,
2512 2808 2620 2889 qui
2666 2828 2789 2875 non

328 2909 452 2974 sint
480 2910 713 2975 morosi
749 2911 814 2973 et
842 2908 907 2972 in
943 2907 1148 2984 modo,
1183 2925 1308 2989 quo
1338 2906 1585 2972 discreti
1623 2907 1878 2991 exigunt
1909 2907 1987 2970 ab
2019 2908 2159 2971 aliis
2196 2908 2606 2994 diligentiam.

413 3007 543 3081 42.
572 3010 800 3076 Suarez
838 3010 1089 3092 quidem
1124 3012 1181 3073 1.
1210 3011 1270 3073 2.
1299 3011 1479 3073 tract.
1515 3011 1576 3072 2.
1601 3008 1755 3091 disp.
1792 3010 1852 3072 4.
1886 3011 2034 3074 sect.
2074 3009 2132 3073 1.
2166 3031 2226 3073 n.
2266 3012 2366 3075 19.
2395 3013 2486 3076 ait
2517 3011 2684 3092 quod
2715 3032 2788 3077 ex

330 3114 641 3178 communi
672 3113 983 3179 sententia
1013 3112 1367 3196 ignorantia
1397 3113 1494 3175 est
1527 3110 1919 3187 invincibilis,
1952 3112 2017 3174 in
2063 3131 2188 3192 qua
2218 3111 2404 3176 homo
2436 3113 2786 3176 voluntarie

327 3217 477 3280 nihil
509 3217 754 3281 omittit
790 3215 986 3280 faeere
1022 3233 1255 3290 eorum,
1288 3232 1448 3295 quae
1479 3214 1686 3296 potest
1716 3213 1781 3275 et
1810 3212 1990 3275 debet
2021 3212 2100 3274 ad
2131 3213 2308 3274 illam
2343 3211 2784 3292 expellendam.

417 3317 720 3381 Potestas
763 3316 959 3398 (quod
990 3319 1226 3399 potest)
1268 3314 1671 3399 intelligenda
1718 3314 1814 3377 est
1867 3330 1989 3376 non
2046 3313 2308 3387 remota,
2355 3311 2589 3375 scilicet
2636 3312 2785 3392 quid

324 3422 551 3502 posset,
599 3418 707 3484 sed
754 3418 1054 3501 proxima,
1101 3417 1335 3482 scilicet
1378 3416 1528 3499 quid
1574 3416 1790 3499 possit,
1824 3440 1858 3472 «
1890 3433 2106 3497 nempe
2151 3414 2328 3478 iuxta
2372 3414 2785 3497 capacitatem

323 3523 590 3587 hominis
614 3526 679 3587 et
701 3521 1106 3587 consideratis
1128 3520 1613 3585 circumstantiis
1635 3520 1701 3584 et
1732 3518 1960 3582 notitia
1990 3537 2180 3600 quam
2208 3519 2416 3583 habet.
2441 3517 2607 3583 Nam
2634 3519 2784 3585 licet

321 3623 645 3710 diligentia
682 3624 770 3688 sit
798 3624 864 3687 in
897 3642 962 3688 se
1006 3623 1336 3706 possibilis,
1370 3625 1579 3688 tamen
1617 3623 1673 3687 si
1708 3641 1830 3686 non
1863 3621 2034 3686 venit
2069 3622 2134 3685 in
2169 3625 2440 3688 mentem
2477 3623 2780 3708 cogitatio

319 3726 390 3792 de
433 3727 567 3800 ina,
610 3726 712 3790 vel
757 3726 812 3790 si
857 3725 1043 3790 homo
1088 3726 1284 3790 nescit
1327 3726 1444 3791 1100
1490 3725 1590 3789 vel
1632 3724 1790 3789 illud
1835 3744 1967 3790 esse
2012 3724 2285 3791 medium
2331 3725 2408 3789 ad
2453 3727 2776 3791 scientiam

316 3830 685 3902 habendam,
716 3847 841 3893 non
878 3829 1083 3910 potest
1113 3828 1235 3892 diei
1265 3828 1429 3910 quod
1466 3847 1617 3893 usus
1646 3828 1820 3892 illius
1851 3827 2211 3913 diligentiae
2246 3828 2330 3892 sit
2361 3829 2682 3894 moraliter
2711 3829 2776 3894 in

315 3935 626 4014 potestate
661 3930 1011 3995 hominis».
1033 3929 1213 3995 Certe
1235 3948 1358 3993 non
1389 3929 1575 3994 datur
1604 3930 1959 4014 ignorantia
1991 3930 2315 4006 w‘ncibilis⁹
2341 3930 2462 3992 nisi
2493 3935 2777 3993 occurrat

313 4035 522 4108 menti,
548 4033 781 4098 saltem
811 4033 875 4096 in
910 4032 1167 4097 confuso
1201 4031 1504 4116 obligatio
1535 4050 1643 4096 seu
1674 4032 2008 4096 necessitas
2039 4031 2408 4113 inquirendi:
2435 4031 2636 4114 prima
2669 4050 2777 4095 au-

312 4137 431 4200 tem
453 4136 619 4208 idea,
644 4137 723 4199 ut
746 4134 1095 4216 frequenter
1117 4134 1509 4218 Augustinus
1539 4136 1770 4206 monet,
1796 4152 1916 4199 non
1943 4135 2125 4198 estin
2147 4134 2414 4198 hominis
2436 4135 2772 4217 potestate.

390 4237 615 4317 Quoad
653 4235 1095 4317 oblimtionem
1129 4236 1323 4319 (qnod
1354 4236 1576 4318 debet),
1608 4255 1731 4300 non
1777 4236 1934 4300 satis
1979 4241 2076 4301 est
2120 4237 2429 4303 hominem
2459 4239 2654 4304 teneri
2692 4238 2767 4302 ad

309 4340 541 4422 aliquid
576 4338 956 4412 faciendum,
1003 4339 1167 4421 quod
1214 4340 1267 4404 si
1313 4339 1561 4413 faceret,
1592 4357 1715 4403 non
1760 4340 2111 4423 ignoraret:
2151 4339 2254 4404 sed
2300 4343 2546 4424 oportet
2590 4341 2773 4406 illum

304 4439 436 4506 ideo
466 4441 672 4506 teneri
696 4439 778 4504 ad
808 4440 965 4505 illud
994 4441 1362 4515 faciendum,
1386 4445 1461 4506 ut
1492 4441 1814 4507 scientiam
1846 4442 2147 4524 acquirat,
2173 4462 2296 4524 qua
2320 4461 2392 4506 ea
2415 4443 2770 4527 ignorantia

302 4546 600 4610 exuatur:
628 4561 779 4606 nam
811 4541 939 4606 alia
971 4543 1272 4628 obligatio
1302 4546 1401 4610 est
1430 4545 1770 4609 extrinseca
1800 4547 1864 4609 et
1893 4546 2074 4627 quasi
2105 4565 2211 4628 per
2246 4544 2540 4609 accidens.
2571 4543 2646 4606 V.
2672 4564 2766 4627 gr.
