3529 5158
411 276 553 352 [254]
840 293 1202 341 Quo-rurum
1239 294 1331 335 srr
1367 295 1504 335 mx.
1543 296 1663 336 mx
1700 295 1998 352 posu-ru,
2037 295 2459 342 muscor’onuu
2762 286 2870 341 283

495 389 732 454 Verum
763 390 1040 472 potestas
1086 390 1442 475 legislativa
1489 411 1611 456 non
1657 393 1735 456 iis
1784 393 1990 457 solum
2037 395 2355 477 competit.
2395 395 2681 460 Breviter
2726 415 2868 460 cum

410 512 458 557 s.
490 492 810 575 Alphonso
843 492 992 556 haec
1023 494 1348 557 notemus:

498 594 789 677 Episcopi
818 594 975 658 ferre
1022 595 1284 677 possunt
1324 597 1492 680 leges
1539 615 1649 679 pro
1698 616 1813 661 sua
1861 599 2121 681 quisque
2168 599 2451 677 dioecesi,
2502 600 2693 663 etiam
2742 600 2871 664 sine

412 715 710 763 consensu
756 693 1052 780 Capituli,
1090 695 1212 762 nisi
1245 700 1450 763 tamen
1489 697 1562 762 de
1593 699 1669 762 iis
1709 702 1958 784 agatur,
1994 719 2153 782 quae
2184 702 2248 765 in
2280 700 2726 784 praeiudicium
2762 699 2874 765 Ca-

413 799 598 884 pituli
645 799 758 863 aut
803 796 968 864 Cleri
1012 798 1221 864 cedere
1268 803 1545 883 possunt.
1582 799 1978 867 Consuetudo
2026 805 2239 868 tamen
2277 803 2564 882 invaluit,
2609 806 2702 877 ut,
2751 805 2873 868 nisi

415 922 692 988 expresse
716 904 972 967 cautum
1006 903 1187 967 aliter
1222 903 1429 978 fuerit,
1455 923 1615 986 quae
1647 905 1727 969 ab
1755 905 1957 989 Episc.
1984 907 2157 969 extra
2182 904 2501 990 Synodum
2525 906 2869 985 edicuntur,

414 1026 537 1072 non
584 1006 854 1071 habeant
883 1006 1013 1070 vim
1034 1006 1210 1091 legiS,
1245 1006 1350 1071 sed
1386 1008 1540 1072 meri
1571 1009 1899 1091 praecepti.
1942 1006 2421 1092 Circumscripta
2468 1027 2613 1073 vero
2661 1012 2756 1073 est
2801 1027 2874 1072 ex

415 1111 506 1175 rei
561 1109 788 1173 natura
835 1108 986 1172 haec
1030 1108 1476 1192 Episcoporum
1523 1111 1819 1193 potestas,
1861 1110 1935 1173 ut
1979 1109 2385 1174 subordinata
2432 1112 2517 1174 sit
2575 1110 2875 1193 potestati

412 1213 682 1278 Romani
716 1210 1056 1276 Pontificis.
1093 1211 1256 1275 Hinc
1292 1212 1358 1275 1⁰
1380 1212 1537 1276 nihil
1567 1215 1833 1295 possunt
1866 1213 2203 1290 decernere,
2230 1212 2397 1295 quod
2427 1212 2686 1277 decretis
2715 1213 2874 1276 Pon-

413 1315 598 1380 tificis
637 1317 1015 1399 opponatur:
1067 1316 1134 1378 20
1166 1313 1340 1378 Nihil
1387 1317 1662 1380 statuere
1708 1315 1782 1380 de
1828 1317 1904 1380 iis
1950 1318 2229 1399 possunt,
2270 1335 2428 1398 quae
2476 1314 2659 1380 Sedes
2704 1315 2874 1398 Apo-

414 1418 635 1483 stolica
659 1417 779 1481 sibi
800 1417 1239 1482 reservaverit:
1276 1417 1345 1480 3⁰
1376 1416 1686 1499 Quidquid
1710 1417 2058 1495 decernant,
2096 1438 2131 1481 a
2164 1416 2315 1481 Sede
2338 1417 2701 1500 Apostolica
2733 1417 2874 1480 abo-

409 1521 524 1586 leri
560 1519 787 1603 potest.

503 1620 780 1687 Concilia
824 1621 1257 1698 Provincialia‚
1299 1621 1426 1685 sive
1473 1622 1663 1686 etiam
1708 1622 1984 1704 plurium
2014 1621 2483 1687 Provinciamm
2521 1623 2651 1685 sive
2689 1621 2873 1685 unius

414 1724 687 1790 nationis
736 1725 851 1787 aut
893 1723 1070 1809 regni
1116 1723 1241 1787 sint
1287 1723 1416 1788 sive
1452 1724 1746 1806 plurium,
1781 1723 1937 1788 ferre
1969 1724 2136 1809 leges
2170 1725 2432 1807 possunt
2461 1743 2572 1807 pro
2604 1743 2718 1789 suo
2756 1726 2874 1788 ter·

411 1827 654 1893 ritorio.
693 1825 834 1890 Non
881 1827 1088 1890 tamen
1137 1827 1249 1888 aut
1295 1825 1735 1909 archiepiscopi
1782 1844 1891 1889 seu
1935 1827 2369 1909 metropolitae
2417 1828 2531 1890 aut
2574 1826 2871 1908 primates

415 1932 588 1996 extra
636 1929 960 1994 dioecesim
990 1947 1170 1992 suam
1195 1930 1455 2012 possunt
1490 1928 1647 1993 ferre
1689 1930 1879 2014 legeS‚
1918 1929 2037 1994 nisi
2067 1930 2227 1994 forte
2265 1928 2492 1994 alicubi
2539 1929 2702 1993 hunc
2746 1948 2875 1994 mo·

414 2053 546 2098 rem
577 2031 889 2096 induxerit
918 2030 1317 2096 consuetudo.

504 2136 794 2200 Potestas
840 2121 1007 2217 le'ges
1052 2133 1284 2197 ferendi
1331 2131 1405 2196 fit
1451 2134 1642 2197 etiam
1689 2132 1980 2217 Capitulo
2029 2133 2180 2199 Sede
2227 2135 2519 2208 vacante;
2571 2153 2714 2198 nam
2761 2132 2874 2197 Ca·

412 2239 688 2323 pitulum
735 2235 1007 2300 succedit
1050 2235 1185 2300 loco
1233 2235 1521 2319 Episcopi
1553 2239 1616 2300 et
1646 2236 1762 2300 hae
1798 2237 1965 2321 leges
1998 2240 2202 2301 totam
2239 2237 2565 2302 dioecesim
2598 2237 2873 2320 obligare

412 2339 696 2425 possunt.
737 2338 1039 2403 Revocari
1063 2339 1270 2402 tamen
1304 2357 1340 2401 a
1379 2357 1725 2403 successore
1748 2339 2035 2422 Episcopi
2066 2340 2346 2422 possunt.
2376 2339 2637 2403 Vivente
2663 2339 2873 2401 autem
2986 2359 2987 2362 ¹

408 2444 737 2528 EpiscopO,
798 2442 976 2506 unice
1040 2441 1202 2504 circa
1263 2459 1361 2505 res
1422 2441 1797 2524 capitulares
1854 2440 2274 2521 probabiliter
2336 2441 2651 2506 decernere
2719 2440 2864 2522 quid

413 2546 696 2633 possunt.

503 2649 786 2731 Denique
809 2649 1085 2732 potestas
1110 2647 1465 2731 legislativa
1490 2648 1716 2712 residet
1745 2649 1935 2713 etiam
1962 2669 2145 2733 penes
2176 2668 2300 2728 coe,
2329 2650 2437 2731 qui
2467 2650 2531 2713 in
2564 2648 2874 2733 religiosis
2984 2659 2989 2662 ’

412 2752 747 2819 Ordinibus
786 2769 1144 2835 supremum
1181 2751 1390 2815 locum
1429 2752 1659 2828 tenent,
1694 2750 1825 2815 sive
1856 2753 2103 2815 servata
2135 2752 2219 2816 sit
2243 2749 2535 2834 Capitulo
2561 2749 2870 2826 Generali‚

416 2856 548 2920 sive
579 2854 868 2919 Generali
914 2853 1223 2927 Ministro,
1264 2854 1453 2936 prout
1495 2852 1704 2917 fenmt
1739 2854 2037 2937 cuiusque
2068 2853 2313 2918 Ordinis
2363 2852 2619 2918 Statuta
2653 2872 2876 2937 appro-

415 2959 567 3022 bata
603 2957 681 3021 ab
711 2956 1070 3039 Apostolica
1103 2954 1275 3033 Sede,
1309 2974 1341 3019 e
1373 2974 1496 3036 qua
1542 2956 1693 3019 haec
1728 2954 1997 3020 facultas
2029 2975 2140 3019 seu
2175 2956 2524 3020 iurisdictio
2574 2974 2645 3019 ex
2691 2955 2877 3037 privi-

414 3060 581 3145 legio
631 3058 907 3142 profluit.

507 3161 648 3227 Non
696 3160 1296 3245 comprehenduntur
1341 3160 1550 3222 tamen
1596 3157 1713 3222 hoc
1759 3177 1947 3222 censu
1993 3158 2382 3233 Abbatissae,
2445 3176 2603 3238 quae
2657 3158 2874 3238 utique

419 3267 747 3350 praecepta
778 3263 1158 3329 obedientiae
1189 3263 1502 3344 imponere
1538 3260 1802 3343 possunt
1834 3260 1910 3324 ob
1950 3259 2381 3337 obedientiam,
2418 3260 2494 3323 ad
2526 3277 2716 3341 quam
2746 3258 2880 3323 Mo-

419 3369 615 3433 niales
649 3369 936 3431 tenentur
965 3386 1038 3430 ex
1075 3365 1223 3430 voto
1255 3365 1320 3428 et
1356 3363 1434 3428 ob
1473 3363 1849 3446 potestatem
1874 3363 2356 3439 oeconomicam;
2389 3361 2880 3428 iurisdictionem

422 3475 632 3537 tamen
664 3469 907 3553 proprie
943 3469 1174 3532 dictam
1205 3485 1326 3531 non
1365 3465 1614 3530 habent.

514 3568 695 3644 254.
731 3573 820 3636 De
847 3569 1404 3646 DeclarationibuS,
1445 3569 1876 3646 decisionibus,
1910 3571 2411 3653 responsionibus
2436 3569 2880 3657 Congregatio·

423 3697 574 3742 num
605 3673 1030 3739 Cardinalium
1067 3672 1303 3754 aliquid
1349 3671 1646 3736 dieamus

511 3779 732 3844 Plures
777 3777 1083 3840 habentur
1119 3773 1667 3859 Congregationes,
1718 3794 1751 3838 e
1799 3775 2023 3857 quibus
2055 3775 2500 3841 declarationes
2548 3775 2873 3859 prodeunt,

425 3881 711 3946 videlicet
749 3900 796 3945 S.
831 3878 1052 3955 Officii,
1079 3898 1127 3942 s.
1164 3875 1443 3954 Concilii,
1476 3877 1921 3960 Episcoporum
1948 3880 2011 3941 et
2034 3878 2462 3961 Regularium,
2482 3897 2561 3941 ss.
2588 3877 2875 3951 Rituum,

421 3982 964 4055 Poenitentiariae‚
999 3999 1079 4045 ss.
1120 3980 1678 4065 Indulgentiarum,
1707 3980 1782 4044 de
1814 3979 2081 4063 Propag.
2123 3979 2299 4043 Fide.

514 4085 868 4166 Quaeritur,
909 4102 987 4148 an
1011 4084 1168 4147 istae
1192 4081 1639 4147 declarationes
1679 4082 1806 4145 vim
1837 4081 2107 4146 habeant
2128 4081 2307 4166 legis.
2341 4081 2544 4161 Quam
2573 4082 2884 4163 quaestio-

427 4207 565 4253 nem
599 4187 871 4251 breviter
903 4184 1145 4268 expedit
1176 4204 1223 4249 s.
1263 4185 1618 4268 Alphonsus
1649 4183 1757 4247 lib.
1799 4185 1855 4247 1.
1890 4204 1949 4248 n.
1987 4185 2134 4248 106.
2169 4187 2233 4249 et
2255 4186 2600 4270 generatim
2633 4185 2882 4261 statuit,

427 4290 734 4374 duplicem
756 4288 830 4352 de
861 4288 978 4352 hac
1001 4308 1066 4352 re
1097 4307 1228 4352 esse
1260 4286 1633 4351 sententiam
1657 4288 1720 4350 et
1743 4287 2074 4368 utramque
2099 4307 2229 4352 esse
2261 4289 2663 4372 probabilem.
2691 4287 2887 4368 Quae·

429 4393 548 4456 stio
598 4393 810 4456 autem
843 4389 933 4467 fit,
974 4408 1096 4453 non
1143 4389 1392 4471 quidem
1439 4387 1645 4470 quoad
1692 4407 1911 4452 causas
1952 4408 2061 4453 seu
2098 4409 2277 4455 casus
2315 4391 2739 4475 particulareS‚
2774 4409 2885 4473 pro

430 4494 654 4576 quibus
684 4492 1131 4557 declarationes
1177 4492 1380 4568 fiunt3
1429 4510 1576 4555 nam
1621 4492 2017 4555 consentiunt
2063 4511 2293 4572 omneS,
2334 4513 2444 4576 pro
2490 4494 2569 4558 iis
2615 4493 2889 4576 speciali-
