3529 5158
717 320 825 375 326
1254 331 1466 373 macr.
1504 332 1592 372 111.
1631 332 1717 371 nn
1753 329 2034 374 nmmos.
2073 328 2272 372 carm·
2311 329 2350 369 1.
2387 329 2531 372 111111.
2570 329 2653 371 rv.
3037 312 3185 390 [310]

717 430 1018 495 stantiam
1057 432 1121 493 et
1153 430 1216 493 in
1264 447 1375 493 suo
1415 448 1635 513 genere
1667 431 1846 492 actus
1877 428 2186 491 humanus
2219 426 2526 510 perfectus
2556 424 2789 491 censeri
2820 427 3049 508 potest.
3079 426 3181 490 Ita

704 552 827 611 per
870 531 1158 596 accidens
1204 534 1266 596 et
1296 532 1796 606 concomitanter‚
1832 529 1972 593 finis
2003 529 2230 610 aliquis
2261 528 2639 594 extrinsecus
2683 527 2853 610 operi
2893 526 3179 592 additur:

716 653 774 696 v.
801 653 895 718 gr.
923 634 1228 716 perfectus
1262 635 1439 698 actus
1470 635 1754 697 censetur
1785 633 2192 716 eleemosyna,
2228 630 2466 696 auditio
2500 629 2734 695 Missae
2766 631 2906 704 etc.‚
2943 649 3048 712 per
3085 649 3183 694 ac-

721 736 926 800 cidens
957 755 1101 801 vero
1150 735 1460 811 adiicitur,
1510 736 1582 799 ut
1626 734 1784 800 fiant
1828 734 1894 798 hi
1940 737 2116 798 actus
2164 733 2241 798 ad
2273 733 2641 817 suffragium
2689 732 3016 798 animabus
3042 753 3184 816 pur-

721 839 1015 923 gantibus
1048 838 1442 903 afferendum.
1483 838 1670 921 Ergo,
1710 835 2087 902 concludunt
2124 837 2282 912 DD.‚
2331 834 2637 900 eiusmodi
2681 837 2861 900 actus
2911 835 3182 918 praecipi

720 959 843 1006 non
890 942 1185 1023 possunt:
1219 941 1382 1004 ratio
1430 941 1543 1016 est,
1591 939 1884 1020 inquiunt
1931 936 2291 1003 Salmantic.
2340 937 2416 1001 de
2461 937 2615 1020 Leq.
2656 956 2790 1021 cap.
2835 939 2893 1000 1.
2941 958 3001 1001 n.
3055 938 3181 1015 70„

722 1043 869 1125 quia
916 1042 1064 1106 talis
1112 1043 1290 1106 actus
1322 1041 1581 1106 interior
1612 1040 1665 1105 si
1710 1041 1924 1106 cadere
1971 1041 2086 1105 sub
2132 1041 2268 1124 lege
2315 1041 2542 1123 posset,
2594 1040 2710 1104 sub
2754 1039 2893 1122 lege
2937 1038 3183 1104 caderet

725 1165 831 1228 per
863 1163 926 1208 se
966 1146 1029 1209 et
1066 1144 1327 1208 directe:
1361 1143 1526 1225 quod
1557 1144 1783 1208 nolunt
1815 1144 2144 1208 admittere
2178 1144 2256 1207 ob
2283 1143 2559 1207 rationes
2592 1160 2727 1224 sup.
2757 1141 3003 1206 allatas,

813 1248 976 1312 Hinc
1005 1248 1398 1322 concludunt,
1438 1266 1560 1311 non
1608 1266 1786 1330 posse
1833 1247 2119 1329 praecipi,
2167 1248 2242 1311 ut
2286 1268 2344 1310 v.
2394 1267 2488 1331 gr.
2522 1246 2910 1329 eleemosyna
2954 1244 3069 1308 fiat
3112 1263 3187 1308 ex

723 1369 869 1415 vera
915 1350 1241 1415 devotione
1265 1369 1373 1414 1100
1395 1350 1707 1434 prohiberi
1729 1350 1866 1434 lege
1897 1350 2189 1426 humana,
2222 1369 2298 1413 ne
2344 1350 2732 1433 eleemosyna
2761 1347 2876 1412 fiat
2921 1366 2994 1412 ex
3024 1365 3187 1411 vana

721 1453 1085 1518 intentione.

812 1555 998 1621 Secus
1046 1574 1188 1620 vero
1235 1554 1580 1632 dicendum,
1630 1553 1877 1636 quando
1925 1553 2183 1618 interior
2237 1556 2412 1618 actus
2453 1574 2578 1634 per
2634 1574 2701 1619 se
2745 1573 2888 1619 cum
2935 1555 3185 1618 externo

723 1658 1141 1743 coniungitur.
1175 1658 1293 1723 Per
1317 1677 1380 1723 se
1413 1660 1625 1722 autem
1660 1656 2061 1741 coniungitur
2105 1656 2336 1739 duplici
2372 1655 2578 1720 modo.

907 1763 974 1824 1ο
1011 1759 1269 1841 Quando
1318 1762 1494 1825 actus
1540 1760 1800 1824 interior
1844 1758 2184 1823 necessario
2239 1758 2577 1840 requiritur
2632 1761 2934 1840 tanquam
2979 1758 3185 1823 forma

725 1864 1108 1928 constituens
1142 1863 1447 1926 actionem
1499 1863 1564 1924 in,
1611 1881 1739 1924 esse
1774 1860 2004 1925 morali
2038 1861 2137 1925 vel
2190 1861 2415 1925 saltem
2461 1860 2526 1923 in
2563 1860 2805 1924 ratione
2842 1863 3022 1925 actus
3069 1860 3189 1924 vir·

725 1963 902 2029 tutis.
936 1964 1074 2028 Hoc
1105 1967 1286 2047 pacto
1333 1964 1672 2045 requiritur
1718 1964 1987 2027 interior
2008 1963 2270 2026 attentio
2301 1963 2379 2025 ad
2416 1961 2780 2026 exteriorem
2815 1962 3181 2037 orationem,

725 2067 989 2130 intentio
1033 2066 1317 2130 ministri
1360 2065 1438 2129 ad
1485 2066 1929 2131 conficiendum
1977 2067 2454 2141 sacramentum,
2488 2084 2824 2129 consensus
2853 2064 3187 2146 coniugum

729 2168 806 2232 ad
843 2168 1330 2234 contrahendum
1374 2168 1849 2233 matrimonium
1895 2170 1959 2233 et
2017 2168 2280 2231 intentio
2342 2165 2667 2249 obliyandi
2718 2187 2784 2231 se
2830 2167 2899 2230 in
2945 2169 3187 2230 contra-

728 2270 946 2335 atibus,

908 2376 979 2439 2ο
1016 2372 1272 2454 Quando
1317 2374 1577 2438 interior
1622 2373 2023 2458 coniungitur
2051 2391 2194 2436 cum
2218 2375 2466 2438 externo
2491 2375 2793 2454 tanquam
2822 2391 3013 2446 causa
3044 2390 3185 2437 cum

728 2477 980 2550 effectu;
1016 2477 1183 2558 quia,
1216 2476 1508 2557 inquiunt
1533 2474 1893 2540 Salmantic.
1921 2476 1963 2539 1.
1990 2494 2041 2539 0.
2068 2494 2127 2538 11.
2156 2475 2283 2554 63.,
2320 2477 2496 2539 actus
2529 2476 2795 2540 exterior
2823 2494 2948 2541 non
2980 2476 3187 2559 potest

728 2579 1049 2661 praestari,
1076 2578 1196 2643 nisi
1228 2598 1332 2661 per
1377 2578 1731 2643 interiorem
1766 2577 2129 2662 applicetur.
2167 2578 2268 2643 Ita
2290 2582 2686 2662 praeceptum
2722 2577 3012 2645 audiendi
3042 2577 3186 2642 Mis-

729 2705 863 2749 sam
896 2686 1156 2769 obligat‚
1191 2687 1263 2748 ut
1294 2685 1447 2749 velis
1483 2704 1730 2749 movere
1763 2684 1944 2767 pedes
1975 2686 2295 2749 ecclesiam
2324 2704 2556 2749 versus
2596 2685 2760 2750 Hinc
2781 2685 3181 2750 concludunt:

728 2806 876 2873 ergo
922 2789 1032 2869 qui
1079 2787 1377 2869 praecipit
1419 2787 1741 2863 ieiunium,
1791 2788 2091 2870 praecipit
2137 2790 2211 2853 ut
2256 2789 2441 2853 homo
2474 2786 2626 2851 velit
2651 2788 2927 2853 ieiunare
2959 2791 3022 2853 et
3053 2806 3186 2871 pro-

728 2891 900 2955 bibet
946 2889 1329 2953 contrarium
1378 2892 1587 2953 actum
1635 2890 2013 2954 voluntatis:
2054 2891 2163 2971 qui
2207 2890 2493 2973 prohibet
2523 2890 2784 2968 furtum,
2813 2892 3003 2956 simul
3051 2909 3185 2974 pro-

729 2993 901 3057 hibet
937 2995 1148 3056 actum
1196 2990 1442 3054 volendi
1469 2991 1729 3068 furtum,
1772 2991 1932 3056 unde
1978 2994 2191 3075 peccat
2235 2993 2453 3056 contra
2497 2994 2893 3075 praeceptum
2939 2992 3184 3058 furandi

728 3096 1007 3178 quisquis
1041 3094 1191 3159 velit
1236 3094 1451 3170 furari,
1499 3094 1646 3158 licet
1677 3098 1854 3158 actus
1885 3094 2152 3159 exterior
2182 3112 2303 3158 non
2337 3097 2625 3177 ponatur.

817 3199 899 3262 Et
944 3199 1060 3262 hoc
1107 3199 1287 3280 pacto
1319 3197 1645 3280 explicant,
1680 3195 1990 3278 quomodo
2026 3196 2090 3260 in
2122 3215 2255 3279 cap.
2299 3195 2641 3261 Commissa
2688 3196 2747 3279 g.
2789 3196 3081 3261 Ceteram
3114 3197 3187 3261 dc

726 3300 926 3364 E'lect.
960 3301 1024 3364 in
1073 3302 1140 3362 6⁰
1171 3299 1482 3383 obligetur
1512 3299 1767 3363 clericus
1801 3298 1878 3362 ad
1908 3298 2347 3382 resignandum
2391 3298 2752 3363 beneficium
2797 3302 3090 3364 curatum
3125 3303 3188 3365 et

729 3403 806 3465 ad
853 3400 1266 3464 restituendos
1313 3401 1553 3464 fructus
1592 3401 1754 3477 anni,
1805 3400 1858 3464 si
1888 3399 2045 3464 illud
2078 3401 2312 3484 accepit
2344 3401 2550 3466 animo
2597 3419 2720 3466 non
2765 3420 2830 3466 se
2862 3402 3186 3467 ordinandi

725 3505 891 3568 intra
941 3522 1204 3566 annum:
1246 3502 1393 3583 quia
1441 3522 1656 3585 nempe
1703 3502 1800 3566 lex
1847 3522 1989 3567 cum
2037 3503 2393 3587 praecipiat,
2434 3507 2507 3569 ut
2537 3505 2699 3569 sacri
2730 3505 2974 3571 ordines
3022 3526 3059 3570 a
3091 3508 3186 3571 be-

724 3605 1011 3669 neficiato
1057 3605 1274 3668 curato
1322 3607 1650 3668 sumantur
1687 3604 1855 3668 intra
1901 3623 2151 3681 annum,
2184 3606 2321 3688 ipsa
2342 3606 2440 3671 lex
2470 3607 2793 3689 prohibere
2838 3610 3073 3691 potuit,
3110 3627 3184 3673 ne

724 3706 1086 3771 beneficium
1118 3705 1475 3771 huiusmodi
1511 3709 1862 3771 sumeretur
1899 3708 2027 3771 sine
2060 3709 2267 3773 animo
2293 3728 2357 3773 se
2389 3709 2711 3775 ordinandi
2735 3713 2799 3774 et
2820 3710 3046 3776 idcirco
3080 3731 3187 3794 pu-

726 3810 855 3873 nire
894 3811 1400 3892 transgressores,

804 3908 967 3983 310.
1009 3912 1242 3976 Verum
1290 3912 1414 3975 alia
1461 3914 1557 3976 est
1595 3912 1905 3976 sententia
1953 3912 2120 3976 haud
2157 3932 2499 3996 paucorum
2544 3918 2608 3981 et
2653 3917 2869 4001 magni
2912 3917 3181 3982 nominis

725 4016 881 4091 DD„
915 4032 1070 4096 quos
1102 4015 1258 4078 citat
1291 4011 1515 4077 Suarez
1541 4012 1615 4076 de
1638 4012 1792 4095 Ley.
1827 4014 1868 4077 l.
1905 4016 1966 4077 4.
1985 4033 2036 4079 c.
2062 4016 2163 4078 12.
2190 4036 2250 4080 11.
2279 4017 2339 4079 3.
2374 4020 2437 4082 et
2468 4018 2698 4083 Palaus
2728 4020 2912 4084 tract.
2938 4019 3094 4103 disp.
3126 4021 3180 4083 1.

725 4138 782 4199 p.
819 4118 878 4179 6.
906 4135 965 4179 11.
1011 4117 1068 4179 1.
1103 4116 1210 4197 qui
1248 4115 1620 4180 sententiam
1650 4115 1998 4180 multorum
2045 4136 2174 4182 esse
2206 4117 2377 4191 dicit,
2411 4121 2694 4201 quamvis
2731 4139 2870 4185 eam
2899 4122 3031 4205 ipse
3061 4140 3181 4187 non

725 4220 1046 4300 sequatur.

817 4317 932 4382 Isti
977 4318 1041 4382 in
1088 4319 1302 4403 primis
1335 4320 1733 4404 distinguunt
1781 4322 2155 4404 potestatem
2201 4342 2368 4388 mere
2412 4323 2775 4389 directivam
2807 4345 2843 4390 a
2875 4330 3182 4409 potestate

728 4422 1026 4486 directiva
1073 4422 1261 4486 simul
1307 4426 1368 4486 et
1416 4423 1715 4487 coactiva.
1766 4423 1998 4489 Deinde
2036 4443 2179 4491 vero
2204 4427 2515 4502 statu1mt‚
2549 4428 2715 4509 quod
2744 4428 3070 4513 legislator
3098 4448 3184 4493 ec-

729 4523 1130 4599 clesiasticus,
1180 4524 1384 4604 quoad
1431 4526 1806 4608 potestatem
1854 4528 2191 4592 coactivam
2234 4532 2573 4608 exter-mam,
2623 4548 2745 4594 non
2790 4531 2988 4613 possit
3020 4550 3184 4615 prae-
