3529 5158
360 358 454 426 [46
465 357 521 424 8]
1141 371 1437 415 munim
1472 373 2060 417 mnarum-Armms
2726 365 2838 420 445

355 468 677 535 iustitiam
709 468 806 532 vel
836 468 1273 532 rectitudinem
1304 472 1367 533 et
1395 469 1460 532 in
1484 470 1758 553 gratiam
1785 469 2249 536 observantium
2285 472 2525 558 legem,
2510 498 2524 511 ·
2564 474 2688 538 alia
2711 493 2836 539 non

355 571 706 636 necessaria
739 572 836 635 est
872 570 977 634 sed
1014 570 1392 635 voluntaria.

451 673 614 755 Quia
661 673 809 738 licet
852 673 916 736 in
961 692 1086 738 uno
1134 692 1315 738 sensu
1359 674 1560 757 possit
1604 675 1703 739 lex
1746 676 1950 740 multa
1995 677 2507 760 comprehendere
2557 678 2721 743 iuste
2770 679 2834 743 et

357 778 493 842 sine
526 775 1017 841 inconvenienti.
1067 776 1191 840 alia
1238 776 1445 840 tamen
1493 777 1695 841 minor
1740 779 2202 860 comprehensio
2242 779 2478 843 sufficit
2532 779 2610 842 ad
2656 780 2837 844 iusti-

361 880 522 943 tiam
552 879 710 963 legis
747 880 813 943 et
841 878 1286 962 proprietatem
1316 880 1644 944 verborum
1691 899 1833 944 cum
1880 881 2121 946 ratione
2167 882 2359 947 etiam
2403 881 2564 967 legis
2597 900 2838 948 conser-

363 981 656 1047 vandam.
695 981 867 1046 Haec
908 981 1116 1045 minor
1143 983 1603 1064 comprehensio
1652 986 1748 1047 est
1792 984 2155 1058 necessaria,
2193 984 2306 1048 ffla
2341 984 2542 1049 maior
2573 985 2668 1048 est
2698 1004 2839 1050 con-

362 1103 615 1170 gruens.
655 1083 1065 1166 Ampliationi
1100 1103 1245 1149 vero
1276 1085 1503 1149 maiori
1538 1086 1637 1150 vel
1671 1085 1899 1151 minori
1929 1087 2258 1170 respondet
2294 1086 2606 1152 restrictio
2632 1087 2835 1153 minor

359 1187 466 1251 vel
501 1185 721 1252 maior.
755 1184 981 1251 Suarez
1010 1186 1120 1250 lib.
1161 1185 1220 1250 6.
1255 1205 1306 1251 c.
1342 1187 1402 1250 4.
1438 1207 1498 1250 n.
1541 1188 1602 1251 3.
1638 1188 1775 1252 Iam
1806 1207 1954 1252 vero

548 1288 624 1351 4·
641 1287 768 1351 Lex
799 1287 1011 1352 odiosa
1045 1306 1155 1352 seu
1186 1306 1463 1367 onerosa,
1490 1289 1695 1371 qualis
1726 1291 1822 1353 est
1843 1289 1941 1354 lex
1966 1290 2260 1374 poenaIiS,
2295 1291 2392 1355 lex
2430 1291 2704 1369 irritanS,
2735 1290 2837 1356 lex

361 1390 722 1455 exorbitans
746 1409 782 1454 a
804 1390 937 1455 iure
968 1391 1300 1468 communi,
1334 1390 1431 1455 lex
1470 1391 1873 1469 tributorum,
1899 1392 2152 1457 strictae
2185 1394 2279 1458 est
2300 1393 2836 1477 interpretationis

359 1493 484 1557 hoc
530 1495 625 1558 est
673 1492 1140 1576 ampliationem
1168 1493 1576 1558 necessariam
1608 1493 1910 1568 admittit,
1944 1512 2067 1559 non
2115 1496 2307 1560 etiam
2353 1499 2833 1581 congruentem:

358 1595 544 1660 illam
573 1614 791 1678 nempe
814 1594 1095 1660 admittit
1140 1596 1204 1660 et
1246 1595 1457 1680 exigit,
1498 1597 1628 1661 sine
1660 1615 1785 1679 qua
1816 1598 2034 1679 nequit
2063 1598 2298 1662 servari
2337 1598 2604 1680 prudens
2637 1599 2839 1681 dispo-

361 1698 516 1762 sitio
561 1696 719 1782 legis
751 1696 865 1781 (a).

548 1801 620 1864 5²
648 1799 773 1863 Lex
818 1798 1178 1864 favorabilis
1216 1799 1685 1883 ampliationem
1730 1800 1922 1865 etiam
1968 1804 2413 1886 congruentem
2459 1803 2690 1887 exigit3
2741 1806 2839 1869 est

360 1904 603 1969 scilicet
648 1903 726 1968 ad
772 1922 844 1968 ea
883 1903 1091 1968 omnia
1121 1903 1495 1985 amplianda,
1534 1921 1694 1985 quae
1731 1905 2165 1986 comprehendi
2195 1907 2461 1988 possunt
2504 1907 2706 1971 verbis
2742 1926 2839 1972 ac-

358 2007 561 2091 ceptis
604 2008 670 2071 in
716 2006 1165 2091 significatione
1195 2007 1444 2090 propria
1490 2007 1628 2071 tum
1674 2007 1952 2070 naturali
1984 2008 2112 2072 sive
2143 2027 2294 2072 usus
2325 2010 2672 2073 communis
2697 2011 2836 2075 tum

359 2109 649 2174 iuridica.

457 2209 620 2290 Quid
650 2229 794 2275 vero
841 2210 894 2275 si
924 2210 1091 2293 quod
1126 2211 1235 2275 uni
1266 2211 1361 2275 est
1389 2210 1752 2284 favorabile,
1787 2211 1970 2277 alteri
2000 2214 2094 2277 est
2132 2213 2417 2278 odiosum
2436 2218 2467 2278 Ρ
2497 2215 2561 2279 et
2600 2233 2749 2279 sane
2781 2214 2837 2279 si

357 2313 764 2399 privilegium
795 2313 984 2378 alicui
1028 2313 1401 2391 conceditur,
1442 2314 1609 2396 quod
1655 2314 1740 2378 sit
1769 2315 1987 2379 contra
2030 2315 2131 2380 1118
2178 2335 2525 2394 6011111111116,
2567 2318 2835 2400 oportet,

359 2419 442 2479 ut
488 2415 654 2498 quod
697 2416 793 2480 illi
838 2414 1178 2480 favorabile
1208 2415 1322 2492 est,
1357 2417 1441 2479 sit
1487 2415 1772 2480 odiosum
1818 2417 2280 2482 communitati.

458 2512 638 2588 468.
672 2518 842 2585 Haec
886 2518 1077 2583 habet
1119 2517 1244 2582 ista
1287 2518 1352 2582 in
1398 2537 1463 2583 re
1493 2517 1836 2584 Anacletus
1866 2518 1974 2584 lib.
2020 2520 2077 2582 1.
2110 2519 2210 2584 tit.
2249 2521 2308 2585 2.
2345 2540 2446 2585 nn.
2487 2521 2639 2586 438.
2666 2540 2834 2604 seqq.

554 2623 620 2685 1⁰
658 2620 723 2687 Si
755 2622 931 2688 favor
961 2623 1026 2686 et
1061 2621 1273 2686 odium
1303 2621 1394 2703 (h.
1433 2641 1485 2686 e.
1534 2642 1711 2701 ona-5⁶,
1759 2642 2141 2703 yravwmem
2187 2623 2252 2689 id
2298 2625 2461 2688 enim
2513 2625 2688 2689 venit
2733 2644 2840 2691 no-

359 2724 534 2790 mine
564 2724 739 2809 odia),
780 2726 1041 2807 possunt
1064 2725 1142 2789 ab
1164 2723 1425 2789 invicem
1451 2724 1758 2807 separari;
1794 2726 1930 2789 tum
1960 2725 2296 2808 unicuique
2319 2745 2507 2791 suum
2536 2727 2838 2792 tribuitur

363 2831 434 2892 et
480 2828 644 2910 quod
687 2827 1026 2892 favorabile
1071 2828 1185 2904 est,
1225 2827 1429 2910 ample
1472 2827 1975 2910 interpretamur,
2015 2829 2181 2911 quod
2228 2828 2540 2907 odiosum,
2578 2831 2832 2908 striete;

364 2935 448 3000 cf.
506 2934 774 3000 Sanchez
822 2934 897 2999 de
948 2933 1153 2998 Matr.
1192 2934 1234 2997 1.
1280 2934 1337 2997 1.
1377 2935 1436 2998 d.
1483 2935 1540 2998 1.
1575 2954 1634 2998 n.
1677 2935 1738 2998 4.
1797 2935 1897 2998 Ita
1944 2936 2340 3020 privilegium
2387 2938 2658 3014 canonis,
2710 2957 2837 3019 qua

364 3038 549 3121 parte
576 3036 748 3102 favet
763 3036 962 3102 ordini
984 3035 1271 3112 clericali,
1307 3036 1385 3101 ad
1409 3055 1619 3101 omnes
1656 3036 2027 3108 extenditur,
2053 3036 2162 3117 qui
2185 3037 2391 3100 clerici
2415 3038 2560 3115 sint,
2588 3038 2836 3103 etiamsi

362 3140 503 3204 sint
530 3139 829 3223 suspensi,
869 3138 1382 3204 excommunicati
1428 3136 1767 3219 (Gonzalez
1806 3137 1870 3200 in
1917 3156 1968 3201 c.
2016 3133 2163 3200 Non
2209 3136 2484 3214 dubium,
2541 3137 2615 3200 de
2662 3136 2835 3201 Sent.

365 3241 754 3326 Excomm.):
802 3260 928 3325 qua
957 3242 1132 3325 parte
1164 3241 1451 3306 odiosum
1496 3241 1592 3304 est
1636 3239 1701 3303 et
1735 3257 1927 3323 grave
1956 3240 2055 3316 iis,
2095 3239 2203 3319 qui
2250 3257 2547 3322 personas
2599 3238 2840 3303 violant

367 3343 837 3421 ecclesiasticas
870 3344 1227 3408 coarctatur
1274 3342 1349 3406 ad
1398 3359 1502 3407 eos
1541 3341 1650 3423 qui
1704 3359 1930 3405 manus
1974 3340 2281 3404 violentas
2338 3341 2483 3404 actu
2530 3340 2836 3418 iniiciunt,

366 3445 641 3512 exclusis
671 3446 1149 3522 consulentibus,
1166 3444 1609 3509 mandantibus
1644 3445 1762 3508 etc.
1798 3443 1878 3525 (c.
1912 3443 1989 3506 tr.
2030 3442 2140 3506 IX.
2176 3463 2226 3506 e.
2263 3444 2323 3506 2.
2356 3463 2416 3506 11.
2452 3443 2656 3526 343.).

558 3551 628 3614 2⁰
651 3549 717 3615 Si
744 3551 921 3616 favor
943 3550 1008 3615 et
1038 3549 1251 3614 odium
1279 3548 1591 3630 nequeant
1622 3547 1915 3630 separari,
1956 3546 2220 3612 intentio
2258 3547 2591 3630 praecipua
2640 3546 2842 3631 dispo-

367 3654 577 3720 nentis
608 3654 941 3738 spectanda
971 3653 1099 3717 est:
1132 3653 1186 3717 si
1233 3651 1397 3716 enim
1442 3649 1787 3714 intenditur
1816 3650 2011 3726 favor,
2056 3650 2265 3733 ampla
2314 3650 2433 3714 erit
2477 3649 2842 3733 interpreta-

365 3758 486 3834 tio,
520 3758 575 3822 si
610 3776 947 3841 gravamen
991 3756 1092 3821 vel
1136 3774 1352 3838 poena,
1409 3753 1528 3818 erit
1574 3753 1795 3817 stricta
1842 3752 2187 3817 adhibenda
2240 3752 2691 3835 interpretatio.
2742 3751 2841 3817 Sic

365 3880 425 3925 c.
461 3858 535 3924 Si
578 3859 877 3940 Propter,
925 3859 999 3923 de
1043 3857 1398 3937 Res-empus
1433 3856 1499 3920 in
1536 3855 1597 3919 6.
1636 3854 1925 3920 Pontifex
1952 3854 2200 3919 cuidam
2239 3854 2570 3936 EpiscopO,
2596 3856 2673 3917 ut
2702 3872 2843 3918 aere

366 3964 574 4029 alieno
621 3982 688 4028 se
734 3961 946 4046 posset
986 3962 1268 4038 liberare,
1317 3958 1620 4024 concessit
1665 3958 1738 4022 de
1793 3958 2049 4040 speciali
2096 3956 2304 4040 gratia
2366 3954 2609 4018 fructus
2657 3955 2841 4037 primi

366 4065 519 4131 anni
547 4064 986 4130 beneficiorum
1028 4064 1094 4128 in
1126 4083 1239 4128 sua
1286 4061 1567 4127 Dioecesi
1613 4061 1990 4125 vacantium.
2040 4059 2160 4122 Hic
2198 4057 2377 4122 favor
2423 4057 2697 4139 separari
2742 4078 2843 4123 ne-

365 4169 593 4251 quibat
637 4168 719 4233 ab
766 4184 946 4231 onere
989 4165 1284 4248 imposito
1320 4165 1419 4240 iis,
1460 4162 1568 4245 qui
1614 4161 1907 4227 beneficia
1938 4161 2143 4226 essent
2181 4160 2528 4225 obtenturi:
2564 4159 2670 4224 sed
2693 4160 2841 4241 quia

361 4271 634 4337 intentio
682 4268 1108 4352 dispositionis
1161 4268 1298 4332 erat
1333 4267 1529 4343 favor,
1571 4266 1781 4349 ampla
1826 4265 1963 4329 erat
2008 4263 2207 4328 favori
2258 4262 2607 4327 adhibenda
2652 4264 2845 4327 inter-

447 4571 517 4624 (α)
545 4566 815 4620 Quaedam
856 4563 1096 4619 specialia
1134 4563 1196 4606 de
1237 4561 1348 4617 lege
1388 4562 1587 4616 poenali
1641 4561 1709 4605 of.
1735 4561 1790 4603 in
1822 4561 1880 4606 V.
1916 4560 2030 4604 VII.
2063 4561 2117 4603 in
2160 4558 2394 4613 Append.
2434 4562 2548 4613 post
2577 4558 2743 4602 Tract.
2776 4560 2847 4602 De

368 4625 614 4670 &noua-ie.
