3529 5158
862 409 1348 451 PaoposrrioNUM
1386 408 1834 451 DAMNATARUM.
1874 410 1952 447 AB
1992 409 2171 451 ALEX.
2214 409 2317 450 vu.
2643 408 2816 450 xxvu

445 512 551 570 20.
588 510 952 569 Restitutio
999 529 1041 569 a
1084 509 1207 570 Pio
1254 510 1336 568 V.
1379 509 1692 583 imposita
1730 508 2141 569 beneficiatis
2185 525 2319 568 non
2366 509 2813 569 recitantibus

362 616 491 658 non
526 597 810 658 debetur
841 599 913 656 in
945 598 1355 660 conscientia
1383 605 1541 658 ante
1571 599 1973 658 sententiam
2009 598 2512 659 declaratoriam
2552 598 2812 675 iudicis,

361 704 437 748 eo
483 686 661 762 quod
710 688 802 747 sit
849 705 1083 763 poena.

448 779 553 835 21.
595 776 872 835 Habens
919 778 1399 852 cappellaniam
1450 776 1833 835 collativam
1881 781 2004 853 aut
2048 777 2336 851 quodvis
2383 776 2569 836 aliud
2615 777 2816 838 bene-

363 866 583 925 ficium
633 865 1176 941 ecclesiasticum,
1222 867 1280 926 si
1327 865 1553 926 studio
1596 865 1970 926 litterarum
2021 872 2234 943 vacet,
2283 865 2630 927 satisfacit,
2656 882 2816 926 suae

362 954 814 1028 obligationis,
864 955 921 1014 si
960 955 1264 1015 Officium
1318 971 1434 1029 per
1478 955 1684 1015 alium
1731 955 1990 1016 recitet.

452 1046 556 1101 22.
584 1043 734 1101 Non
766 1050 871 1103 est
900 1050 1130 1103 contra
1153 1042 1480 1103 iustitiam
1518 1044 1835 1103 beneficia
1865 1044 2316 1105 ecclesiastica
2347 1062 2483 1104 non
2515 1043 2816 1107 conferre

362 1132 600 1208 gratis;
634 1133 796 1206 quia
832 1133 1109 1193 collator
1139 1135 1487 1193 conferens
1525 1132 1642 1191 illa
1675 1124 1998 1193 beneficia'
2028 1134 2494 1207 ecclesiastica,
2528 1132 2815 1207 pecunia

359 1220 873 1293 interveniente,
910 1239 1041 1281 non
1070 1222 1284 1297 exigit
1320 1222 1499 1281 illam
1535 1239 1653 1297 pro
1686 1222 2041 1282 collatione
2087 1222 2410 1299 beneficii,
2445 1222 2563 1283 sed
2597 1222 2811 1283 veluti

363 1327 482 1385 pro
527 1310 975 1371 emolumento
1020 1317 1151 1371 tem
1162 1312 1393 1386 porali,
1439 1311 1620 1386 quod
1666 1309 1794 1370 tibi
1840 1310 2143 1372 conferre
2189 1329 2321 1372 non
2371 1312 2746 1372 tenebatur.

451 1401 556 1458 23.
594 1399 940 1476 Frangens
979 1400 1304 1460 ieiunium
1354 1400 1703 1475 Ecclesiae,
1752 1400 1838 1459 ad
1876 1401 2052 1474 quod
2087 1408 2372 1474 tenetur,
2410 1419 2541 1460 non
2584 1406 2815 1475 peccat

363 1487 749 1563 mortaliter,
800 1489 930 1550 uisi
976 1506 1059 1549 ex
1105 1494 1495 1564 contemptu
1543 1489 1649 1548 vel
1697 1489 2156 1550 inobedientia
2203 1490 2326 1550 hoc
2374 1490 2596 1568 faciat,
2646 1494 2814 1565 puta

359 1577 524 1653 quia
567 1596 704 1638 non
752 1579 906 1637 vult
952 1595 1025 1638 se
1070 1579 1399 1639 subiicere
1447 1584 1823 1653 praecepto.

448 1670 552 1726 24.
581 1667 919 1741 Mollities,
954 1668 1251 1728 sodomia
1272 1676 1341 1727 et
1366 1667 1740 1727 bestialitas
1763 1676 1925 1728 sunt
1951 1674 2223 1742 peccata
2246 1669 2544 1727 eiusdem
2569 1667 2815 1741 speciei

361 1755 651 1830 intiniae3
690 1755 971 1831 ideoque
1019 1758 1265 1819 sufficit
1309 1757 1531 1817 dicere
1565 1756 1631 1814 in
1672 1756 2108 1834 confessione,
2137 1774 2208 1817 se
2254 1772 2646 1831 procurasse
2677 1756 2819 1830 pol-

360 1844 707 1904 lutionem.

445 1937 549 1992 25.
603 1934 736 2005 Qui
799 1935 1039 1994 habuit
1101 1936 1404 2009 copulam
1464 1951 1613 1993 cum
1677 1935 1918 2009 soluta,
1975 1934 2309 1996 satisfacit
2374 1933 2815 1995 confessionis

364 2028 716 2097 praecepto
773 2023 1021 2096 dicens,
1077 2024 1375 2085 commisi
1432 2041 1579 2085 cum
1639 2024 1861 2084 soluta
1912 2039 2119 2100 grave
2178 2030 2525 2098 peccatum
2585 2027 2818 2082 contra

363 2111 760 2183 castitatem,
811 2130 939 2173 non
989 2114 1385 2187 explicando
1430 2114 1756 2188 copulam.

451 2204 556 2260 26.
599 2200 884 2272 Quando
930 2202 1278 2277 litigantes
1326 2203 1575 2263 habent
1622 2220 1739 2276 pro
1789 2219 1859 2262 se
1913 2202 2266 2277 opiniones
2319 2219 2530 2277 aeque
2580 2202 2816 2276 proba-

364 2289 550 2365 biles,
602 2296 824 2364 potest
870 2290 1070 2349 iudex
1121 2292 1469 2366 pecuniam
1515 2292 1815 2365 accipere
1869 2309 1989 2366 pro
2037 2291 2310 2352 ferenda
2354 2292 2692 2352 sententia
2742 2290 2816 2350 in

361 2377 661 2439 favorem
713 2380 914 2439 unius
962 2397 1117 2454 prae
1162 2380 1312 2440 alio.

453 2469 559 2527 27.
587 2468 656 2526 Si
692 2468 862 2528 liber
893 2469 984 2529 sit
1015 2470 1299 2529 alicuius
1324 2470 1606 2529 iunioris
1631 2473 1701 2529 et
1730 2469 2051 2542 moderni,
2077 2468 2278 2529 debet
2308 2469 2537 2544 opinio
2560 2467 2816 2529 censeri

364 2557 744 2634 probabilis,
801 2557 962 2620 dum
1020 2575 1151 2620 nou
1209 2561 1492 2638 constet,
1549 2558 1864 2621 reiectam
1918 2574 2064 2619 esse
2117 2574 2160 2618 a
2214 2556 2387 2620 Sede
2449 2557 2818 2634 apostolica

363 2649 684 2721 tanquam
736 2647 1259 2722 improbabilem.

455 2737 558 2794 28.
591 2736 891 2812 Populus
924 2754 1055 2797 uon
1088 2745 1338 2816 peccat,
1372 2738 1635 2799 etiamsi
1667 2738 1922 2814 absque
1953 2738 2092 2798 ulla
2136 2756 2338 2799 causa
2370 2755 2505 2799 non
2537 2736 2819 2812 recipiat

364 2822 579 2898 legem
628 2842 667 2884 a
714 2826 1017 2900 principe
1064 2828 1571 2902 promulgatam.

912 3024 1107 3083 Feria
1154 3024 1235 3082 V.
1276 3024 1381 3083 die
1434 3027 1535 3083 is.
1577 3023 1801 3084 Martii
1852 3042 2029 3086 anno
2079 3028 2269 3085 1666.

455 3183 730 3257 Propos.
766 3187 871 3243 29.
910 3185 987 3242 ln
1035 3184 1143 3244 die
1191 3183 1446 3262 ieiunii,
1481 3185 1598 3260 qui
1644 3184 1915 3259 saepius
1945 3185 2273 3244 modicum
2311 3185 2474 3258 quid
2508 3186 2816 3262 comedit,

365 3288 499 3330 non
549 3274 805 3347 frangit
851 3271 1195 3332 ieiunium.

451 3364 557 3420 30.
608 3363 856 3420 Omnes
902 3361 1233 3437 officiales,
1283 3363 1401 3436 qui
1463 3362 1533 3419 in
1597 3361 1943 3434 republica
1996 3361 2429 3434 corporaliter
2492 3361 2817 3437 laborant,

362 3458 525 3510 sunt
569 3452 870 3510 excusati
908 3453 994 3510 ab
1042 3451 1451 3526 obligatione
1484 3449 1717 3509 ieiunii
1752 3466 1873 3510 nec
1919 3449 2168 3511 debent
2197 3469 2267 3510 se
2313 3451 2698 3529 certificare,
2727 3467 2820 3510 an

361 3539 551 3599 labor
597 3540 689 3598 sit
735 3539 1183 3614 compatibili's
1229 3557 1380 3598 cum
1428 3540 1700 3599 ieiunio.

451 3630 558 3688 31.
612 3629 1037 3689 Excusantur
1095 3630 1401 3690 absolute
1447 3646 1489 3688 a
1544 3634 1899 3704 praecepto
1956 3628 2189 3688 ieiunii
2246 3646 2472 3689 omues
2529 3629 2649 3704 illi,
2700 3630 2819 3705 qui

363 3717 493 3778 iter
535 3721 751 3793 agunt
794 3718 1179 3793 equitandO,
1214 3724 1579 3792 utcumque
1623 3719 1752 3778 iter
1797 3724 2022 3793 agant,
2056 3718 2319 3778 etiamsi
2356 3719 2486 3779 iter
2516 3735 2821 3779 necessa·-

362 3805 535 3866 rium
584 3824 718 3866 non
767 3807 861 3866 sit
901 3813 972 3868 et
1014 3808 1276 3869 etiamsi
1326 3809 1454 3868 iter
1501 3808 1702 3867 unius
1748 3807 1886 3867 diei
1929 3807 2305 3867 conficiant.

452 3899 558 3955 32.
593 3897 742 3956 Non
788 3902 894 3957 est
936 3896 1234 3968 evidens,
1285 3896 1465 3971 quod
1510 3896 1925 3957 consuetudo
1970 3914 2107 3955 non
2154 3895 2543 3956 comedendi
2578 3912 2710 3956 ova
2752 3901 2824 3957 et

361 3984 704 4044 lacticinia
750 3986 817 4044 in
866 3986 1375 4062 quadragesima
1421 3986 1695 4061 obliget.

452 4076 557 4133 33.
596 4074 963 4135 Restitutio
1013 4077 1353 4136 fructuum
1398 4076 1484 4134 ob
1529 4075 1952 4135 omissionem
1991 4074 2326 4134 Horarum
2373 4073 2676 4147 suppleri
2711 4091 2825 4149 po-

362 4168 498 4222 test
548 4181 664 4236 per
708 4181 1165 4238 quascumque
1218 4166 1691 4244 eleemosynas,
1752 4180 1922 4238 quas
1968 4169 2168 4224 antea
2216 4163 2678 4223 beneficiarius
2739 4163 2824 4224 de

360 4251 698 4314 tractibus
743 4252 850 4312 sui
898 4253 1202 4314 beneficii
1252 4253 1502 4313 fecerit.

451 4343 563 4401 34.
617 4341 699 4400 ln
771 4341 883 4402 die
944 4341 1326 4403 Palmarum
1387 4343 1678 4403 recitans
1741 4342 2050 4402 Officium
2110 4342 2425 4417 paschale
2489 4341 2825 4402 satisfacit

362 4439 746 4505 praecepto.

451 4520 558 4580 35.
601 4518 812 4580 Unico
860 4521 1094 4582 Officio
1126 4525 1350 4595 potest
1396 4521 1548 4595 quis
1581 4519 1970 4581 satisfacere
2008 4521 2257 4596 duplici
2308 4529 2663 4595 praecepto
2701 4536 2821 4594 pro

365 4607 474 4668 die
522 4609 859 4684 praesenti
906 4616 976 4669 et
1021 4612 1334 4670 crastino.
