3529 5158
365 347 473 424 [48]
974 362 1356 407 renonum-ra
1391 365 1476 407 An
1512 365 1722 408 merua
1757 366 1925 409 111313
1962 365 2256 408 aarum
2754 354 2826 407 45

452 458 555 523 Sic
589 459 656 523 in
701 458 812 523 lib.
858 463 1078 523 contra
1122 460 1533 525 Mendacium
1573 462 1663 525 ad
1711 460 2114 526 Consentium
2158 481 2290 544 cap.
2344 462 2447 525 15.
2497 482 2558 525 11.
2609 464 2715 527 33.
2754 463 2828 528 de

359 560 798 626 obstetricibus
828 562 1154 646 Aegyptiis
1181 564 1341 627 etde
1367 564 1592 628 'Rahab
1616 564 1875 646 loquens
1908 566 2026 629 ait:
2055 590 2088 621 «
2108 564 2337 629 Utrum
2365 569 2577 629 autem
2601 566 2685 629 sit
2717 566 2835 629 ali-

357 663 604 746 quando
642 662 744 727 vel
774 682 883 746 pro
922 663 1221 745 cuiusque
1259 666 1461 730 salute
1498 667 1940 743 mentiendum,
1975 686 2118 731 cum
2149 667 2434 748 quaestio
2470 668 2572 743 sit,
2605 667 2669 730 in
2709 686 2832 748 qua

353 765 746 830 dissolvenda
782 766 975 830 etiam
1011 766 1355 831 doctissimi
1391 768 1774 853 fatigantur;
1812 769 1989 834 valde
2033 768 2288 832 illarum
2321 769 2831 833 muliercularum

355 869 418 932 in
463 868 594 933 illis
631 868 880 950 populis
926 869 1413 934 constitutarum
1460 874 1524 935 et
1568 871 1695 935 illis
1731 872 2009 935 moribus
2058 873 2456 935 assuetarum
2504 872 2831 935 excedebat

354 971 631 1035 modum.
671 972 894 1053 ltaque
932 972 1091 1036 hanc
1136 991 1351 1037 earum
1397 974 1841 1058 ignorantiam,
1882 974 2045 1038 sicut
2091 973 2359 1038 aliarum
2400 993 2624 1052 rerum,
2674 993 2829 1056 quas

352 1073 587 1157 pariter
615 1073 1035 1138 nesciebant...
1074 1075 1189 1138 Dei
1220 1076 1524 1157 patientia
1561 1076 1929 1153 sustinebat,
1971 1076 2082 1157 qui
2129 1078 2340 1140 tamen
2389 1076 2476 1140 eis
2515 1095 2624 1158 pro
2657 1076 2830 1140 beni-

355 1174 600 1259 gnitate
630 1174 971 1238 humana...
1005 1177 1277 1259 praemia
1317 1179 1559 1242 terrena
1589 1177 1884 1243 reddebat
1917 1203 1978 1239 ».

444 1277 518 1340 In
568 1276 795 1357 quibus
846 1278 914 1340 1⁰
958 1276 1233 1342 laborem
1280 1279 1472 1343 etiam
1518 1280 2018 1344 doctissimorum
2065 1278 2367 1357 admittit,
2419 1281 2488 1342 2⁰
2525 1280 2825 1359 concedit,

357 1379 647 1443 mulieres
694 1379 1052 1463 ignorantia
1082 1381 1423 1446 invincibili
1452 1382 1787 1447 laborasse.

444 1481 526 1544 Et
562 1500 697 1564 cap.
751 1481 854 1546 10.
902 1502 963 1546 11.
1004 1483 1145 1547 23.;
1201 1508 1237 1542 «
1283 1485 1357 1547 111
1405 1484 1691 1549 omnibus
1739 1487 1952 1548 autem
1999 1484 2242 1548 actibus
2279 1485 2513 1549 nostris
2559 1485 2828 1549 maxime

356 1583 545 1646 etiam
584 1583 781 1647 bonos
825 1583 1085 1648 turbant
1115 1586 1579 1667 compensativa
1626 1589 1898 1668 peccata,
1937 1586 2030 1649 ita
2070 1588 2142 1648 ut
2174 1605 2282 1648 nec
2328 1589 2581 1667 peccata
2618 1585 2830 1649 existi-

356 1687 623 1762 mentur,
651 1685 706 1748 si
727 1685 999 1751 habeant
1023 1685 1182 1750 tales
1213 1705 1434 1751 causas
1465 1688 1715 1769 propter
1737 1705 1896 1768 quas
1925 1686 2082 1749 fiant
2105 1686 2255 1750 etin
2287 1686 2514 1767 quibus
2546 1686 2831 1751 videatur

357 1787 595 1868 peccari
631 1787 864 1869 potine,
903 1787 957 1851 si
993 1806 1118 1853 non
1159 1788 1336 1852 fiant.
1375 1789 1457 1852 Et
1504 1788 1829 1871 praecipue
1875 1787 1950 1852 de
1984 1787 2319 1852 mendaciis
2364 1788 2482 1852 hoc
2526 1789 2590 1875 in
2637 1788 2833 1853 homi-

357 1906 508 1953 num
535 1890 821 1972 opinione
856 1891 1229 1973 praevaluit,
1271 1893 1344 1955 ut
1380 1894 1634 1974 peccata
1670 1909 1794 1955 non
1832 1894 2131 1974 putentur
2159 1891 2270 1956 illa
2300 1892 2638 1970 mendacia,
2679 1891 2830 1973 quin

355 1992 482 2056 imo
507 1994 573 2056 et
594 1994 760 2057 recte
789 1992 958 2059 facta
993 2012 1125 2059 6336
1148 1994 1496 2072 credantur,
1522 1994 1769 2076 quando
1792 1995 1932 2076 quis
1956 2013 2066 2077 pro
2092 1995 2244 2072 61113,
2271 1995 2373 2059 6111
2401 1995 2538 2059 falli
2562 1993 2825 2077 expedit,

357 2094 640 2159 utilitate
676 2095 980 2160 mentitur
1010 2098 1123 2160 aut
1153 2115 1229 2160 116
1260 2096 1400 2161 31113
1437 2097 1678 2169 1166631,
1717 2096 1826 2177 qui
1862 2096 2184 2160 nociturus
2208 2096 2472 2174 videtur,
2512 2096 2632 2161 11131
2662 2115 2829 2160 men-

359 2194 550 2261 daciis
590 2197 860 2261 evitetur
898 2221 960 2259 ».

444 2298 527 2363 Et
571 2298 801 2363 ibidem
832 2319 966 2382 cap.
1006 2300 1109 2363 11.
1150 2320 1210 2364 11.
1250 2302 1356 2364 25.
1404 2300 1598 2384 exigit
1643 2299 1889 2376 saltem,
1929 2302 2003 2362 ut
2047 2317 2171 2363 non
2216 2299 2638 2364 mentiendum
2685 2299 2825 2380 quis

358 2403 536 2484 putet
566 2401 632 2465 in
663 2401 944 2466 doctrina
980 2402 1320 2486 religionis,
1360 2401 1678 2483 inquiens:
1712 2426 1748 2459 ⁴<
1781 2398 2010 2466 Contra
2047 2419 2257 2465 omnes
2291 2401 2568 2466 omnium
2594 2400 2827 2483 opinio-

359 2523 481 2582 1163,
523 2504 752 2587 quibus
788 2503 1034 2569 videtur
1072 2503 1152 2567 ad
1181 2504 1301 2568 viri
1330 2503 1478 2568 boni
1516 2504 1790 2568 officium
1821 2502 2124 2586 pertinere
2170 2502 2504 2585 aliquando
2552 2502 2823 2577 mentiri,

363 2607 529 2671 omni
570 2607 758 2672 modo
804 2607 1159 2685 tenendum,
1211 2606 1279 2669 in
1330 2605 1611 2671 doctrina
1654 2605 1973 2690 religionis
2023 2605 2197 2671 nullo
2235 2604 2419 2670 modo
2484 2623 2614 2670 6336
2660 2624 2826 2669 111611-

363 2707 638 2772 fiendum
680 2734 741 2770 »-

448 2807 561 2873 Sed
591 2813 665 2875 ut
711 2810 791 2873 ad
836 2810 1127 2894 graviora
1158 2810 1500 2887 veniamus,
1539 2809 1918 2874 adulterium
1953 2810 2337 2874 contrarium
2379 2828 2525 2875 sane
2563 2811 2658 2874 est
2695 2809 2820 2874 iuri

358 2914 635 2977 1111111136.
683 2913 768 2977 Ε1
813 2915 1025 2978 13111611
1070 2931 1120 2976 3.
1167 2913 1582 2997 AugustinuS,
1631 2914 1965 2994 postquam
2010 2912 2168 2977 dixit
2210 2912 2656 2997 gravissimum
2696 2931 2828 2976 esse

357 3017 695 3098 peecatum,
730 3014 906 3079 addit
926 3033 1147 3079 causas
1171 3033 1300 3079 6336
1321 3032 1520 3097 posse,
1545 3014 1655 3078 ubi
1676 3033 1832 3079 uxor
1855 3034 1927 3079 ex
1950 3033 2252 3079 consensu
2290 3014 2506 3077 mariti
2539 3013 2826 3078 videatur

356 3115 569 3182 debere
605 3115 984 3181 adulterium
1013 3118 1384 3200 perpetrare,
1424 3115 1732 3181 adiunctis
1755 3116 1989 3180 scilicet
2027 3115 2397 3197 quibusdam
2421 3115 2827 3179 circumstan-

357 3219 479 3283 tiis.
512 3219 673 3283 Rem
695 3236 1039 3301 proponam
1069 3218 1271 3283 verbis
1293 3215 1635 3302 Augustini
1657 3216 1733 3279 de
1766 3214 1963 3279 Serm.
1997 3215 2263 3279 Domini
2292 3217 2364 3278 in
2386 3217 2594 3278 monte
2624 3216 2731 3278 lib.
2764 3216 2821 3277 1.

357 3338 486 3404 cap.
524 3320 629 3384 16.
668 3339 728 3382 11.
769 3321 911 3383 5o.:
957 3344 993 3378 «
1024 3318 1420 3401 Quamquam
1451 3318 1785 3384 nonnullae
1822 3336 2044 3381 causae
2080 3316 2321 3399 possint
2368 3316 2679 3388 exsistere,
2712 3315 2823 3380 ubi

359 3423 420 3486 et
445 3440 621 3500 uxor,
661 3422 876 3486 mariti
905 3440 1225 3500 consensu,
1266 3439 1377 3503 pro
1421 3420 1558 3502 ipso
1604 3419 1834 3484 marito
1865 3419 1982 3483 hoc
2010 3419 2208 3483 facere
2245 3418 2460 3484 debere
2501 3417 2819 3483 videatur:

361 3523 521 3587 sicut
538 3523 909 3589 Antiochiae
939 3523 1177 3589 factum
1198 3541 1330 3588 esse
1353 3522 1710 3613 perhibetur
1740 3523 1885 3586 ante
1915 3520 2370 3605 quinquaginta
2397 3520 2592 3585 ferme
2625 3540 2822 3587 annos

357 3623 707 3692 Constantii
753 3627 1156 3709 temporibus.
1215 3625 1382 3691 Nam
1424 3625 1784 3709 Acyndinus
1829 3626 1977 3689 tunc
2036 3624 2400 3706 praefectus,
2461 3625 2571 3706 qui
2632 3625 2825 3690 etiam

354 3728 567 3793 consul
612 3728 755 3805 fuit,
789 3748 935 3793 cum
970 3727 1302 3810 quemdam
1338 3727 1532 3792 librae
1569 3728 1707 3791 auri
1739 3727 2079 3792 debitorem
2117 3726 2249 3791 fisci
2287 3728 2575 3812 exigeret,
2615 3728 2819 3792 nescio

355 3830 511 3896 unde
547 3833 902 3896 commotus
925 3830 1121 3913 (quod
1142 3831 1503 3913 plerumque
1533 3830 1598 3893 in
1627 3829 1769 3893 istis
1805 3829 2223 3911 potestatibus
2248 3830 2665 3911 periculosum
2703 3833 2820 3909 est,

353 3933 576 4015 quibus
614 3931 783 4015 quod
818 3932 990 4010 libet,
1024 3932 1171 3997 licet
1217 3934 1329 3996 aut
1373 3932 1585 4015 potius
1616 3933 1879 4014 putatur
1909 3931 2117 4012 licere)
2149 3930 2567 3995 comminatus
2607 3934 2702 3994 est
2733 3931 2824 3995 iu-

350 4054 491 4101 rans
528 4039 597 4100 et
633 4036 1029 4100 vehementer
1073 4035 1411 4108 affirmans,
1460 4033 1625 4116 quod
1672 4033 1725 4098 si
1760 4037 1927 4097 certo
1976 4032 2091 4110 die,
2142 4052 2327 4115 quem
2389 4033 2823 4113 constituerat,

352 4139 771 4202 memoratum
814 4156 1041 4200 aurum
1083 4155 1208 4201 non
1253 4137 1612 4209 exsolveret,
1652 4135 2047 4201 occideretur.
2080 4136 2303 4217 ltaque
2342 4155 2485 4200 cum
2521 4137 2628 4201 ille
2660 4141 2827 4202 tene-

353 4241 518 4302 retur
542 4238 807 4302 immani
829 4237 1111 4302 custodia
1135 4257 1244 4302 nec
1266 4257 1331 4303 36
1354 4241 1563 4320 posset
1583 4237 1793 4302 debito
1818 4237 1929 4301 illo
1959 4237 2260 4319 expedire,
2288 4237 2416 4302 dies
2446 4240 2818 4306 metuendus

354 4340 673 4406 imminere
710 4344 776 4406 et
806 4341 1296 4423 appropinquare
1328 4342 1550 4424 coepit.
1583 4339 1665 4404 Et
1701 4340 1861 4404 forte
1897 4339 2166 4404 habebat
2197 4359 2450 4405 uxorem
2486 4343 2821 4424 pulcherri-

355 4461 540 4522 mam,
573 4444 682 4508 sed
720 4442 957 4506 nullius
993 4443 1304 4524 pecuniae,
1344 4463 1467 4525 qua
1514 4443 1869 4508 subveniret
1917 4444 2082 4507 viro:
2132 4445 2309 4509 cuius
2355 4445 2635 4510 mulieris
2682 4446 2818 4528 pul-

362 4544 729 4609 critudinem
766 4563 911 4608 cum
940 4543 1193 4625 quidam
1237 4545 1406 4610 dives
1452 4550 1614 4611 esset
1659 4564 1947 4611 accensus
1978 4550 2041 4611 et
2085 4548 2477 4632 cognovisset
2522 4549 2818 4613 maritum

374 4646 500 4712 eius
529 4647 593 4711 in
631 4647 747 4712 illo
803 4645 1148 4710 discrimine
1199 4648 1633 4726 constitutum,
1680 4648 1855 4712 misit
1902 4648 1979 4712 ad
2025 4668 2161 4713 eam
2198 4648 2491 4732 pollicens
2535 4669 2646 4731 pro
2692 4670 2822 4716 una
