3529 5158
753 379 860 433 388
1247 392 1460 433 macr.
1500 392 1589 432 111.
1628 391 1712 431 m:
1748 390 2029 433 memus.
2067 389 2281 431 CAPUT.
2324 389 2403 430 ιν.
2443 387 2585 428 nun.
2628 388 2711 427 1v.
3076 373 3219 449 [396]

754 490 992 554 satione
1038 489 1348 552 contraxit
1369 488 1840 552 matrimonium
1866 491 1977 551 aut
2014 486 2255 550 ordines
2286 486 2647 568 suscepit)...
2683 486 2746 548 et
2767 483 3055 565 quamvis
3084 504 3218 567 pos-

753 597 866 672 set,
899 614 1021 659 non
1070 596 1342 671 tenetur3
1394 594 1540 677 quia
1586 615 1707 659 non
1755 594 1996 678 spectat
2042 594 2158 658 hoc
2197 593 2272 657 ad
2308 593 2579 657 officium
2610 592 2746 656 eius
2777 592 2842 655 et
2864 590 3003 656 ideo
3040 592 3211 657 nullo

750 698 935 764 modo
974 701 1324 781 perseverat
1370 698 1691 762 moraliter
1735 698 1799 761 in
1839 699 2108 780 peccato,
2144 696 2196 760 si
2229 694 2394 778 quod
2424 695 2687 760 fortasse
2711 694 3026 759 commisit
3063 695 3215 759 obti-

752 800 947 865 nendo
997 801 1187 864 talem
1234 799 1773 882 dispensationem,
1830 799 2075 863 etiamsi
2121 799 2231 862 illa
2278 800 2526 862 utatur:
2566 798 2694 863 imo
2742 816 2885 861 cum
2933 797 3052 860 tali
3095 817 3215 862 usu

750 906 880 969 stat
906 923 1048 968 vera
1079 904 1456 987 poenitentia
1495 904 1715 986 prioris
1753 903 1989 986 peccati
2020 928 2081 966 ».

839 1007 960 1072 Ubi
1013 1007 1280 1083 adverte,
1330 1006 1449 1070 dici
1495 1005 1738 1070 nullam
1785 1026 1915 1070 esse
1959 1005 2269 1069 malitiam
2308 1006 2376 1068 in
2422 1025 2581 1081 twa,-
2612 1005 2758 1088 quia
2806 1004 3213 1087 supponimus

750 1130 870 1176 non
919 1110 1128 1174 adesse
1174 1110 1478 1173 rationem
1515 1109 1723 1173 damni
1764 1112 1876 1173 aut
1913 1109 2143 1192 proprii
2179 1110 2291 1172 aut
2329 1108 2532 1173 alieni.

836 1209 1011 1283 396.
1046 1211 1238 1276 Addit
1283 1213 1537 1288 Auctor,
1578 1231 1754 1294 posse
1803 1211 2142 1294 dispensari
2188 1212 2253 1275 in
2301 1211 2509 1288 dubio,
2542 1231 2629 1273 an
2676 1229 2868 1274 causa
2901 1211 2992 1274 sit
3025 1212 3209 1275 itwta.

747 1318 830 1381 Et
845 1316 1092 1398 quidem
1115 1315 1268 1379 illud
1281 1334 1467 1394 posse
1492 1315 1694 1396 quoad
1724 1315 2149 1398 legislatorem
2171 1313 2547 1398 intelligitur
2579 1312 2654 1375 de
2678 1311 2947 1376 liceitate
2963 1332 2986 1387 ‚·
3010 1313 3209 1395 quoad

747 1418 1097 1483 inferiorem
1128 1436 1237 1481 seu
1274 1416 1630 1500 delegatum
1677 1435 1821 1480 vero
1854 1417 2229 1501 intelligitur
2266 1418 2404 1479 tum
2449 1414 2654 1497 quoad
2703 1413 3043 1478 liceimtem
3074 1419 3208 1481 tum

746 1519 955 1602 quoad
973 1519 1358 1582 validitatem
1391 1519 1542 1600 (vid.
1578 1538 1624 1582 s.
1659 1518 1844 1601 Alph.
1881 1539 1938 1582 11.
1978 1519 2183 1601 192.);
2218 1519 2461 1601 quippe,
2487 1521 2561 1583 ut
2584 1517 2840 1581 inferius
2866 1518 3211 1584 videbimus

747 1622 996 1687 inferior
1043 1622 1115 1684 ut
1146 1639 1267 1685 non
1303 1620 1487 1686 modo
1526 1620 1713 1696 licite,
1748 1620 1852 1684 sed
1891 1621 2083 1684 etiam
2130 1619 2330 1683 valide
2376 1619 2705 1703 dispenset,
2763 1620 2943 1685 debet
3001 1621 3210 1686 haberi

746 1726 912 1790 iusta
947 1724 1156 1806 aliqua
1203 1743 1410 1787 causa.

833 1826 1124 1892 Ceterum
1170 1827 1448 1891 doctrina
1479 1827 1771 1890 Auctoris
1819 1827 1913 1890 est
1959 1826 2345 1890 communior
2389 1834 2649 1909 eamque
2696 1825 2889 1889 etiam
2928 1844 2979 1889 s,
3022 1826 3202 1910 Alph.

746 1931 822 1996 ad
855 1933 914 1994 h.
955 1933 997 1994 l.
1045 1932 1211 1995 intra
1265 1931 1545 2012 parenth.
1597 1951 1654 1993 n.
1701 1930 1847 1993 178.
1883 1929 2124 2012 probat.
2174 1929 2415 2011 Duplex
2461 1930 2674 1993 autem
2720 1929 2882 1993 ratio
2934 1931 3204 1994 affertur.

749 2034 819 2095 1²
847 2031 1005 2096 Cum
1039 2033 1205 2095 certa
1230 2031 1404 2095 adest
1450 2049 1637 2095 causa
1671 2034 1733 2095 et
1764 2031 2090 2095 dubitatur
2115 2032 2367 2095 tantum
2400 2030 2472 2095 de
2519 2030 2793 2094 eiusdem
2831 2031 3203 2107 sufficentia,

743 2135 1046 2217 possessio
1095 2135 1224 2198 stat
1269 2153 1378 2216 pro
1427 2136 1736 2217 potestate
1769 2131 2205 2216 dispensativa,
2241 2134 2407 2215 quia,
2434 2133 2638 2214 inquit
2663 2152 2711 2197 s.
2751 2132 2963 2216 Alph..
3009 2160 3045 2193 (ι
3078 2154 3207 2219 pos-

743 2237 902 2302 sidet
931 2237 1208 2319 potestas
1247 2236 1690 2320 dispensativa:
1741 2254 1915 2299 secus
1954 2237 2133 2312 esset,
2162 2235 2215 2298 si
2239 2234 2573 2311 dubitaret,
2608 2254 2687 2298 an
2723 2234 2889 2299 adsit
2921 2255 3113 2301 causa
3144 2263 3202 2301 ».

743 2342 816 2403 2·
850 2341 922 2403 In
969 2340 1064 2404 his
1112 2339 1476 2403 discretione
1525 2357 1678 2421 opus
1727 2337 1839 2413 est,
1890 2357 1963 2401 ne
2008 2336 2141 2401 lata
2193 2336 2499 2419 scrupulis
2548 2337 2866 2420 aperiatur
2912 2340 3099 2420 porta
3144 2339 3205 2403 et

741 2442 974 2507 subditi
1021 2461 1092 2506 ex
1139 2441 1536 2525 Superiorum
1584 2439 1889 2522 scrupulis
1935 2440 2293 2523 graventur.
2342 2439 2414 2503 In
2462 2439 2803 2503 moralibus
2848 2459 3040 2523 porro
3087 2461 3201 2506 non

740 2548 946 2631 potest
991 2547 1352 2629 plerumque
1397 2543 1610 2609 haberi
1657 2542 1964 2608 evidentia
2012 2543 2074 2608 et
2120 2542 2540 2608 dubitationes
2597 2542 2670 2607 de
2718 2542 3098 2610 sufficientia
3142 2546 3199 2610 et

738 2648 1134 2731 proportione
1181 2665 1402 2710 causae
1447 2647 1796 2728 frequentes
1844 2664 1973 2709 esse
2019 2647 2254 2722 solent;
2290 2645 2541 2728 proinde
2573 2646 2627 2710 si
2662 2648 2928 2712 naturae
2960 2648 3061 2712 lex
3093 2649 3203 2713 exi·

737 2752 912 2833 geret
961 2749 1103 2830 plus
1143 2748 1395 2830 aliquid,
1436 2766 1623 2829 quam
1671 2747 2033 2829 prudentem
2081 2767 2152 2811 ac
2188 2747 2519 2812 discretam
2548 2747 3067 2830 probabilitatem
3097 2770 3196 2814 seu

737 2849 1364 2924 verisimilitudinem,
1413 2848 1813 2912 durissimum
1866 2867 2018 2913 onus
2079 2850 2424 2932 imponeret
2469 2848 2903 2932 Superioribus
2955 2854 3023 2916 et
3068 2872 3200 2938 gra-

736 2950 1061 3016 vissimum
1094 2951 1357 3015 subditis
1389 2951 1683 3034 regimen.
1716 2951 1933 3016 Praxis
1980 2953 2190 3017 autem
2227 2952 2473 3036 piorum
2496 2955 2559 3017 et
2590 2953 2969 3035 prudentum
3002 2957 3203 3038 potest

735 3073 864 3119 esse
911 3054 1149 3139 regula,
1189 3074 1310 3136 qua
1344 3054 1603 3136 quisque
1650 3073 1712 3118 se
1760 3057 1974 3118 tutum
2020 3057 2200 3138 putet
2229 3057 2369 3119 tum
2398 3055 2462 3118 in
2495 3055 2771 3137 petendis
2803 3057 2946 3119 tum
2981 3057 3048 3122 in
3072 3078 3205 3123 con·

611 3217 614 3218 ν
733 3164 1012 3229 cedendis
1045 3163 1626 3247 dispensationibus

821 3265 1024 3330 Nota:
1075 3265 1137 3330 id
1184 3265 1398 3329 dicunt
1435 3264 1569 3328 DD.
1605 3265 1668 3328 in
1702 3264 1910 3342 dubio,
1947 3284 2023 3329 an
2071 3285 2257 3330 causa
2305 3267 2389 3331 sit
2433 3266 2776 3343 sufficiens;
2829 3286 2980 3331 nam
3030 3285 3203 3334 secus

735 3372 1047 3446 statuunt,
1083 3369 1135 3432 si
1166 3367 1423 3431 dubium
1456 3367 1558 3444 sit,
1595 3387 1671 3431 an
1704 3368 1835 3432 ulla
1870 3368 2032 3432 adsit
2069 3388 2275 3445 causa,
2310 3370 2384 3433 ut
2415 3388 2465 3433 e.
2505 3369 2690 3452 Alph.
2732 3369 2914 3434 dixit.

824 3467 998 3540 397.
1036 3469 1123 3534 Ut
1152 3470 1269 3533 rite
1299 3470 1712 3554 intelligatur,
1747 3490 1857 3534 cur
1887 3472 2055 3535 sitin
2086 3471 2444 3556 legislatore
2474 3473 2755 3555 potestas
2779 3471 3203 3555 dispensandi,

735 3571 1243 3637 considerandum
1290 3574 1402 3648 est,
1430 3572 1741 3654 quodnam
1773 3573 2097 3657 legislator
2130 3573 2403 3637 officium
2435 3575 2732 3647 exerceat,
2764 3572 2917 3637 dum
2955 3574 3210 3659 dispen-

737 3677 838 3739 sat
872 3674 1056 3755 idque
1089 3673 1174 3737 sic
1208 3674 1456 3756 exponit
1494 3693 1540 3737 S.
1568 3675 1788 3739 Thom.
1828 3676 1883 3738 l.
1921 3677 1980 3738 2.
2021 3695 2077 3758 q.
2119 3675 2223 3738 97.
2264 3677 2382 3740 art.
2417 3676 2515 3739 4.:
2557 3701 2593 3734 (ι
2628 3673 2955 3759 Contingit
2990 3680 3211 3742 autem

737 3779 900 3861 quod
948 3777 1199 3859 aliquod
1245 3781 1660 3860 praeceptum,
1695 3778 1860 3860 quod
1908 3780 2000 3843 est
2032 3779 2107 3842 ad
2140 3778 2534 3844 commodum
2563 3778 2994 3843 multitudinis
3026 3783 3105 3845 ut
3145 3781 3211 3845 in

735 3882 1034 3966 pluribuS‚
1085 3899 1204 3945 non
1252 3883 1346 3944 est
1391 3880 1754 3945 conveniens
1786 3881 1930 3944 huic
1975 3900 2267 3964 personae
2315 3881 2412 3946 vel
2456 3882 2522 3946 in
2552 3882 2670 3946 hoc
2715 3901 2891 3952 casm
2919 3882 3075 3963 quia
3110 3883 3213 3947 vel

735 4004 840 4067 per
887 3984 1000 4048 hoc
1046 3982 1448 4065 impediretur
1485 3983 1714 4046 bonum
1739 3982 1961 4047 melius
1993 3984 2089 4048 vel
2127 3984 2317 4048 etiam
2350 3983 2742 4048 induceretur
2780 3983 3039 4064 aliquod
3074 4004 3214 4049 ma·

733 4088 884 4164 lum,
927 4086 1088 4149 sicut
1135 4105 1206 4148 ex
1252 4084 1622 4167 supradictis
1671 4088 1863 4167 patet.
1898 4085 2321 4150 Periculosum
2370 4087 2582 4150 autem
2630 4087 2810 4163 esset,
2845 4087 2918 4149 ut
2950 4086 3076 4151 hoc
3111 4087 3217 4152 iu·

733 4191 890 4254 dicio
939 4188 1269 4252 cuiuslibet
1316 4188 1829 4265 committeretur,
1877 4189 1997 4253 nisi
2043 4189 2201 4255 forte
2246 4193 2499 4274 propter
2529 4189 2776 4254 evidens
2814 4192 2878 4254 et
2910 4190 3212 4257 subitum

731 4291 1091 4376 periculum.
1127 4291 1201 4352 ut
1246 4310 1432 4372 supra
1481 4291 1715 4355 dictum
1742 4295 1837 4356 est
1884 4297 1943 4357 et
1991 4291 2126 4356 ideo
2174 4292 2302 4367 ille,
2353 4293 2460 4375 qui
2506 4292 2695 4357 habet
2732 4311 2943 4378 regere
2982 4295 3219 4361 multi-

729 4393 1027 4468 tudinem,
1085 4393 1271 4456 habet
1316 4395 1690 4476 potestatem
1738 4394 2127 4478 dispensandi
2173 4397 2237 4460 in
2284 4396 2420 4480 lege
2482 4395 2775 4472 humana,
2836 4414 2997 4479 quae
3054 4417 3219 4465 suae

731 4497 1094 4562 auctoritati
1138 4497 1448 4571 innititur,
1496 4499 1569 4562 ut
1618 4498 1851 4562 scilicet
1896 4499 1957 4562 in
2006 4499 2278 4582 personis
2310 4500 2407 4563 vel
2454 4499 2519 4562 in
2564 4498 2829 4574 casibus
2868 4499 2929 4563 in
2962 4502 3219 4580 quibus

728 4600 822 4664 lex
868 4597 1092 4676 deficit,
1124 4598 1439 4665 licentiam
1486 4601 1743 4678 tribuat,
1780 4604 1854 4666 ut
1884 4605 2280 4686 praeceptum
2312 4602 2469 4688 legis
2518 4621 2636 4667 non
2677 4601 2965 4666 servetur
3006 4629 3076 4668 ».
