3529 5158
897 406 1387 449 PROPOSITIONUM
1423 405 1870 460 DAMNATARUM,
1912 407 1950 444 A
1989 405 2091 446 1²10
2131 405 2209 445 ix.
2679 405 2781 446 xm

332 524 570 585 negare
600 507 911 582 audeant,
947 507 1056 567 vel
1092 525 1227 569 nou
1261 514 1423 569 sunt
1452 506 1814 585 dogmatici
1845 505 1954 565 vel
1990 504 2073 564 de
2106 505 2230 566 hac
2261 509 2569 566 mutuata
2591 510 2778 581 pote-

330 600 497 657 state
544 596 963 673 intelligendi
1013 602 1194 658 sunt.

496 685 660 746 Litt.
692 689 936 761 Apost.
974 687 1087 746 Aa
1117 687 1520 763 Apostolicae
1552 687 1658 745 22.
1700 686 2002 763 Augusti
2040 688 2233 746 1851.

414 776 515 835 71.
543 774 919 835 Tridentini
945 773 1158 835 forma
1188 776 1315 836 sub
1347 774 1760 835 infirmitatis
1788 791 2003 849 poena
2040 791 2169 834 non
2206 773 2483 849 obligat,
2518 773 2635 833 ubi
2667 773 2777 833 lex

324 863 539 924 civilis
583 864 784 924 aliam
830 863 1111 924 formam
1148 865 1564 941 praestimat
1606 868 1679 925 et
1720 863 1892 924 velit
1939 865 2062 924 hac
2099 879 2276 922 nova
2307 862 2522 922 forma
2569 862 2776 922 inter-

325 953 637 1013 veniente
683 954 1185 1014 matrimonium
1229 956 1476 1014 valere.

495 1042 659 1103 Litt.
708 1046 950 1118 Apost.
984 1044 1093 1103 Ad
1138 1044 1542 1120 Apostolicae
1587 1045 1693 1102 22.
1731 1042 2033 1118 Augusti
2081 1044 2281 1102 1851.

412 1132 515 1192 72.
548 1131 941 1193 Bonifacius
972 1133 1168 1192 VIII.
1208 1137 1443 1193 votum
1488 1132 1824 1192 castitatis
1869 1132 1940 1191 iu
1988 1130 2412 1191 ordinatione
2455 1130 2772 1189 emissum

325 1220 592 1295 nuptias
635 1222 861 1282 nullas
904 1221 1181 1283 reddere
1211 1222 1467 1298 primus
1496 1222 1803 1283 asseruit.

494 1310 658 1371 Litt.
695 1314 937 1386 Apost.
963 1312 1073 1371 Aa
1116 1312 1522 1387 Apostolioae
1567 1313 1672 1370 22.
1722 1311 2023 1389 Augusti
2059 1314 2252 1371 1851.

411 1400 514 1459 73.
549 1400 637 1459 Vi
672 1404 1057 1462 contractus
1090 1416 1270 1461 mere
1315 1400 1536 1461 civilis
1568 1406 1792 1476 potest
1822 1403 2000 1462 iuter
2029 1399 2434 1461 christianos
2466 1405 2772 1459 constare

324 1488 457 1548 veri
506 1489 798 1550 nominis
844 1490 1342 1551 matrimonium
1386 1488 1767 1565 falsumque
1813 1496 1936 1565 est,
1987 1494 2107 1550 aut
2171 1492 2584 1550 contractum
2633 1504 2772 1546 ma-

323 1577 615 1637 trimonii
661 1578 840 1639 inter
882 1579 1285 1640 christianos
1328 1592 1591 1654 semper
1625 1596 1774 1641 esse
1810 1581 2314 1641 Sacramentum
2361 1581 2482 1637 aut
2513 1576 2772 1637 nullum

324 1681 459 1726 esse
503 1669 943 1746 contractum,
977 1669 1035 1729 si
1083 1667 1587 1728 Sacramentum
1634 1669 2050 1729 excludatur.

495 1756 658 1817 Litt.
692 1759 934 1832 Apost.
969 1759 1079 1817 Ad
1108 1759 1515 1834 Apostolicac
1546 1759 1652 1817 22.
1689 1758 1991 1834 Augusti
2033 1760 2228 1816 1851.
2267 1786 2347 1799 -
2384 1756 2659 1814 Lettera
2701 1752 2771 1812 di

586 1846 654 1906 S.
691 1846 758 1907 S.
802 1846 925 1907 Pio
973 1847 1098 1906 IX.
1147 1848 1213 1906 al
1260 1848 1357 1907 Re
1404 1846 1474 1906 di
1523 1846 1869 1923 Sardegna
1915 1851 1975 1905 9.
2025 1845 2404 1906 Settembre
2438 1845 2631 1903 1852.
2682 1875 2767 1887 -

584 1936 805 1996 Alloc.
831 1936 1325 1996 Acerbiesimum
1349 1939 1453 1996 27.
1491 1936 1904 2011 Septembris
1930 1937 2123 1995 1852.
2159 1968 2243 1978 --
2283 1933 2502 1993 Alloc.
2545 1931 2777 1992 Multie

586 2024 1002 2102 manibusque
1037 2027 1142 2085 17.
1179 2025 1567 2086 Decembris
1601 2028 1795 2087 1860.

410 2116 513 2173 74.
538 2115 801 2175 Causae
829 2114 1354 2177 matrimoniales
1398 2120 1469 2176 et
1511 2115 1852 2190 sponsalia
1881 2120 2120 2189 suapte
2151 2116 2395 2173 natura
2432 2111 2519 2172 ad
2552 2109 2772 2171 forum

324 2203 515 2263 civile
558 2204 926 2279 pertinent.

497 2293 660 2353 Litt.
701 2295 945 2369 Apost.
971 2293 1081 2352 Aa
1101 2294 1507 2369 Apostolicae
1529 2294 1636 2352 22.
1664 2292 1966 2369 Augusti
1992 2294 2185 2352 1851.
2215 2325 2297 2335 --
2326 2291 2542 2351 Alloc.
2577 2292 2773 2349 Acer-

587 2382 912 2442 bicsimum
949 2384 1055 2442 27.
1090 2382 1504 2457 Septembris
1551 2385 1744 2443 1852.

403 2471 488 2532 N.
543 2471 628 2531 Β.
685 2472 869 2534 Huc.
906 2470 1126 2532 facere
1187 2478 1472 2547 possunt
1533 2472 1667 2531 duo
1727 2471 1842 2531 alii
1900 2486 2155 2531 errores
2214 2470 2296 2530 de
2361 2468 2770 2548 clericorum

324 2561 646 2623 caelibatu
707 2561 1037 2621 abolendo
1098 2565 1168 2621 et
1227 2561 1310 2621 de
1364 2565 1548 2622 statu
1603 2560 2010 2622 matrimonii
2081 2559 2294 2621 statui
2354 2556 2771 2636 virginitatis

324 2650 772 2712 anteferendo.
829 2649 1327 2711 Confodiuntur
1378 2651 1560 2726 prior
1624 2652 1696 2711 in
1747 2651 1963 2726 Epist.
2012 2651 2259 2726 encycl.
2315 2649 2438 2723 ραι·
2474 2647 2774 2725 pluribus

329 2743 383 2801 9.
415 2739 814 2801 Novembris
875 2743 1068 2800 1849.
1116 2741 1445 2815 posterior
1504 2741 1573 2799 in
1632 2741 1792 2801 Litt.
1843 2742 2083 2816 Apost.
2148 2738 2540 2815 Multiplices
2602 2738 2773 2796 inter

330 2831 425 2890 10.
460 2829 642 2889 Iunii
694 2831 888 2890 1851.

1427 3045 1485 3123 ἓ.
1538 3047 1661 3106 ix.

702 3189 977 3251 Error-es
1014 3191 1089 3249 de
1119 3190 1293 3249 civili
1334 3189 1603 3249 [comani
1634 3189 1968 3266 Pontificie
1989 3191 2382 3266 principatu.

412 3376 512 3435 75.
566 3374 668 3433 De
712 3372 1101 3448 temporalis
1145 3372 1336 3447 regni
1386 3387 1533 3431 cum
1582 3370 1918 3445 spirituali
1955 3369 2513 3445 compatibilitate
2544 3368 2776 3445 dispu-

325 3468 467 3524 tant
510 3464 692 3523 inter
736 3477 808 3522 se
853 3461 1259 3522 christianae
1304 3465 1377 3520 et
1416 3459 1782 3520 catholicae
1829 3459 2165 3520 Ecclesiae
2209 3459 2351 3518 filii.

500 3551 664 3612 Litt.
699 3552 941 3625 Apost.
975 3550 1085 3609 Aa
1114 3549 1521 3626 Apostolicae
1553 3551 1657 3608 22.
1693 3549 1994 3625 Augusti
2034 3552 2227 3610 1851.

408 3644 508 3702 76.
543 3640 921 3715 Abrogatio
957 3638 1179 3699 civilis
1218 3638 1500 3716 imperii,
1536 3655 1670 3714 quo
1702 3639 2098 3714 Apostolica
2145 3637 2352 3699 Sedes
2401 3640 2658 3714 potitur
2689 3638 2776 3698 ad

324 3729 659 3792 Eeclesiae
704 3728 1084 3789 libertatem
1131 3727 1656 3804 felicitatemque
1701 3729 1811 3788 vel
1861 3729 2146 3789 maxime
2193 3728 2623 3789 conduceret.

595 3819 813 3878 Alloc.
853 3817 1091 3892 Quibit-3
1126 3818 1498 3894 quantisque
1528 3819 1634 3877 20.
1670 3818 1935 3892 Aprilis
1985 3821 2179 3878 1849.

408 3907 490 3968 N.
521 3908 605 3968 Β.
639 3908 917 3967 Praeter
962 3908 1084 3966 hos
1129 3923 1385 3967 errores
1416 3906 1732 3982 explicite
1767 3911 2054 3980 notatos,
2088 3907 2206 3966 alii
2247 3907 2624 3981 complures
2656 3907 2777 3964 im-

328 3996 546 4070 plicite
591 3996 1052 4071 reprobantur,
1101 3997 1447 4071 proposita
1482 4003 1553 4056 et
1583 3999 1840 4056 asserta
1870 3994 2196 4072 doctrina,
2232 4013 2435 4070 quam
2465 3995 2781 4055 catholici

328 4100 543 4148 omnes
588 4085 967 4146 firmissime
1012 4085 1302 4146 retinere
1347 4085 1656 4160 debeant,
1713 4085 1798 4144 de
1844 4084 2030 4144 civili
2094 4085 2373 4145 Romani
2421 4084 2772 4146 Pontificis

333 4174 720 4251 principatu.
757 4174 1101 4234 Eiusmodi
1124 4175 1430 4235 doctrina
1460 4176 1836 4235 luculenter
1866 4174 2159 4234 traditur
2185 4174 2256 4234 in
2283 4174 2500 4235 Alloc.
2535 4173 2773 4249 Quibus

333 4265 688 4341 cuntisque
718 4265 825 4324 20.
855 4263 1116 4338 Aprilis
1149 4267 1341 4324 1849.
1368 4264 1440 4323 in
1466 4263 1772 4324 Alloc.Si
1795 4281 2034 4340 semper
2056 4271 2244 4324 antea
2263 4268 2368 4325 20.
2397 4265 2768 4328 Maii1850.

332 4349 398 4409 in
428 4353 580 4414 Litt.
622 4355 865 4429 Apost.
911 4351 1067 4411 Gum
1097 4353 1408 4412 catholica
1454 4353 1741 4413 Ecclesia
1773 4355 1879 4413 26.
1920 4354 2145 4414 Martii
2197 4357 2389 4415 1860.
2427 4355 2497 4415 in
2546 4354 2766 4417 Alloe.

338 4437 537 4501 Nova-s
568 4444 674 4502 28.
712 4441 1124 4516 Septembris
1164 4445 1356 4502 1860.
1397 4443 1467 4502 in
1503 4443 1720 4502 Alloc.
1756 4442 2145 4503 Iamdudum
2179 4448 2283 4504 18.
2324 4445 2552 4505 Martii
2582 4446 2776 4506 1861.

338 4524 407 4587 in
436 4531 641 4591 Alloc.
678 4529 969 4589 Maxima
1016 4530 1261 4605 quidem
1311 4535 1370 4592 9.
1411 4532 1593 4592 Iunii
1632 4535 1826 4592 1862.
