3529 5158
924 612 1344 698 SERIES
1401 610 2392 699 CHRONOLOGICA

635 801 1682 906 PROPOSITIONUM
1770 800 2678 878 DAMNATARUM

900 984 988 1026 AB
1014 983 1196 1027 ANNO
1225 985 1347 1028 1418.
1378 983 1633 1027 CONTRA
1660 982 1967 1026 IOANNEM
1997 980 2415 1036 WICLEFFUM,

848 1073 944 1123 ‚AD
969 1072 1206 1118 ANNUM
1232 1074 1356 1118 1864.
1385 1074 1641 1118 CONTRA
1668 1071 2120 1117 RECENTIORES
2147 1071 2466 1116 ERRORES.

1507 1572 1729 1633 NUM.
1782 1572 1837 1633 Ι.

433 1734 720 1794 Articuli
767 1736 870 1793 45.
912 1733 1182 1793 Ioannis
1245 1732 1542 1809 Wicleffl,
1592 1733 1884 1794 damnati
1943 1735 2012 1795 in
2081 1733 2360 1794 Concilio
2422 1734 2891 1795 Constantio-nsi

617 1822 898 1883 Seecione
942 1825 1047 1882 45.
1083 1840 1251 1882 anno
1298 1825 1478 1882 1418.

527 2041 587 2098 1.
628 2038 1022 2099 Substantia
1066 2036 1263 2114 panis
1308 2037 1673 2098 materialis
1704 2039 1775 2097 et
1806 2037 2113 2100 similiter
2144 2037 2522 2099 substantia
2569 2038 2715 2100 vini
2755 2056 2891 2100 ma-

437 2127 691 2189 terialis
735 2136 1081 2189 remanent
1124 2127 1196 2186 in
1246 2126 1675 2187 Sacramento
1722 2127 1979 2187 altaris.

525 2219 586 2277 2.
620 2216 1019 2278 Accidentia
1055 2214 1250 2292 panis
1288 2233 1422 2276 nou
1454 2219 1731 2276 manent
1768 2214 1913 2277 siue
1958 2216 2255 2277 subiecto
2288 2216 2358 2277 in
2392 2217 2622 2279 eodem
2658 2218 2889 2280 Sacra-

434 2310 682 2368 mento.

526 2397 588 2456 3.
624 2395 933 2456 Christus
980 2411 1114 2454 non
1150 2398 1256 2455 est
1299 2394 1370 2454 in
1418 2394 1651 2454 eodem
1698 2393 2127 2455 sacramento
2172 2394 2466 2457 identice
2511 2402 2581 2456 et
2625 2395 2895 2457 realiter

430 2485 704 2562 propria
750 2484 1128 2561 praesentia
1174 2483 1521 2559 corporali.

527 2578 587 2635 4.
629 2573 702 2636 si
747 2574 1100 2650 episcopus
1144 2573 1256 2635 vel
1300 2572 1607 2634 sacerdos
1652 2572 1937 2635 exsistat
1982 2573 2053 2635 iu
2100 2579 2374 2652 peccato
2421 2575 2713 2650 mortali,
2761 2592 2892 2635 uon

432 2665 721 2740 ordinat,
755 2681 886 2724 non
939 2668 1303 2738 consecrat,
1337 2680 1474 2723 non
1517 2662 1803 2740 conficit,
1851 2681 1986 2724 non
2033 2664 2354 2741 baptizat.

527 2758 586 2813 5.
628 2754 778 2813 Non
823 2756 927 2815 est
970 2752 1330 2814 fundatum
1376 2752 1449 2812 in
1494 2753 1888 2833 Evangelio,
1922 2753 2103 2831 quod
2133 2754 2444 2816 Christus
2478 2756 2752 2816 Missam
2792 2772 2896 2815 or-

432 2842 795 2903 dinaverit.

528 2934 588 2992 6.
622 2932 809 2993 Deus
853 2930 1054 2994 debet
1098 2929 1368 2993 obedire
1413 2929 1700 2992 diabolo.

533 3021 588 3081 7.
625 3020 696 3081 Si
742 3020 940 3081 homo
969 3019 1177 3082 fuerit
1213 3019 1439 3082 debite
1468 3020 1821 3099 contritus,
1855 3022 2070 3084 omnis
2100 3021 2428 3085 confessio
2460 3023 2754 3084 exterior
2791 3027 2896 3084 est

430 3109 566 3171 sibi
614 3110 953 3187 superflua
997 3113 1068 3172 et
1116 3109 1397 3171 inutilis.

527 3201 587 3261 8.
623 3199 695 3260 Si
728 3200 915 3276 Papa
942 3199 1034 3262 sit
1063 3199 1437 3276 praescitus
1468 3202 1538 3259 et
1568 3200 1784 3260 malus
1814 3205 1884 3259 et
1931 3217 2048 3274 per
2079 3215 2493 3273 consequens
2525 3199 2895 3258 membrum

429 3288 705 3367 diaboli,
742 3305 878 3350 non
907 3288 1113 3350 habet
1152 3291 1555 3365 potestatem
1587 3304 1789 3362 super
1838 3288 2068 3349 fideles
2098 3287 2229 3348 sibi
2260 3287 2345 3347 ab
2392 3285 2618 3362 aliquo
2669 3285 2894 3346 datam

432 3377 569 3439 nisi
614 3377 788 3440 forte
832 3395 874 3439 a
921 3378 1221 3440 Caesare.

528 3470 588 3528 9.
622 3467 787 3528 Post
836 3467 1184 3528 Urbanum
1230 3467 1353 3528 VI.
1402 3483 1538 3527 non
1584 3469 1688 3528 est
1732 3465 1981 3542 aliquis
2027 3464 2452 3543 recipiendus
2500 3465 2570 3525 in
2619 3465 2896 3542 Papam,

432 3555 556 3617 sed
603 3555 972 3618 vivendum
1019 3560 1125 3618 est
1170 3573 1353 3617 more
1396 3573 1786 3632 graecorum
1831 3556 1958 3617 sub
2006 3557 2269 3633 legibus
2316 3555 2627 3633 propriis.

531 3647 633 3706 10.
670 3645 920 3707 Contra
964 3644 1379 3722 scripturam
1425 3663 1679 3707 sacram
1728 3651 1852 3725 est,
1892 3645 2073 3722 quod
2117 3646 2248 3706 viri
2295 3643 2735 3706 ecclesiastici
2781 3643 2898 3702 ha-

434 3735 648 3796 beant
690 3736 1163 3811 possessiones.

528 3825 631 3884 11.
664 3823 909 3885 Nullus
955 3825 1308 3886 Praelatus
1343 3824 1544 3886 debet
1585 3824 1879 3900 aliquem
1912 3825 2503 3899 excommunicare,
2540 3822 2671 3882 nisi
2709 3819 2898 3896 prius

432 3912 607 3974 sciat
652 3931 804 3975 eum
850 3914 1495 3975 excommunicatum
1541 3931 1581 3975 a
1611 3915 1786 3994 Deo;
1820 3918 1891 3975 et
1921 3914 2038 3991 qui
2086 3913 2184 3976 sic
2230 3910 2781 3986 excommunicat,
2823 3908 2900 3967 fit

430 4019 522 4062 ex
566 4003 692 4064 hoc
738 4002 1117 4066 haereticus
1164 4002 1277 4065 vel
1322 4002 1958 4065 excommunicatus.

532 4093 635 4152 12.
662 4092 1015 4155 Praelatus
1044 4092 1625 4154 excommunicans
1656 4093 1989 4170 clericum,
2016 4092 2130 4169 qui
2163 4090 2534 4169 appellavit
2558 4088 2642 4148 ad
2676 4102 2897 4164 regem

434 4180 552 4240 vel
597 4181 683 4241 ad
728 4181 1086 4243 concilium
1133 4181 1346 4259 regni,
1393 4198 1471 4243 eo
1515 4181 1662 4259 ipso
1708 4181 1996 4243 traditor
2041 4185 2145 4244 est
2188 4181 2368 4259 regis
2414 4185 2484 4241 et
2529 4177 2740 4255 regni.

531 4270 636 4331 13.
670 4271 803 4354 Illi,
838 4271 958 4348 qui
1003 4270 1360 4332 dimittunt
1389 4271 1774 4348 praedicare
1805 4272 1949 4334 sive
1996 4271 2230 4332 audire
2277 4271 2556 4331 verbum
2589 4267 2719 4328 Dei
2750 4281 2903 4341 pro-

430 4364 589 4437 pter
620 4361 1370 4422 excommunicationem
1401 4360 1764 4439 hominum,
1792 4364 1956 4422 sunt
1986 4358 2540 4421 excommunicati
2575 4365 2643 4418 et
2675 4355 2743 4414 in
2775 4351 2902 4413 Dei

430 4447 686 4510 iudicio
732 4449 1091 4512 traditores
1135 4449 1585 4511 habebuntur.

529 4540 635 4597 14.
668 4537 855 4600 Licet
886 4539 1086 4600 alicui
1132 4539 1409 4600 diacono
1441 4539 1552 4600 vel
1597 4538 1988 4616 presbytero
2033 4539 2416 4615 praedicare
2453 4534 2730 4596 verbum
2770 4529 2905 4590 Dei

425 4628 694 4703 absque
738 4629 1139 4689 auctoritate
1187 4627 1381 4690 Sedis
1426 4627 1862 4705 Apostolicae
1908 4629 2052 4690 sive
2098 4627 2396 4704 episcopi
2442 4621 2777 4686 catholici.
