3529 5158
723 349 829 405 646
1546 358 1858 402 Arpnnmx
1897 360 1936 401 1.
1974 354 2382 401 nasama-110

819 460 921 523 19.
944 459 1120 523 Alias
1143 457 1413 523 vidimus
1443 474 1611 542 supr.
1637 477 1697 521 n.
1730 458 1833 520 10.
1859 475 1908 519 s.
1937 456 2288 533 Doctorem,
2321 456 2402 520 ad
2425 457 2813 540 probandum
2845 476 2970 522 non
3001 457 3181 522 licere

725 562 901 643 sequi
931 560 1279 643 opinionem
1310 560 1515 625 minus
1546 559 1948 643 probabilem,
1975 557 2378 642 probabiliori
2410 558 2663 631 omissa,
2701 560 2796 623 ita
2823 560 3185 624 ratiocinari

730 661 895 746 Syst.
930 660 1170 727 Moral.
1208 663 1397 727 1785.
1437 682 1496 726 n.
1539 662 1681 727 56.:
1728 684 1766 721 «
1801 661 1990 727 Ratio
2036 663 2152 737 est,
2192 661 2340 743 qnia
2370 661 2448 725 ad
2478 661 2648 726 licite
2681 661 3060 745 operandum
3090 662 3187 726 de-

726 768 942 831 bemus
964 767 1027 829 in
1050 766 1235 830 rebus
1258 765 1462 830 dubiis
1485 765 1816 829 veritatem
1843 763 2154 845 inquirere
2190 766 2255 828 et
2284 763 2496 847 seqni;
2531 765 2600 828 at
2628 764 2742 829 ubi
2772 764 3002 829 veritas
3026 764 3189 828 clare

727 869 988 933 inveniri
1016 868 1250 950 nequit,
1285 871 1568 933 tenemur
1603 867 1896 951 amplecti
1915 866 2156 931 saltem
2205 866 2556 950 opinionem
2602 866 2801 940 illam,
2842 886 3003 949 quae
3047 885 3192 949 pro-

730 971 869 1055 pius
908 971 985 1035 ad
1021 971 1351 1035 veritatem
1382 970 1635 1045 accedit,
1674 969 1879 1052 qualis
1909 971 2008 1034 est
2038 969 2246 1052 opinio
2282 970 2665 1052 probabilior
2699 988 2759 1032 ιε.

819 1073 1013 1155 Atqui
1027 1074 1187 1137 hanc
1201 1073 1403 1156 ipsam
1426 1072 1966 1137 ratiocinationem
1989 1071 2421 1138 obiicientibus
2435 1071 2972 1156 probabilioristis‚
2990 1092 3039 1134 3.
3069 1073 3192 1135 Do-

729 1178 865 1242 ctor
897 1194 1034 1241 eam
1066 1176 1162 1241 uti
1182 1177 1407 1241 falsam
1431 1176 1632 1241 reiicit
1663 1192 1734 1241 ac
1764 1194 1948 1258 porro
1972 1176 2062 1240 sic
2091 1170 2420 1259 respondet
2449 1175 2711 1240 Dissert.
2754 1160 2945 1238 1755.
2970 1193 3033 1238 n.
3059 1174 3189 1238 35.:

738 1304 774 1337 α
796 1277 1128 1355 Obiiciunt,
1156 1278 1321 1360 quod
1345 1278 1575 1343 veritas
1597 1278 1851 1363 cognita
1873 1278 2088 1361 procul
2111 1277 2299 1343 dubio
2325 1278 2633 1361 sequenda
2656 1278 2769 1342 est.
2796 1276 2976 1341 Sicut
2996 1277 3196 1360 igitur

727 1380 973 1464 1111311110
1020 1379 1251 1445 veritas
1306 1382 1475 1444 certa
1532 1381 1790 1463 apparet
1834 1398 1945 1463 pro
1991 1381 2146 1465 lege,
2196 1382 2479 1445 tenemur
2539 1397 2678 1444 eam
2723 1379 2943 1461 sequi3
2993 1379 3085 1441 ita
3130 1380 3194 1441 et

725 1481 971 1566 quando
1004 1501 1100 1547 res
1138 1485 1395 1565 apparet
1431 1481 1843 1547 verisimilior.
1884 1481 2001 1547 Sed
2032 1484 2301 1568 negatur
2346 1482 2613 1567 paritas:
2654 1482 2902 1564 quando
2936 1484 3196 1565 apparet

724 1586 954 1650 veritas
999 1605 1110 1668 pro
1155 1586 1313 1670 lege,
1348 1585 1565 1667 utique
1611 1588 1895 1650 tenemur
1940 1602 2079 1650 eam
2126 1586 2322 1667 sequi,
2356 1585 2507 1667 quia
2551 1586 2706 1649 tunc
2741 1583 2842 1649 lex
2872 1582 3198 1648 manifeste

725 1690 1002 1772 apparet,
1035 1687 1196 1752 unde
1226 1706 1405 1752 nemo
1454 1690 1661 1771 potest
1706 1688 1824 1752 31111
1863 1689 2098 1752 rectam
2143 1686 2588 1752 conscientiam
2631 1686 2905 1752 formare
2937 1686 3199 1767 (3111111131

726 1791 801 1854 de
847 1809 968 1855 non
1014 1790 1373 1855 exsistentia
1420 1792 1532 1854 aut
1577 1790 1898 1855 dubietate
1926 1790 2132 1875 legis).
2168 1788 2355 1855 830113
2393 1790 2448 1854 31
2481 1806 2581 1854 res
2625 1791 2883 1854 tantum
2917 1792 3192 1872 apparet,

729 1892 1149 1967 verisimilior3
1201 1894 1350 1957 tunc
1381 1892 1545 1956 enim
1576 1911 1718 1957 cum
1756 1893 1987 1956 veritas
2026 1892 2445 1957 verisimiliter
2475 1893 2602 1957 stet
2631 1891 2823 1956 etiam
2854 1910 2970 1975 pro
3005 1891 3200 1955 altera

731 1996 925 2078 parte,
958 1995 1056 2057 131
1102 1996 1198 2058 331
1242 1993 1431 2058 dubia
1476 1995 1541 2057 et
1585 1993 1722 2058 ideo
1769 1994 1834 2058 in
1879 1994 2003 2059 isto
2050 2010 2198 2060 casu
2246 1995 2344 2059 vel
2392 2012 2517 2059 non
2563 1993 2742 2059 adest
2785 1994 2883 2058 lex
2932 1993 3034 2058 vel
3080 2012 3198 2057 non

744 2096 986 2181 Obligat
1016 2120 1077 2159 ».

824 2199 906 2262 Et
948 2216 1163 2263 rursus
1210 2198 1356 2263 ibid.
1390 2218 1451 2262 n.
1488 2200 1625 2262 54.:
1666 2223 1703 2258 ‹
1740 2198 1823 2264 Et
1853 2200 1941 2264 sic
1986 2200 2392 2283 respondetur
2436 2199 2514 2263 ad
2564 2198 2972 2265 obiectionem
3003 2198 3202 2263 dicen·

732 2302 914 2378 tium,
963 2300 1128 2382 quod
1166 2320 1309 2366 cum
1340 2302 1425 2366 sit
1456 2301 1758 2385 obligatio
1792 2302 2067 2367 sectandi
2113 2301 2462 2379 veritatem,
2497 2303 2782 2368 tenemur
2815 2302 2985 2383 sequi
3024 2301 3196 2383 quod

734 2403 1133 2468 verisimilius
1166 2403 1343 2468 nobis
1374 2404 1639 2468 videtur.
1672 2403 1858 2483 Nam,
1883 2405 1959 2468 ut
1989 2422 2177 2487 supra
2207 2404 2494 2482 (1111111113,
2535 2405 2695 2470 dnae
2727 2404 3017 2469 veritates
3048 2406 3203 2467 sunt

736 2506 984 2571 omnino
1040 2505 1532 2592 distinguendae,
1583 2506 1814 2572 veritas
1863 2506 2168 2591 opinionis
2214 2508 2278 2571 et
2323 2508 2556 2573 veritas
2602 2507 2951 2574 honestatis
2995 2506 3201 2622 quoad

738 2627 926 2673 usum
973 2609 1297 2692 opinionis.
1333 2609 1565 2692 Utique
1597 2611 1880 2675 tenemus
1911 2610 2086 2692 sequi
2116 2611 2282 2692 quod
2318 2609 2719 2675 verisimilius
2751 2612 3012 2694 apparet
3048 2609 3206 2674 circa

740 2713 1069 2776 veritatem
1114 2712 1459 2777 honestatis
1491 2729 1820 2791 113113,11011
1853 2715 2066 2778 autem
2111 2732 2351 2797 semper
2395 2714 2562 2796 quod
2608 2714 2868 2797 apparet
2898 2714 3201 2778 verisimi-

738 2813 862 2876 lius
908 2813 1069 2877 circa
1118 2814 1446 2878 veritatem
1494 2815 1820 2897 opinionis.
1869 2815 2046 2881 Unde
2092 2816 2244 2880 bene
2288 2818 2498 2899 potest
2551 2815 2765 2881 haberi
2820 2815 3094 2880 formido
3138 2813 3208 2878 de

742 2916 828 2980 rei
876 2915 1141 2980 veritate
1187 2917 1253 2980 et
1297 2917 1606 2982 certitudo
1653 2917 1727 2982 de
1776 2918 2102 2985 honestate
2142 2919 2440 2996 actionis;
2490 2919 2638 3002 qnia
2683 2919 2917 3002 pluries
2951 2921 3087 2984 esto
3116 2919 3210 2982 131

744 3018 1126 3103 probabilius
1164 3019 1451 3085 videatur
1487 3020 1717 3098 adesse,
1750 3024 1962 3086 tamen
2009 3021 2391 3105 probabilius
2425 3022 2548 3087 erit
2590 3039 2729 3086 eam
2758 3039 2884 3086 non
2938 3022 3212 3107 obligare

746 3123 810 3186 et
854 3141 926 3186 ex
972 3141 1043 3186 eo
1089 3122 1432 3188 formamus
1478 3124 1780 3189 iudicium
1825 3125 2169 3207 practicum
2214 3124 2536 3189 moraliter
2581 3125 2823 3189 certum
2870 3124 2946 3189 de
3005 3124 3212 3208 licitog

749 3243 940 3308 quare
984 3245 1106 3290 non
1154 3229 1249 3292 est
1292 3226 1457 3292 idem
1501 3225 1700 3292 facere
1745 3226 1962 3293 contra
2017 3226 2456 3293 conscientiam
2503 3231 2566 3292 31
2611 3226 2810 3292 facere
2862 3230 3084 3293 contra
3131 3226 3208 3300 id,

751 3327 917 3410 quod
964 3328 1344 3411 speculative
1390 3329 1776 3412 probabilius
1822 3330 2171 3412 apparet».

842 3430 1070 3494 Eadem
1118 3449 1321 3513 porro,
1371 3449 1442 3496 30
1487 3450 1695 3515 supra,
1730 3431 2180 3497 animadversio
2228 3431 2512 3496 occurrit.
2545 3430 2780 3496 Verum
2812 3434 2912 3496 est
2940 3432 3213 3515 primum

752 3532 928 3607 illud,
963 3533 1126 3612 quod
1159 3532 1467 3610 obiicitur,
1502 3534 1749 3615 quando
1781 3533 1982 3598 maior
2012 3553 2122 3616 pro
2154 3535 2291 3619 lege
2321 3533 2728 3617 probabilitas
2759 3535 2858 3598 est
2887 3533 3213 3609 eiusmmfi,

755 3650 913 3716 quae
945 3632 1022 3697 ad
1052 3637 1322 3699 mentem
1371 3634 1678 3701 Gonzalez
1717 3655 1790 3700 ac
1819 3637 2107 3701 Pattuzzi
2153 3635 2376 3701 morali
2421 3634 2778 3700 certitudini
2825 3636 3218 3719 aequiparari

754 3736 1000 3812 debeat3
1028 3755 1245 3802 verum
1276 3739 1371 3802 est
1407 3740 1470 3802 et
1500 3740 1828 3821 posterius,
1862 3738 2028 3822 quod
2060 3757 2096 3803 a
2125 3757 2177 3804 s.
2212 3740 2479 3804 Doctore
2507 3737 2933 3822 respondetur,
2969 3739 3215 3822 quando

756 3840 963 3923 opinio
1000 3840 1378 3923 probabilior
1408 3842 1723 3907 communi
1755 3860 1939 3905 sensu
1972 3841 2290 3925 accipitur.

848 3944 952 4006 20.
990 3942 1200 4006 Aliam
1244 3943 1549 4009 rationem
1589 3943 1992 4029 obligationis
2022 3942 2297 4008 sectandi
2327 3943 2746 4026 probabiliora
2783 3942 3108 4019 habemuS,
3147 3947 3214 4006 111

758 4045 1046 4118 vidimus,
1087 4046 1250 4127 apud
1297 4065 1345 4110 s.
1380 4047 1731 4125 Doctorem,
1774 4046 1881 4110 ubi
1927 4046 2159 4122 scribit,
2191 4046 2393 4130 legem
2440 4047 2590 4110 tunc
2633 4045 2959 4111 moraliter
2990 4049 3218 4110 certam

757 4147 1031 4213 evadere.
1071 4148 1172 4212 Ita
1196 4146 1387 4213 Hom.
1414 4148 1634 4228 Apost.
1664 4151 1741 4214 tr
1775 4150 1831 4213 1.
1859 4167 1992 4232 cap.
2020 4150 2080 4212 3.
2107 4169 2166 4213 11.
2195 4149 2337 4212 31.
2322 4170 2337 4185 ·
2370 4172 2408 4207 ‹
2432 4147 2621 4213 Ratio
2646 4151 2759 4226 est,
2787 4148 2937 4230 quia
2967 4146 3211 4230 quando

760 4251 966 4334 opinio
999 4269 1109 4334 pro
1142 4252 1277 4336 lege
1309 4255 1403 4316 est
1439 4254 1601 4317 certe
1632 4252 2030 4336 probabilior,
2064 4253 2216 4315 tunc
2257 4250 2355 4316 131
2399 4269 2523 4316 11011
2570 4254 2666 4316 331
2713 4251 2987 4333 amplius
3034 4250 3216 4314 dubio

760 4353 977 4417 stricto
1009 4353 1217 4429 dubia,
1258 4355 1332 4418 ut
1363 4354 1603 4430 accidit,
1638 4372 1781 4419 cum
1828 4353 2143 4436 opiniones
2176 4355 2308 4418 13111
2339 4372 2449 4437 pro
2481 4354 2636 4439 lege,
2671 4370 2862 4436 quam
2898 4371 3011 4436 pro
3048 4353 3220 4417 liber·

761 4455 912 4530 tate,
961 4457 1109 4520 sunt
1153 4473 1347 4537 aeque
1394 4457 1776 4539 probabiles,
1818 4448 1922 4520 sed
1959 4457 2055 4520 est
2083 4455 2407 4521 moraliter
2449 4458 2618 4521 certa
2650 4481 2711 4520 ».
2745 4455 2874 4519 Et
2857 4473 2924 4519 in
2957 4455 3213 4521 Dissert.

763 4575 903 4620 ann.
944 4558 1133 4621 1773.
1162 4577 1219 4620 n.
1256 4559 1353 4621 2.
1395 4581 1432 4618 ‹
1463 4559 1635 4623 Tunc
1667 4558 1875 4642 opinio
1907 4559 2152 4624 tutior
2137 4577 2264 4623 iam
2287 4573 2411 4623 non
2442 4561 2540 4624 est
2573 4557 2781 4632 dubia,
2814 4557 3214 4643 intelligendo

762 4677 835 4741 pe
866 4658 1053 4723 dubio
1086 4659 1300 4722 stricte
1338 4663 1608 4742 sumpto,
1634 4661 1741 4724 sed
1778 4661 1875 4725 est
1907 4661 2229 4726 moraliter
2259 4661 2575 4744 autquasi
2604 4659 2928 4725 moraliter
2962 4663 3132 4726 certa
3155 4685 3219 4725 ι.
