3529 5158
701 352 811 408 614
1201 364 1415 406 mor.
1453 365 1534 408 xv.
1570 363 1657 404 mn
1691 362 1998 406 puceu-rs.
2033 362 2233 405 mro-1·
2268 363 2359 404 111.
2395 363 2540 405 nun.
2578 363 2661 406 ιν.
3021 346 3169 423 [718]

809 462 987 515 Lxxl.
1013 465 1062 514 2.
1092 461 1143 514 Si
1166 461 1365 516 tristitia
1392 461 1455 515 sit
1484 475 1546 514 ex
1572 475 1649 521 eo,
1673 461 1806 525 quod
1832 459 1976 513 nobis
1997 459 2125 514 desit
2154 463 2352 522 bonum,
2379 462 2511 526 quod
2537 462 2663 515 alter
2689 462 2854 522 babet,
2881 459 2947 513 ita
2973 466 3155 522 tamen,

704 554 758 600 ut
791 545 915 599 illud
940 546 1079 600 alteri
1102 561 1199 600 non
1223 544 1571 613 discupiamus,
1598 559 1695 598 non
1718 551 1796 598 est
1817 543 2018 607 invidia,
2045 546 2131 599 sed
2158 544 2427 598 aemulatio
2452 558 2543 598 scu
2567 545 2718 609 zelus,
2746 543 2830 611 qui
2868 543 2912 597 si
2934 550 3010 597 est
3031 543 3163 597 circa

704 633 882 683 bonum
923 634 1195 693 honesturn,
1223 637 1298 684 εει
1337 629 1595 683 laudabilis
1605 643 1621 694 ;
1650 629 1693 682 si
1723 637 1885 682 autem
1911 628 2039 682 circa
2065 629 2369 696 temporalia,
2395 628 2642 683 interdum
2672 635 2750 681 est
2782 626 3006 690 venialiS,
3032 634 3085 680 ut
3121 627 3166 680 si

702 718 883 767 bonum
907 713 1091 767 dolenti
1114 713 1178 768 sit
1200 714 1710 782 improportionatum,
1740 715 1884 778 quale
1921 720 2067 777 esset,
2095 713 2137 766 si
2161 713 2376 767 rusticus
2402 715 2615 779 doleret,
2642 727 2697 766 se
2725 727 2820 766 non
2844 726 2957 767 esse
2979 725 3161 776 regem.

703 801 872 863 Laym.
901 799 934 852 l.
964 801 1012 852 2.
1037 805 1100 851 tr.
1131 800 1179 851 3.
1208 813 1251 852 ε.
1287 801 1370 851 lo.
1397 813 1444 852 n.
1472 802 1520 852 2.

790 921 946 997 713.
973 926 1008 964 ’¹‘
1041 923 1200 991 Cum
1223 925 1455 991 bonum
1476 928 1571 990 est
1594 926 1830 991 dolenti
1861 926 1920 989 h.
1962 944 2013 988 e.
2046 924 2255 990 invido
2288 924 2941 1009 improportionatum‚
2963 924 3055 988 ait
3080 924 3157 989 Α.

696 1029 1027 1093 tristitiam
1072 1047 1203 1093 esse
1249 1028 1585 1093 venialem:
1637 1026 2074 1102 verisimiliter,
2122 1027 2271 1109 quia
2301 1030 2452 1092 tunc
2483 1029 2578 1092 est
2609 1026 2865 1091 affectus
2896 1026 3150 1109 quidam

699 1151 897 1196 vanus
929 1134 993 1196 et
1020 1131 1428 1207 inordinatus,
1467 1150 1591 1196 non
1623 1133 1835 1196 tamen
1867 1130 2188 1195 destruens
2220 1130 2568 1196 caritatem.
2604 1130 2639 1168 '¹‘

812 1274 1012 1326 LXXll.
1039 1275 1087 1326 3.
1113 1272 1165 1325 Si
1204 1272 1398 1325 tristitia
1436 1280 1511 1326 est
1548 1287 1610 1325 ex
1648 1275 1779 1326 bono
1816 1272 2038 1334 alterius,
2075 1271 2125 1325 in
2164 1281 2398 1338 quantum
2432 1272 2516 1326 ille
2554 1280 2631 1326 est
2666 1271 2915 1337 indignus,
2951 1286 3051 1326 non
3096 1281 3172 1327 est

701 1357 905 1420 invidia,
930 1360 1016 1411 sed
1052 1357 1347 1425 indignatio;
1372 1372 1497 1423 quae
1534 1372 1629 1411 non
1669 1365 1744 1411 σει
1780 1365 2064 1422 peccatum:
2093 1357 2189 1411 erit
2227 1365 2385 1413 tamen
2422 1364 2472 1412 ει
2509 1358 2708 1425 quidem
2748 1360 2971 1420 mortale,
2999 1357 3042 1410 si
3081 1360 3160 1410 vel

706 1442 799 1497 Dei
836 1442 1189 1510 providentiam
1226 1449 1400 1506 arguat
1436 1444 1628 1508 (estque
1667 1440 1990 1508 blasphemia)
2027 1445 2105 1495 vel
2145 1440 2186 1495 si
2226 1441 2295 1495 ita
2332 1441 2527 1507 afficiat,
2573 1449 2625 1495 ut
2661 1444 2809 1495 ducat
2848 1440 3071 1495 homines
3108 1443 3169 1495 ad

705 1529 887 1582 malum
923 1525 1225 1580 imitandum.
1252 1525 1408 1583 Caiet.
1436 1528 1605 1591 Laym.
1635 1529 1665 1580 l.
1693 1541 1737 1581 c.

794 1650 952 1725 714.
978 1656 1012 1692 *
1036 1653 1391 1738 Indignatio
1416 1655 1530 1730 est,
1557 1672 1681 1735 qua
1704 1654 1867 1718 bona
1883 1652 2153 1738 indignis
2173 1652 2457 1717 obvenire
2477 1652 2825 1717 tristamur.
2862 1651 2929 1717 Si
2953 1652 3163 1737 agitur

704 1757 779 1822 de
802 1757 979 1822 bonis
1014 1755 1482 1839 temporalibus,
1529 1780 1564 1813 «
1581 1754 1811 1820 vitiosa
1841 1758 1955 1832 est,
1990 1755 2081 1820 ait
2110 1755 2432 1840 Laymann
2455 1754 2498 1819 1.
2524 1774 2598 1834 c.,
2626 1755 2679 1819 si
2704 1754 3167 1820 considerentur

703 1879 777 1925 ea
820 1861 1002 1936 bona,
1035 1859 1134 1923 vel
1169 1859 1359 1941 prout
1389 1858 1674 1923 absolute
1705 1858 1969 1941 proximi
2000 1860 2165 1935 sunt,
2205 1877 2391 1940 quem
2422 1876 2494 1923 ex
2522 1859 2785 1923 caritate
2825 1877 3038 1922 amare
3068 1858 3165 1923 de-

700 1964 917 2028 bemus
949 1964 1012 2026 et
1043 1961 1116 2024 de
1153 1961 1330 2025 euius
1368 1959 1545 2024 bonis
1576 1960 1786 2043 potius
1818 1958 2087 2045 gaudere
2117 1959 2430 2037 debemus,
2471 1961 2568 2025 vel
2615 1962 2928 2042 quatenus
2968 1979 3043 2024 ex
3074 1979 3164 2024 or-

702 2062 1092 2129 dinatissima
1114 2061 1232 2125 Dei
1244 2061 1669 2144 dispositione,
1696 2060 1775 2126 ob
1798 2063 2038 2127 certum
2054 2061 2238 2127 finem
2263 2063 2455 2128 etiam
2468 2061 2740 2147 indignis
2764 2063 3160 2145 proveniunt.

703 2164 1020 2247 Siquidem
1051 2163 1341 2227 voluntas
1364 2165 1580 2227 nostra
1604 2164 1919 2229 voluntati
1957 2163 2199 2229 divinae
2228 2163 2294 2228 in
2325 2164 2522 2230 vo1ito
2553 2163 2806 2230 formali
2842 2183 3161 2247 nunquam

699 2286 1045 2353 repugnare
1069 2265 1248 2331 debet
1274 2292 1333 2329 ».
1353 2264 1524 2345 Quae
1541 2266 1703 2330 ratio
1721 2268 1838 2338 est,
1863 2285 1972 2329 eur
1997 2265 2225 2330 vitiosa
2247 2266 2331 2330 sit
2352 2266 2724 2351 indignatio,
2753 2267 2808 2331 si
2838 2267 3160 2331 tristemur

700 2371 867 2454 quod
903 2369 1111 2452 impiis
1157 2369 1318 2432 bona
1365 2367 1671 2449 quaedam
1717 2368 2235 2451 supernaturalia,
2284 2370 2359 2433 ut
2405 2367 2617 2433 divina
2664 2367 2910 2445 auxilia,
2942 2367 3150 2455 gratia

704 2471 1139 2548 conversionis,
1188 2469 1574 2554 contingant.
1611 2470 1646 2508 ’⁸‘

809 2616 1028 2669 LXXlll.
1057 2613 1105 2666 4.
1126 2612 1177 2665 Si
1197 2613 1383 2674 doleas,
1401 2613 1533 2677 quod
1554 2614 1679 2666 alter
1699 2611 1790 2665 tibi
1812 2611 2031 2678 aequalis
2048 2614 2129 2667 vel
2150 2627 2245 2667 non
2269 2614 2475 2668 multum
2494 2613 2770 2680 inaequalis
2795 2615 2844 2669 in
2865 2613 3153 2668 excellentia

704 2707 911 2764 crescat,
939 2699 1006 2752 ita
1045 2704 1098 2752 ut
1135 2705 1184 2750 te
1215 2700 1299 2751 flat
1334 2697 1553 2762 superior
1589 2704 1637 2750 et
1673 2696 1832 2764 ipsum
1869 2697 2221 2754 incrementum
2259 2699 2577 2755 excellentiae
2611 2704 2973 2768 apprehendas,
3000 2707 3055 2755 ut
3077 2699 3168 2754 tibi

706 2786 905 2849 malum,
932 2791 1006 2836 est
1044 2781 1243 2849 proprie
1280 2780 1406 2834 dicta
1447 2781 1655 2847 invidia3
1682 2781 1881 2834 invidus
1917 2783 2042 2836 enim
2076 2783 2272 2848 dicitur,
2298 2786 2428 2851 quod
2457 2799 2554 2838 non
2583 2784 2647 2838 sit
2672 2785 2861 2849 videns,
2887 2784 3001 2852 qnia
3041 2787 3162 2838 bona

705 2868 905 2923 alterius
922 2867 1029 2920 sine
1052 2865 1249 2920 tristitia
1270 2865 1440 2919 videre
1467 2880 1561 2918 non
1583 2872 1757 2931 potest.
1783 2867 1920 2919 Bald.
1940 2869 1988 2920 d.
2011 2869 2095 2920 29.
2117 2869 2149 2922 1.
2171 2870 2217 2920 3.
2239 2871 2299 2922 Et
2317 2868 2388 2922 sic
2408 2883 2613 2935 peccare
2640 2872 2800 2924 solent
2825 2872 2870 2922 l.
2899 2868 3161 2924 Ambitiosi

709 2963 759 3009 et
794 2952 877 3019 qui
915 2966 974 3006 ex
1002 2966 1056 3005 re
1078 2950 1240 3016 aliqua
1269 2957 1510 3016 quaerunt
1534 2948 1755 3012 gloriam,
1781 2963 1941 3016 quam,
1968 2966 2078 3005 cum
2104 2951 2153 3005 in
2180 2967 2240 3005 eo
2279 2959 2476 3019 ponant,
2511 2960 2564 3008 ut
2589 2953 2637 3007 in
2662 2954 2747 3008 illa
2773 2969 2829 3007 re
2853 2954 2952 3008 sint
2978 2954 3074 3008 soli
3112 2967 3166 3006 ac

705 3039 991 3104 singulares,
1018 3038 1185 3092 dolent
1221 3042 1271 3089 et
1306 3034 1575 3097 tristantur,
1601 3034 1643 3088 si
1680 3034 1763 3088 alii
1802 3037 2060 3090 accedant:
2092 3039 2142 3091 2.
2169 3037 2521 3103 Pusillanimes,
2540 3039 2726 3106 quibus
2752 3054 2863 3093 cum
2893 3039 3057 3094 omnia
3095 3038 3168 3092 vi·

704 3126 912 3178 deantur
949 3135 1136 3186 magna,
1171 3119 1350 3187 quovis
1388 3123 1515 3172 bono
1563 3120 1766 3173 alterius
1803 3128 1976 3186 putant
2011 3122 2160 3176 minui
2208 3137 2385 3178 suum:
2425 3123 2494 3178 sic
2545 3124 2775 3179 mulieres
2814 3139 2867 3178 v.
2913 3140 2988 3190 gr.
3030 3124 3165 3179 facile

705 3208 1078 3276 apprenenduut
1100 3219 1156 3258 ac
1182 3207 1365 3268 dolent,
1392 3218 1444 3256 se
1482 3204 1707 3270 superari
1746 3208 1876 3257 bono
1903 3205 2106 3260 alterius
2143 3221 2190 3260 v.
2213 3221 2288 3270 gr.
2316 3207 2647 3262 formositate:
2677 3210 2726 3261 3.
2752 3209 2908 3262 Senes
2933 3215 3161 3275 respectu

701 3293 935 3347 iuvenum
972 3297 1021 3344 et
1058 3290 1350 3356 quicumque
1395 3287 1578 3355 aliquid
1626 3289 1889 3343 difficulter
1926 3290 2258 3355 obtinuerunt,
2295 3293 2428 3356 quod
2464 3291 2548 3345 alii
2599 3291 2739 3347 lacile
2775 3301 3163 3359 consequuntur.

706 3378 843 3430 Bald.
872 3380 903 3429 l.
931 3391 992 3430 c..

798 3473 982 3538 Clara
1022 3475 1136 3538 est.

776 3611 1005 3665 Lxxw.
1034 3610 1084 3661 7.
1112 3607 1207 3676 Qui
1231 3609 1280 3660 in
1319 3609 1542 3663 adversis
1579 3609 1683 3663 suis
1723 3611 1802 3664 vel
1840 3614 1904 3665 ob
1943 3610 2152 3665 aliorum
2191 3612 2584 3679 prosperitatem,
2611 3622 2750 3682 optat
2786 3629 2844 3670 se
2884 3631 2983 3671 non
3007 3616 3162 3671 luisse

704 3702 867 3750 natum
896 3697 972 3746 vel
1001 3707 1053 3746 se
1079 3695 1274 3746 brutum
1299 3692 1474 3746 animal
1515 3697 1691 3747 lactum
1727 3694 1877 3748 luisse
1901 3697 1981 3749 vel
2005 3695 2135 3748 diem
2160 3711 2270 3750 esse
2307 3697 2633 3758 maledictum,
2677 3714 2774 3764 quo
2813 3706 2958 3753 natus
2983 3709 3059 3754 est
3090 3703 3168 3755 vel

703 3783 912 3835 alterum
941 3777 1095 3844 primo
1121 3776 1245 3830 vidit
1268 3783 1352 3830 aul
1370 3776 1624 3841 coniugem
1643 3778 1848 3844 accepit,
1869 3778 1910 3832 si
1930 3785 2114 3833 tantum
2133 3779 2354 3834 intendat
2397 3781 2682 3837 maledicere
2719 3783 2997 3838 irrationali
3037 3799 3170 3838 crea-

704 3872 861 3926 turae,
890 3863 1027 3917 verbi
1050 3861 1206 3926 gratia
1233 3861 1331 3915 diei
1354 3862 1483 3923 (sive
1507 3862 1570 3915 sit
1601 3861 1870 3917 nativitatis
1894 3862 1999 3916 sive
2023 3863 2276 3930 coniugii),
2300 3864 2382 3930 qui
2414 3872 2486 3919 tot
2512 3869 2639 3920 mala
2671 3870 2844 3935 culpae
2871 3870 2953 3923 vel
2979 3882 3168 3935 poenae

708 3948 929 4015 protulit,
958 3947 1154 4000 videtur
1179 3960 1290 4000 esse
1314 3953 1501 4000 tantum
1539 3946 1732 4000 veniale
1769 3946 2053 4014 (aliquando
2085 3948 2231 4003 ctiam
2267 3952 2473 4013 nullum,
2506 3958 2559 4004 ut
2595 3951 2732 4014 sobi)
2752 3966 2768 4005 ε
2789 3951 2833 4005 si
2858 3959 3026 4007 autem
3051 3954 3171 4008 deli·

706 4037 871 4087 berete
906 4031 1124 4085 intendat
1160 4037 1331 4097 optare
1358 4034 1535 4084 malum
1562 4030 1763 4093 homini,
1793 4032 1899 4085 sive
1925 4032 2019 4086 sibi
2044 4032 2152 4086 sive
2180 4033 2322 4087 alteri
2360 4034 2448 4088 illo
2483 4033 2564 4088 die
2601 4036 2730 4089 natis
2766 4037 2849 4091 vel
2871 4037 3165 4102 coniugatis,

707 4118 912 4171 mortale
944 4123 1034 4168 est.
1065 4117 1240 4168 Escob.
1267 4122 1317 4167 et
1354 4117 1535 4170 Marcu.
1562 4116 1715 4173 Man.
1742 4131 1786 4170 c.
1817 4119 1864 4170 3.

795 4233 947 4308 715.
967 4238 1002 4276 *
1026 4234 1506 4302 Coneionatores
1536 4237 1891 4313 identidem,
1927 4241 2000 4305 ut
2029 4240 2238 4305 divina
2269 4241 2560 4307 beneficia
2583 4245 2977 4328 exaggerent,
3003 4245 3165 4311 illud

700 4358 947 4423 quoque
992 4340 1362 4415 memorant,
1411 4338 1575 4421 quod
1620 4341 1683 4404 te
1730 4359 1854 4405 non
1900 4343 2157 4408 brutum
2202 4343 2416 4409 fecerit
2460 4344 2565 4409 sed
2595 4345 2931 4411 hominem.
2968 4348 3059 4412 At
3100 4348 3166 4413 id

703 4442 986 4524 ineptum
1016 4442 1111 4505 est
1147 4442 1211 4504 et
1241 4440 1596 4506 absurdum.
1638 4439 1703 4507 Si
1734 4444 1900 4508 enim
1931 4445 2188 4511 brutum
2210 4445 2472 4524 fecisset,
2506 4465 2628 4512 non
2658 4450 2722 4512 te
2751 4447 3023 4524 fecisset,
3063 4449 3166 4516 sed
