3529 5158
384 326 525 395 [ΠΒ]
1110 341 1520 384 Pnrvrmomu
1558 340 1727 393 Qum,
1764 339 2130 388 Quom-uranx
2739 334 2851 389 449

468 438 880 523 Privilegium
917 439 1243 503 concedere
1274 440 1484 522 potest
1517 438 1809 520 Princeps
1842 438 2034 503 etiam
2067 439 2298 521 absque
2330 441 2587 506 scientia
2619 443 2684 507 et
2710 462 2852 509 con-

380 560 564 605 sensu
613 541 1021 626 privilegiati:
1071 541 1236 606 sicut
1271 541 1436 604 enim
1482 540 1578 604 lex
1614 540 1708 603 ita
1754 540 1819 604 et
1864 541 2170 623 exemptio
2219 561 2257 605 a
2300 543 2438 627 lege
2468 562 2591 607 non
2628 545 2851 627 pendet

379 662 417 708 a
462 661 766 708 consensu
811 643 1068 716 subditi,
1116 643 1520 707 nihilominus
1565 661 1640 705 ne
1687 642 1947 707 vilescat
1990 643 2389 728 privilegium
2435 648 2499 710 et
2548 666 2623 711 ne
2668 647 2851 711 detur

377 764 701 829 perperam
748 729 854 809 sed
885 745 1208 830 indigenti,
1259 744 1539 826 requirit,
1574 743 1651 807 ad
1697 761 1983 808 normam
2015 746 2219 809 rectae
2249 746 2740 831 gubernationis,
2776 751 2851 814 ut

378 848 608 924 valeat,
643 849 1133 931 acceptationem
1177 847 1579 931 privilegiati
1613 846 1729 911 Est
1758 847 1923 912 enim
1960 847 2359 932 privilegium
2391 849 2454 913 in
2491 869 2714 934 genere
2744 852 2848 917 do-

376 950 671 1027 nationis,
721 969 880 1032 quae
949 950 1156 1014 valida
1201 968 1325 1014 non
1372 949 1673 1025 censetur,
1738 949 1860 1014 nisi
1921 951 2255 1093 postquam
2317 953 2638 1035 acceptata
2698 953 2842 1019 fuit.

375 1050 724 1136 Schmalzg.
758 1051 833 1115 de
863 1051 1240 1134 Pn'm‘leyias
1269 1072 1331 1115 n.
1358 1052 1463 1115 25.

466 1153 534 1219 Si
579 1157 653 1220 tu
700 1154 1097 1239 privilegium
1144 1154 1357 1238 petisti
1390 1173 1497 1237 per
1520 1156 1583 1217 te
1617 1154 1823 1236 ipsum
1854 1155 1952 1219 vel
1999 1174 2107 1238 per
2152 1157 2636 1239 procuratorem,
2676 1160 2849 1223 valet

375 1257 597 1321 statim
644 1276 715 1321 ac
760 1275 1118 1322 concessum
1164 1257 1260 1321 est
1304 1255 1372 1337 (a
1417 1255 1517 1320 die
1562 1254 1809 1340 datae);
1844 1257 1993 1339 quia
2027 1257 2156 1320 iam
2195 1258 2430 1322 accedit
2466 1258 2846 1325 sufficienter

373 1362 490 1423 tua
537 1360 910 1442 acceptatio:
944 1360 997 1423 si
1035 1358 1391 1423 conceditur
1421 1359 1601 1422 motu
1632 1359 1881 1441 proprio
1914 1359 2239 1441 Principis,
2266 1378 2389 1425 non
2420 1361 2592 1426 valet
2628 1362 2749 1427 nisi
2778 1364 2843 1427 16

373 1460 605 1526 sciente
642 1462 708 1526 et
730 1462 1086 1544 acceptante
1132 1461 1198 1542 (a
1234 1460 1333 1525 die
1350 1463 1841 1544 praesentatae).

463 1564 690 1628 Differt
733 1564 1132 1649 privilegium
1179 1583 1218 1627 a
1247 1562 1721 1645 dispensatione,
1756 1566 1830 1627 ut
1861 1564 1989 1628 iam
2025 1563 2293 1627 diximus
2318 1562 2386 1628 G.
2422 1565 2533 1629 IV.
2558 1565 2702 1630 dub.
2729 1567 2840 1633 IV.

373 1687 432 1730 11.
461 1667 613 1730 390.
639 1665 834 1731 Addit
869 1664 1116 1743 Suarez‚
1150 1665 1224 1729 de
1240 1664 1517 1746 Leyibus
1545 1665 1653 1729 lib.
1690 1666 1749 1729 8.
1786 1684 1837 1729 6.
1872 1666 1976 1728 30.
2012 1686 2071 1729 11.
2108 1666 2234 1743 19.,
2275 1667 2440 1748 quod
2463 1666 2841 1750 dispensatio

373 1771 470 1833 est
501 1768 581 1833 ad
611 1768 868 1834 modum
900 1762 1225 1833 cuiusdam
1262 1769 1545 1846 actionis,
1579 1788 1737 1851 quae
1774 1787 1895 1832 non
1943 1771 2229 1834 censetur
2264 1770 2400 1834 fieri
2445 1772 2585 1836 tota
2630 1772 2839 1851 simul,

371 1870 622 1953 quando
669 1871 922 1936 effectus
960 1871 1057 1936 est
1102 1871 1513 1946 successivus:
1570 1871 1972 1955 privilegium
2024 1874 2120 1936 est
2165 1891 2408 1955 semper
2455 1873 2532 1937 ad
2585 1875 2842 1940 modum

369 1973 699 2038 cuiusdam
729 1974 884 2038 iuris
915 1975 1013 2038 vel
1044 1974 1358 2057 potentiae
1389 1974 1675 2039 collatae.

460 2075 678 2140 Omnis
731 2079 798 2140 et
846 2076 953 2140 ille
999 2076 1170 2140 solus
1225 2076 1335 2158 qui
1378 2076 1547 2160 leges
1607 2075 1886 2153 condere,
1948 2077 2012 2141 et
2057 2077 2452 2162 privilegium
2514 2080 2840 2146 concedere

370 2178 600 2261 potest.
647 2176 721 2241 Id
767 2176 1014 2243 evidens
1061 2177 1174 2256 est,
1224 2178 1279 2242 si
1324 2177 1721 2262 privilegium
1769 2179 1855 2242 sit
1898 2180 2115 2244 contra
2158 2179 2387 2265 legem;
2438 2182 2544 2247 sed
2589 2183 2708 2248 etsi
2753 2184 2841 2249 sit

368 2281 576 2345 solum
607 2281 852 2362 praeter
895 2281 1119 2364 legem,
1167 2281 1339 2346 solus
1384 2281 1709 2365 legislator
1755 2301 1864 2346 seu
1896 2300 2220 2365 supremus
2250 2283 2531 2368 princeps
2566 2304 2840 2351 commu-

366 2383 590 2447 nitatis
619 2382 830 2466 potest
875 2382 1062 2447 alicui
1105 2382 1473 2447 facultatem
1518 2383 1710 2448 talem
1746 2383 2073 2449 concedere
2119 2385 2341 2469 agendi
2372 2388 2616 2469 praeter
2635 2388 2839 2472 legem

365 2490 441 2553 ut
487 2507 560 2552 ea
607 2488 695 2552 sit
739 2487 999 2551 iuridica
1046 2489 1111 2552 et
1155 2488 1446 2552 universa
1493 2489 1909 2554 communitas
1942 2490 2230 2554 teneatur
2260 2508 2399 2554 eam
2436 2509 2683 2556 6611616
2718 2491 2839 2574 pri-

367 2592 688 2677 vilegiato.

457 2694 548 2759 Ut
594 2693 994 2778 privilegium
1039 2693 1210 2759 licite
1255 2695 1645 2773 concedatur,
1686 2695 1992 2778 quaedam
2047 2696 2217 2761 111616
2264 2716 2451 2762 661166
2498 2698 2838 2780 requiritur

367 2797 431 2861 et
475 2796 728 2878 quidem
759 2797 814 2861 si
844 2796 931 2861 sit
960 2798 1176 2862 contra
1212 2796 1332 2875 ius,
1367 2815 1522 2880 opus
1553 2800 1668 2875 661,
1699 2800 1777 2861 111
1814 2798 2060 2864 iustitia
2096 2800 2317 2884 legalis
2340 2803 2406 2865 et
2434 2800 2837 2866 distributiva

367 2918 490 2963 non
537 2899 847 2963 violetur:
896 2899 951 2963 si
996 2917 1141 2963 vero
1188 2918 1312 2964 non
1359 2899 1445 2964 sit
1489 2901 1706 2966 contra
1738 2900 1857 2978 ius,
1884 2901 2243 2983 requiritur,
2268 2921 2345 2966 ne
2374 2904 2683 2968 concessio
2717 2903 2836 2986 pri-

368 3001 583 3085 vilegii
629 3001 716 3066 sit
762 3003 939 3066 661116
985 3001 1469 3087 prodigalitatis,
1509 3003 1618 3084 qui
1653 3003 1861 3067 malus
1891 3005 2003 3067 est.
2038 3003 2129 3068 Ut
2160 3006 2375 3068 autem
2410 3004 2691 3068 validum
2728 3005 2831 3080 sit,

365 3105 873 3183 controvertitur,
909 3124 989 3169 an
1019 3104 1187 3169 iusta
1218 3123 1406 3169 causa
1449 3105 1834 3186 requiratur:
1868 3104 1975 3168 sed
2010 3123 2133 3168 non
2163 3104 2411 3169 videtur
2438 3106 2609 3169 iusta
2644 3123 2833 3169 causa

364 3228 496 3273 6666
542 3209 905 3285 necessaria,
941 3209 1063 3273 nisi
1107 3227 1178 3272 ex
1225 3209 1400 3291 parte
1445 3208 1713 3289 petentis
1759 3207 2134 3271 interveniat
2168 3206 2444 3289 deceptio
2477 3208 2590 3271 aut
2616 3206 2833 3288 iniqua

367 3310 741 3388 occultatio;
791 3312 942 3376 tunc
987 3310 1152 3375 enim
1199 3309 1371 3374 deest
1419 3308 1710 3373 voluntas
1757 3308 2168 3373 concedentis.
2218 3307 2409 3372 Ratio
2470 3327 2581 3372 cur
2624 3308 2837 3373 valeat

364 3412 765 3497 privilegium
812 3413 1004 3477 etiam
1050 3412 1184 3477 sine
1220 3429 1410 3475 causa
1456 3428 1833 3489 concessum,
1864 3411 1929 3474 in
1969 3430 2052 3486 re,
2101 3428 2262 3491 quae
2309 3409 2525 3475 subest
2566 3409 2832 3474 auctori-

364 3514 486 3578 tati
534 3513 822 3579 donantis
870 3514 1289 3598 privilegium,
1339 3514 1461 3588 est:
1511 3513 1678 3595 quia,
1728 3512 1977 3577 etiamsi
2023 3513 2280 3598 deroget
2322 3513 2446 3578 iuri
2491 3512 2826 3593 communi,

363 3616 665 3699 quoniam
707 3616 803 3681 vis
850 3616 1039 3681 huius
1085 3616 1240 3680 iuris
1295 3615 1520 3699 pendet
1574 3635 1610 3679 a
1667 3615 1992 3680 voluntate
2046 3615 2361 3700 principiS,
2429 3615 2485 3680 si
2550 3615 2831 3699 princeps

362 3718 570 3800 quoad
618 3718 863 3801 aliquos
910 3719 1121 3783 mutat
1164 3719 1563 3783 voluntatem
1598 3720 1663 3783 et
1706 3737 1831 3782 non
1878 3718 2018 3782 vult
2062 3738 2166 3783 606
2198 3737 2331 3783 6666
2361 3717 2664 3802 sublege,
2702 3718 2832 3781 iam

361 3822 566 3886 cessat
609 3822 706 3886 Iex
753 3822 923 3905 ipsos
972 3821 1266 3906 obligare.
1315 3821 1488 3885 Η666
1534 3822 1630 3885 661
1660 3821 1971 3885 sententia
2002 3821 2410 3885 communior.
2448 3820 2551 3882 Ita
2581 3817 2829 3897 Suarez,

360 3924 403 3987 l.
437 3942 489 3987 6.
524 3942 660 4006 cap.
695 3924 801 3988 21.
826 3922 1059 4008 Agitur
1105 3943 1252 4007 ergo
1298 3923 1372 3988 de
1419 3922 1711 4006 principe,
1760 3942 1943 4006 penes
1990 3941 2174 4005 quem
2220 3921 2306 3985 sit
2335 3919 2517 4003 plena
2554 3919 2833 4002 potestas

362 4025 740 4110 legislativa.

449 4124 634 4198 473.
673 4128 1007 4213 Multiplex
1053 4131 1147 4194 est
1193 4128 1663 4213 privilegiorum
1709 4126 1951 4191 divisio.
2008 4127 2075 4190 1⁰
2121 4124 2218 4190 Sit
2262 4124 2327 4189 in
2372 4122 2544 4187 reale
2590 4124 2653 4187 et
2681 4142 2831 4202 per-

360 4231 596 4297 sonale.
631 4232 769 4297 Etsi
815 4234 979 4297 enim
1025 4232 1276 4297 tandem
1323 4232 1643 4314 quodlibet
1686 4229 2086 4314 privilegium
2131 4229 2195 4292 in
2241 4227 2519 4292 favorem
2547 4244 2835 4311 persona-

358 4354 499 4399 rum
548 4335 941 4412 concedatur,
974 4338 1186 4400 tamen
1217 4335 1441 4418 duplex
1472 4336 1568 4400 est
1603 4333 1846 4399 modus.
1880 4331 2045 4396 Nam
2075 4331 2174 4396 vel
2205 4329 2605 4415 privilegium
2643 4331 2831 4397 alicui

359 4438 720 4503 conceditur
754 4438 1036 4520 respectu
1072 4437 1180 4512 rei,
1211 4437 1355 4516 loci,
1386 4437 1680 4515 muneris,
1707 4435 2057 4521 dignitatiS,
2090 4434 2191 4498 cui
2215 4433 2469 4516 proinde
2499 4434 2589 4498 rei
2618 4434 2831 4498 imme-

520 4595 810 4638 Bamoenun.
832 4619 882 4627 —
905 4594 1071 4639 Horal.
1099 4594 1233 4637 Tom.
1264 4595 1305 4637 1.
2244 4581 2253 4592 ⁹
2610 4589 2668 4632 29
