3529 5158
341 381 485 457 [632]
647 398 990 440 nmmcno
1028 400 1348 443 nummum
1388 399 1808 442 mccxroauu.
1847 399 2153 442 onmc‘rnu
2189 398 2425 440 ‘rm-Am
2690 384 2795 439 565

342 494 628 571 cerdotiS,
667 495 775 577 qui
806 496 870 559 in
901 497 1076 561 statu
1106 496 1341 579 peccati
1373 515 1497 560 una
1528 497 1656 561 vice
1688 516 1761 561 ex
1791 496 2132 561 intentione
2164 495 2418 559 confusa
2448 513 2512 558 se
2549 494 2792 577 exponit

343 596 629 680 pluribus
654 598 1020 681 excipiendis
1044 599 1546 677 confessionibus,
1566 600 1630 663 et
1651 600 1807 664 furis
1831 599 2086 664 confusa
2109 597 2449 662 intentione
2465 596 2796 661 auferentis

342 717 670 765 commune
703 700 1054 785 depositum
1099 702 1410 785 pertinens
1453 701 1528 766 ad
1560 702 1767 767 decem
1798 701 2071 767 diversa-s
2102 718 2412 784 personas,
2448 700 2561 763 aut
2605 698 2794 775 illius,

342 802 451 884 qui
481 802 731 867 confuse
779 803 1139 887 praevidens
1186 804 1528 888 periculum
1574 803 1891 869 homicidii
1938 804 2001 868 in
2033 802 2381 886 explosione
2424 801 2798 867 bombardae

341 904 547 988 plures
600 905 790 970 simul
851 906 1075 971 occidit
1126 925 1437 989 personas,
1487 908 1601 971 aut
1657 906 1881 984 clerici,
1931 906 2038 988 qui
2084 906 2329 970 statuat
2375 923 2481 987 per
2523 922 2796 969 mensem

345 1006 630 1072 omittere
663 1006 1066 1083 breviarium3
1101 1027 1267 1086 nam,
1300 1009 1524 1091 inquit,
1557 1007 1795 1072 similes
1830 1008 2286 1073 commiss-iones
2314 1010 2592 1087 respectu
2620 1010 2798 1071 actus.

345 1107 684 1173 voluntatis
729 1129 796 1173 sc
840 1108 1073 1174 habent
1100 1131 1225 1191 per
1267 1110 1515 1175 modum
1543 1112 1736 1174 unius
1782 1115 1844 1174 et
1870 1109 2006 1175 ideo
2051 1128 2246 1173 unum
2274 1110 2598 1188 peccatum
2644 1128 2798 1172 com-

340 1210 629 1274 mittitur.

434 1313 612 1377 Hanc
645 1315 857 1379 autem
894 1314 1239 1379 doctrinam
1271 1315 1411 1398 plus
1434 1315 1624 1379 semel
1647 1314 2030 1398 probabilem
2068 1313 2217 1378 dicit
2248 1313 2450 1377 Diana
2482 1311 2660 1376 resol.
2690 1312 2795 1376 26.

342 1434 399 1479 11.
440 1416 501 1479 4.
536 1417 614 1480 tr.
655 1417 711 1480 7.
738 1418 890 1482 item
916 1417 1095 1483 resol.
1128 1418 1230 1481 18.
1257 1437 1318 1482 n.
1353 1418 1414 1480 8.
1448 1419 1599 1482 tom.
1633 1418 1688 1480 1.
1736 1441 1773 1475 «ι
1805 1414 1921 1481 Sed
1952 1416 2099 1481 licet
2129 1417 2279 1480 haec
2310 1413 2636 1491 sententia,
2686 1414 2799 1478 sci-

347 1517 495 1582 licet
509 1518 710 1603 Lug0,
729 1519 814 1583 sit
844 1519 1203 1603 probabilis
1239 1538 1353 1603 ego
1376 1538 1498 1583 non
1523 1518 1764 1582 discedo
1790 1536 1826 1581 a
1853 1519 2156 1582 sententia
2190 1517 2568 1582 affirmativa
2588 1518 2705 1581 etc.
2731 1541 2791 1580 ».

340 1618 518 1700 Quod
551 1623 732 1686 notat
762 1624 826 1685 et
856 1621 1131 1686 Leander
1153 1621 1228 1685 de
1258 1619 1399 1685 aliis
1431 1620 1873 1684 recentioribus
1906 1618 2068 1701 apud
2098 1619 2323 1684 Mendo
2356 1619 2399 1682 l.
2433 1639 2484 1682 c.
2524 1639 2584 1681 n.
2618 1620 2679 1682 4.
2714 1619 2796 1683 Et

339 1722 471 1806 ipse
508 1724 832 1807 Philippus
863 1723 938 1788 de
969 1721 1369 1787 Carboneano
1391 1723 1457 1786 in
1493 1723 1623 1786 not.
1664 1723 1724 1785 3.
1761 1722 1838 1785 ad
1872 1722 1949 1785 tr.
1991 1720 2064 1783 de
2094 1719 2345 1784 Peccat.
2381 1739 2513 1804 cap.
2553 1721 2609 1783 1.
2645 1740 2703 1802 q.
2731 1722 2791 1784 6.

339 1823 597 1899 fatetur,
625 1825 976 1908 oppositam
999 1824 1282 1909 regulam
1307 1825 1386 1889 ab
1415 1824 1682 1889 Antoine
1706 1823 2090 1907 propositam
2129 1847 2164 1880 α
2194 1842 2314 1888 11011
2346 1822 2437 1885 ita
2471 1840 2601 1887 esse
2632 1842 2793 1888 com-

334 1925 513 1990 muni
535 1945 724 1992 sensu
753 1927 1088 1992 admissam
1118 1952 1178 1990 ».

426 2027 511 2090 Et
540 2028 767 2094 Mendo
799 2028 954 2112 disp.
992 2030 1052 2093 2.
1102 2050 1162 2093 11.
1202 2031 1303 2094 12.
1360 2054 1396 2088 «
1425 2028 1840 2093 Asserendum
1872 2029 1985 2104 est,
2023 2028 2088 2092 in
2125 2028 2306 2092 unico
2345 2028 2491 2091 actu
2520 2027 2793 2092 indivisi-

336 2130 449 2197 bili
481 2131 849 2208 voluntatis‚
875 2150 1000 2214 quo
1016 2133 1157 2196 vult
1187 2132 1327 2213 quis
1350 2132 1619 2215 proferre
1649 2131 1832 2214 plura
1863 2131 2134 2214 periuria
2158 2132 2270 2194 aut
2294 2128 2562 2193 occidere
2585 2130 2792 2213 plures

342 2233 619 2298 homines
666 2235 779 2298 aut
824 2234 1064 2299 laedere
1110 2253 1327 2300 eorum
1371 2233 1604 2299 famam
1651 2236 1714 2297 et
1758 2234 1822 2298 in
1871 2233 2199 2309 similibus,
2238 2232 2487 2297 unicam
2513 2234 2788 2298 ‘numero

335 2336 469 2400 dari
498 2336 810 2401 malitiam
842 2362 902 2401 ».

419 2440 503 2503 Et
546 2441 698 2504 haec
742 2441 897 2506 satis
944 2440 1017 2504 de
1062 2440 1326 2524 pondere
1371 2439 1803 2504 Auctoritatis.
1832 2436 2008 2503 Circa
2038 2458 2226 2521 quam
2257 2430 2410 2504 illud
2446 2442 2648 2506 solum
2681 2437 2791 2503 ad-

334 2544 498 2622 dam,
531 2541 1045 2610 Salmanticenses
1093 2544 1170 2607 tr.
1208 2543 1312 2607 20.
1346 2562 1396 2607 c.
1437 2543 1538 2606 12.
1573 2561 1631 2607 11.
1668 2541 1909 2607 62.-65.
1943 2542 2160 2625 utique
2207 2542 2507 2628 allegasse
2547 2562 2596 2609 s.
2631 2541 2791 2607 Tho-

331 2666 497 2713 mam
523 2649 583 2712 2.
610 2648 754 2712 dist.
781 2648 888 2711 42.
914 2667 973 2729 q.
1005 2647 1061 2709 l.
1090 2647 1207 2710 art.
1247 2648 1326 2725 1.,
1361 2646 1461 2710 scd
1504 2645 1613 2710 abs
1644 2665 1709 2710 re
1742 2647 2027 2723 omnin03
2054 2666 2196 2711 cum
2227 2666 2421 2729 neque
2453 2647 2789 2732 vestigium

331 2769 378 2815 s.
414 2750 685 2815 Thomas
716 2750 963 2829 habeat,
990 2749 1150 2815 unde
1175 2748 1270 2813 vel
1301 2748 1528 2813 directe
1561 2749 1659 2813 vel
1690 2748 1982 2814 indirecte
2014 2748 2296 2813 firmetur
2320 2769 2534 2815 eorum
2559 2747 2785 2833 opinio.

507 2853 577 2915 3⁰
607 2852 807 2917 Notat
843 2871 892 2916 s,
919 2852 1277 2936 Alphonsus
1309 2851 1414 2915 lib.
1452 2853 1510 2915 5.
1537 2871 1597 2916 n.
1631 2852 1736 2914 45.
1773 2852 2072 2917 Doctores
2105 2852 2221 2916 sibi
2255 2852 2573 2935 oppositos
2610 2851 2789 2934 quasi

330 2955 589 3021 invicem
613 2975 956 3040 repugnare
980 2958 1043 3020 et
1061 2955 1239 3040 Lugo
1271 2974 1555 3037 respuere
1579 2954 1886 3019 rationem
1913 2955 2174 3019 allatam
2199 2974 2234 3018 a
2259 2954 2484 3019 Suarez
2510 2954 2582 3016 (10
2607 2955 2789 3018 1111103

327 3059 571 3124 malitia
606 3061 897 3125 contenta
926 3059 990 3123 in
1024 3060 1187 3123 actu,

417 3160 534 3227 Sed
580 3162 931 3245 responderi
977 3164 1203 3245 potest,
1243 3161 1421 3244 Lugo
1454 3159 1608 3240 disp.
1655 3156 1755 3219 16.
1796 3177 1857 3221 n.
1896 3157 2064 3234 134„
2113 3157 2329 3234 dicere,
2370 3175 2434 3221 se
2479 3156 2787 3238 praescin-

331 3265 473 3330 dere
505 3284 541 3329 a
571 3266 813 3330 ratione
849 3262 1110 3338 Suarez;
1154 3260 1570 3346 praescindere
1605 3260 1816 3322 autem
1848 3278 1970 3323 non
2001 3258 2161 3323 idem
2195 3259 2290 3323 est
2326 3277 2397 3322 ac
2442 3257 2688 3322 reiicere
2724 3257 2789 3321 et

332 3386 692 3453 repugnare.
733 3368 834 3432 Ita
882 3369 946 3432 et
981 3364 1346 3430 Tamburini
1392 3383 1527 3444 sup.
1562 3381 1620 3425 n.
1658 3360 1807 3424 272.
1844 3360 2104 3438 dicebat,
2138 3378 2202 3424 se
2250 3358 2676 3442 quaestionem
2720 3357 2790 3421 il-

330 3473 457 3536 lam
491 3471 564 3536 de
595 3471 775 3536 unica
805 3470 1051 3536 malitia
1097 3468 1197 3533 vel
1232 3465 1514 3551 pluribus
1561 3481 1886 3546 seponere3
1921 3482 2042 3528 non
2075 3482 2217 3527 vero
2253 3461 2477 3527 Suarez
2517 3462 2788 3527 rationes

322 3575 751 3660 impugnabat.

415 3674 592 3749 632.
613 3674 683 3741 4⁰
713 3674 1145 3760 Perpendenda
1170 3675 1264 3738 est
1294 3672 1486 3737 etiam
1518 3671 1872 3736 distinctius
1904 3670 2182 3735 doctrina
2206 3688 2439 3746 corum,
2467 3668 2575 3750 qui
2606 3668 2790 3733 aliter

328 3781 606 3846 sentiunt
636 3799 706 3844 ac
730 3798 780 3844 s.
806 3778 1182 3862 AlphonsuS.
1207 3774 1373 3838 Nam
1403 3793 1546 3838 cum
1577 3774 1758 3857 plura
1790 3773 1900 3838 1113
1934 3773 2171 3837 obiecta
2195 3792 2303 3855 per
2324 3771 2576 3834 modum
2603 3771 2787 3834 unius

322 3886 617 3966 concepta
666 3882 743 3947 ad
791 3899 987 3946 unum
1020 3877 1331 3962 operantis
1378 3878 1588 3941 actum
1635 3877 1856 3941 habere
1904 3875 2164 3939 debeant
2202 3873 2566 3954 respectum,
2600 3870 2785 3934 iidem

324 3988 610 4051 auctores
642 3983 1059 4068 distinguunt,
1094 3981 1253 4045 sitne
1283 3978 1500 4043 efficax
1532 3979 1708 4041 actus
1741 3977 2107 4050 voluntatis,
2141 3974 2237 4038 uti
2274 3973 2680 4056 propositum,
2709 3991 2788 4036 an

332 4106 476 4153 vero
509 4087 810 4162 inefficax,
837 4086 935 4151 uti
967 4105 1023 4148 v.
1050 4103 1143 4168 gr.
1170 4081 1428 4164 simplex
1453 4080 1709 4144 affectus
1740 4098 1849 4143 seu
1873 4076 2339 4159 complacentia.
2366 4073 2530 4138 Nam
2553 4074 2617 4138 in
2640 4093 2789 4140 casu

325 4191 653 4274 posteriori
687 4209 828 4254 cum
860 4188 1153 4253 voluntas
1186 4185 1365 4268 plura
1386 4183 1497 4247 illa
1530 4200 1651 4248 non
1682 4181 1972 4264 respiciat
1995 4181 2318 4260 tamquam
2343 4177 2626 4241 effectum
2651 4195 2791 4242 con-

324 4292 725 4376 sequendum,
760 4291 864 4356 sed
895 4308 1060 4355 mere
1099 4290 1397 4369 tanquam
1444 4283 1925 4368 complacentiae
1974 4283 2302 4358 obiectum,
2336 4279 2583 4344 unicam
2613 4279 2789 4343 mali-

326 4396 481 4461 tiam
530 4397 720 4476 atque
768 4393 917 4458 adeo
950 4411 1144 4457 unum
1175 4393 1498 4474 peccatum
1527 4388 1740 4452 haberi
1786 4387 1999 4452 tenent
2034 4385 2226 4449 etiam
2271 4383 2477 4466 plures
2523 4401 2594 4446 ex
2638 4383 2783 4461 illis,

330 4501 441 4582 qui
472 4500 826 4584 opinionem
857 4517 906 4562 s.
940 4496 1242 4580 Alphonsi
1271 4495 1507 4576 alioqui
1538 4494 1875 4558 sectantur.
1910 4489 2050 4554 Vid.
2088 4487 2393 4552 Dicastill.
2428 4486 2501 4550 de
2533 4486 2784 4552 Poenit.

322 4602 482 4686 disp.
516 4604 579 4666 9.
614 4599 760 4665 dub.
798 4601 860 4664 4.
892 4620 954 4665 n.
989 4598 1138 4664 256.
