3529 5158
417 305 560 381 [4761
863 320 1207 363 rnrvmon
1243 322 1749 377 rumesta-marie,
1789 323 2128 379 conensem,
2165 323 2451 365 cassano
2764 315 2874 368 451

504 419 642 484 Hoc
681 418 908 501 posito,
947 419 1117 502 leges
1155 419 1471 502 generales
1509 419 1668 484 istae
1705 419 1872 483 sunt.
1907 420 1957 483 I.
1984 420 2410 505 Privilegium,
2437 422 2602 503 quod
2632 425 2728 487 est
2756 443 2880 489 me-

417 542 557 586 rum
594 520 978 595 beneficium,
1020 521 1294 604 amplam
1324 522 1519 606 exigit
1551 512 2127 606 interpretationem
2156 522 2232 587 cf.
2272 544 2333 587 n.
2366 524 2517 587 467.

504 623 784 707 Regulae
817 623 1028 687 autem
1065 623 1224 687 duae
1261 625 1409 686 sunt
1439 642 1550 706 pro
1583 623 1698 687 hac
1728 624 2256 707 interpretatione.

595 728 665 790 1⁸
693 726 1101 810 Privilegium
1135 744 1256 792 non
1288 728 1384 791 est
1414 727 1861 791 extendendum
1892 727 1970 791 ad
2001 728 2157 792 alias
2188 747 2480 811 personas
2504 729 2601 793 vel
2632 749 2871 796 causas

417 831 495 896 ob
527 828 1001 894 similitudinem
1032 829 1313 894 rationis,
1347 829 1537 894 Ratio
1568 830 1685 903 est,
1717 830 1866 912 quia
1896 848 2007 913 pro
2039 829 2117 895 iis
2148 830 2320 895 deest
2349 849 2562 914 reapse
2585 832 2875 899 voluntas

411 932 725 1016 principis,
759 949 918 1013 quae
950 930 1084 995 sola
1116 932 1424 1014 operatur.

503 1035 832 1098 Praeterea
863 1034 1045 1116 plura
1079 1033 1346 1097 absurda
1376 1053 1448 1097 ex
1486 1033 1601 1097 tali
1639 1034 2148 1116 interpretat-ione
2177 1038 2596 1117 sequerentur.

591 1138 663 1200 2⁰
699 1136 1142 1219 Interpretatio
1178 1136 1385 1218 ampla
1417 1155 1657 1218 semper
1686 1137 1785 1200 est
1813 1136 2092 1200 facienda
2135 1137 2302 1200 intra
2348 1138 2581 1202 limites
2610 1138 2879 1221 proprie-

412 1241 564 1304 tatis
589 1239 938 1315 verborum,
973 1239 1310 1304 secundum
1334 1237 1872 1323 significationem,
1898 1237 2224 1302 iuridicam
2247 1239 2469 1302 saltem
2489 1263 2506 1314 ς
2532 1239 2651 1303 nisi
2675 1240 2875 1304 maior

410 1342 683 1407 extensio
717 1342 1060 1406 necessaria
1084 1342 1187 1418 sit,
1223 1343 1296 1405 ut
1327 1341 1722 1426 privilegium
1749 1342 1983 1423 aliquid
2017 1342 2323 1423 operetur.
2349 1341 2685 1427 Privilegia
2711 1341 2873 1406 enim

409 1464 530 1509 non
563 1444 705 1527 plus
744 1445 1077 1526 operantur
1113 1463 1302 1526 quam
1339 1444 1523 1508 verba
1553 1444 1919 1527 exprimant.

495 1548 578 1611 II.
620 1546 1038 1630 Privilegium
1059 1546 1361 1617 odiosum
1399 1566 1507 1611 seu
1540 1566 1664 1629 qua
1694 1548 1872 1629 parte
1905 1546 2188 1611 odiosum
2226 1547 2339 1623 est,
2374 1549 2469 1610 est
2505 1546 2757 1611 strictae
2789 1546 2877 1610 in·

409 1648 873 1732 terpretationis
904 1648 1010 1728 (cf.
1050 1649 1092 1711 1.
1129 1650 1245 1731 c.):
1279 1650 1372 1712 ita
1421 1651 1629 1713 tamen
1663 1651 1737 1712 ut
1775 1649 2059 1732 ampliari
2091 1650 2308 1732 possit,
2341 1650 2396 1715 si
2433 1669 2505 1714 ex
2542 1649 2667 1713 alia
2698 1650 2873 1731 parte

407 1752 618 1815 faveat
657 1751 816 1815 bono
850 1751 1189 1825 communi,
1223 1751 1400 1814 cuius
1434 1750 1768 1815 identidem
1804 1751 2080 1829 interest,
2114 1752 2189 1814 ut
2224 1751 2407 1816 certis
2454 1751 2730 1834 personis
2776 1750 2874 1815 vel

410 1854 689 1919 coetibus
738 1852 1065 1937 privilegia
1111 1852 1539 1927 conferantur3
1572 1851 1799 1916 idcirco
1848 1853 1903 1916 si
1948 1853 2011 1916 in
2056 1852 2335 1917 favorem
2380 1853 2598 1917 datum
2636 1853 2723 1918 sit
2767 1853 2876 1917 ali-

409 1957 584 2020 cuius
634 1954 978 2040 Religionis
1027 1958 1140 2019 aut
1186 1972 1408 2018 causae
1455 1955 1611 2037 piae.
1663 1954 1821 2018 Item
1869 1955 1923 2018 si
1969 1955 2187 2018 datum
2240 1955 2325 2018 sit
2377 1956 2556 2019 motu
2600 1956 2869 2038 proprio,

406 2060 457 2123 si
510 2060 831 2141 praeterea
881 2059 966 2123 sit
1013 2058 1409 2142 privilegium
1441 2058 1803 2121 contentum
1834 2056 1900 2120 in
1939 2057 2103 2133 iure3
2151 2057 2358 2121 induit
2402 2057 2565 2121 enim
2596 2058 2746 2122 tunc
2780 2078 2875 2123 ra-

407 2162 639 2227 tionem
675 2161 832 2245 legis
867 2160 943 2225 ad
975 2161 1206 2225 bonum
1237 2179 1561 2224 commune
1590 2159 1949 2243 spectantis.

492 2264 773 2349 Regulae
812 2264 1024 2328 autem
1062 2263 1469 2328 restrictionis
1500 2263 1647 2327 sunt
1676 2263 1812 2326 hae.

587 2369 657 2431 1⁰
688 2365 830 2431 Non
879 2366 1061 2430 debet
1090 2364 1399 2429 restrictio
1435 2383 1565 2430 esse
1597 2365 1797 2440 tanta,
1829 2366 1907 2428 ut
1936 2364 2152 2428 reddat
2190 2362 2410 2427 inutile
2454 2363 2870 2447 privilegium,

413 2470 817 2553 quantumvis
866 2468 1148 2533 odiosum
1196 2466 1524 2550 appareat:
1572 2467 1694 2530 nisi
1740 2467 1984 2531 constet
2014 2483 2144 2529 esse
2189 2465 2519 2541 iniustum3
2554 2484 2676 2529 non
2708 2466 2872 2530 enim

407 2575 690 2639 censetur
729 2571 1005 2654 princeps
1039 2570 1308 2635 voluisse
1340 2568 1576 2651 aliquid
1607 2568 1927 2634 iniustum.

588 2677 660 2739 2⁰
699 2673 1048 2739 Verborum
1074 2674 1419 2756 proprietas
1444 2673 1704 2737 tenenda
1729 2674 1959 2737 estnec
1980 2674 2153 2736 extra
2178 2691 2315 2736 eam
2340 2671 2639 2737 trahenda
2664 2672 2868 2750 verba,

407 2783 481 2844 ut
528 2776 928 2861 privilegium
979 2776 1321 2848 minuatur,
1369 2776 1489 2840 nisi
1533 2775 1777 2840 iustitia
1824 2774 1887 2838 id
1932 2777 2119 2859 cogat
2165 2775 2279 2838 aut
2322 2775 2564 2838 constet
2624 2773 2871 2839 aliunde

417 2882 711 2946 voluntas
743 2879 1054 2962 principis.
1103 2877 1289 2943 Secus
1336 2879 1490 2944 nihil
1521 2880 1757 2943 certum
1794 2879 1958 2942 esset
1987 2879 2051 2942 et
2086 2897 2158 2942 ex
2196 2877 2320 2941 alia
2366 2878 2542 2960 parte
2579 2876 2869 2941 voluntas

416 3003 699 3068 expressa
746 2982 1038 3066 principis
1076 2984 1170 3047 est
1200 3001 1438 3064 semper
1469 2981 1787 3046 servanda.
1821 2979 2048 3045 Suarez
2079 2981 2122 3043 1.
2155 2999 2208 3044 c.
2242 2998 2325 3043 cc.
2363 2980 2468 3042 27.
2504 2981 2608 3042 28.

496 3083 677 3157 475.
729 3086 1136 3170 Privilegium
1183 3084 1677 3151 communicatur
1722 3083 1955 3165 duplici
2006 3081 2211 3145 modo.
2249 3081 2389 3143 Per
2432 3082 2868 3155 extensionem,

411 3193 484 3254 ut
529 3190 639 3254 uni
670 3207 1044 3262 concessum,
1074 3187 1255 3252 alteri
1292 3204 1556 3268 quoque,
1591 3186 1890 3264 tanquam
1923 3183 2266 3265 aggregato
2300 3181 2378 3246 ad
2416 3182 2702 3264 priorem,
2736 3202 2870 3264 por-

407 3293 682 3376 rigatur:
732 3291 845 3365 ita,
898 3290 1071 3373 puto,
1121 3286 1444 3370 privilegia
1492 3303 1778 3350 concessa
1824 3282 2321 3376 confrater-nitati
2366 3285 2744 3366 aggregatae
2792 3285 2869 3347 ad

412 3395 1194 3460 Archiconfraternitatem.
1243 3391 1382 3455 Per
1425 3390 1874 3453 concessionem
1902 3387 1991 3451 ad
2023 3388 2251 3461 instar,
2298 3406 2443 3451 cum
2478 3389 2727 3470 sumpto
2776 3408 2873 3452 ve-

405 3497 528 3562 luti
575 3498 850 3581 exemplo
891 3517 928 3561 a
976 3495 1362 3560 concessione
1403 3493 1590 3556 alicui
1623 3491 1795 3574 prius
1832 3491 2017 3566 facta,
2052 3489 2214 3555 idem
2260 3490 2657 3575 privilegium
2688 3491 2868 3557 alteri

403 3601 775 3674 conceditur,
826 3602 902 3663 ut
948 3600 1011 3663 in
1060 3599 1197 3681 ipsa
1238 3597 1324 3661 sit
1370 3597 1670 3677 tanquam
1703 3594 1754 3658 si
1788 3594 2057 3676 primum
2095 3592 2545 3658 concederetur.
2584 3593 2720 3659 Hoc
2751 3595 2871 3676 pri-

402 3708 700 3792 vilegium
750 3708 845 3772 est
892 3703 1308 3787 independens
1341 3722 1376 3766 a
1410 3701 1734 3785 privilegio
1767 3719 2001 3777 eorum,
2034 3700 2259 3782 quibus
2296 3699 2467 3782 prius
2512 3717 2867 3763 concessum

404 3811 515 3874 est.
570 3808 760 3874 Secus
807 3809 860 3873 si
898 3828 1019 3888 per
1063 3807 1480 3869 extensionem
1525 3803 1913 3868 concedatur.

501 3907 682 3981 478.
724 3910 941 3990 Quoad
973 3908 1378 3974 cessationem
1410 3905 1739 3990 privilegii,
1774 3906 1924 3969 haec
1953 3905 2314 3968 summatim
2352 3903 2546 3967 teneri
2584 3906 2863 3985 possunt.

405 4015 470 4077 1⁰
535 4011 676 4078 Non
738 4014 939 4077 cessat
999 4009 1395 4093 privilegium
1454 4010 1655 4072 morte
1709 4005 2114 4071 concedentis.
2162 4030 2195 4064 ‹
2228 4004 2546 4070 Generalis
2599 4006 2711 4080 est,
2776 4005 2867 4070 ait

406 4115 730 4200 Laymann
763 4115 804 4178 l.
841 4134 892 4178 c.
926 4135 985 4177 n.
1033 4114 1154 4188 18„
1188 4111 1514 4176 doctorum
1544 4109 1784 4194 regula,
1816 4107 1980 4190 quod
2018 4108 2225 4193 gratia
2269 4127 2377 4192 per
2419 4108 2685 4172 mortem
2732 4129 2868 4174 con-

410 4217 700 4294 cedentis,
741 4217 933 4281 etiam
963 4236 1028 4280 re
1065 4216 1329 4298 integra,
1369 4233 1490 4279 non
1528 4212 1978 4296 extinguitur...
2013 4209 2131 4275 Sed
2168 4211 2435 4294 intelligi
2465 4211 2615 4276 haec
2649 4213 2866 4296 regula

405 4320 588 4385 debet
633 4320 707 4384 de
770 4318 976 4404 gratia
1039 4318 1204 4381 facta
1264 4319 1327 4381 et
1382 4336 1502 4382 non
1564 4316 1637 4380 de
1692 4314 1970 4379 facienda
2016 4314 2120 4397 (cf.
2169 4315 2515 4380 doctrinam
2570 4315 2865 4381 traditam

398 4443 457 4487 n.
493 4424 697 4504 459.).

581 4527 652 4589 2ο
710 4523 929 4589 Cessat
977 4524 1369 4608 privilegium
1418 4523 1625 4605 elapso
1675 4524 1969 4605 tempore,
2019 4541 2129 4605 pro
2176 4541 2300 4605 quo
2346 4542 2701 4589 concessum
2749 4527 2862 4594 est,
