3529 5158
362 340 472 418 [73]
1147 355 1347 399 umus
1383 355 1534 405 Qum
1571 356 1665 398 srr
1701 356 2055 405 Quornrnns
2743 342 2816 398 69

453 456 553 520 Ita
585 453 872 518 Christus
910 454 1211 518 Dominus
1242 452 1668 518 detestabatur
1696 455 2083 537 impietatem
2115 454 2224 519 Iud
2232 473 2483 520 aeorum
2514 458 2577 521 et
2606 458 2816 521 tamen

362 556 625 621 libenter
670 555 1027 638 patiebatur
1056 573 1165 638 pro
1203 555 1468 637 peccatis
1499 556 1763 621 nostris:
1803 560 2108 641 martyres
2143 576 2265 622 non
2310 559 2654 640 probabant
2698 559 2816 623 cri-

362 678 500 724 men
546 657 899 743 gentilium,
933 660 1140 720 tamen
1171 656 1575 722 libentissime
1612 676 1720 741 pro
1752 659 1885 723 Deo
1916 661 2228 723 tormenta
2265 659 2588 723 subibant:
2628 660 2815 725 habes

361 762 426 826 in
458 760 555 824 his
589 778 958 824 consensum
988 758 1052 822 in
1083 758 1450 841 passionem,
1476 778 1600 823 non
1637 779 1781 824 vero
1815 760 1877 825 in
1917 761 2239 825 actionem.
2265 762 2369 825 Ita
2400 780 2817 844 quaecumque

359 863 528 929 mala
567 863 876 945 patienter
911 861 1183 938 ferimuS,
1224 861 1353 925 sive
1400 861 1478 926 ab
1514 861 1868 927 hominibus
1899 863 2028 927 sive
2075 881 2112 927 a
2156 863 2360 928 causis
2406 864 2813 943 naturalibus,

359 985 432 1030 ea
468 963 719 1047 quidem
760 964 1057 1029 vellemus
1095 982 1423 1039 removere,
1463 982 1657 1046 neque
1687 966 1897 1028 tamen
1935 965 2223 1047 patiendo
2255 984 2689 1050 repugnamus.

447 1067 874 1131 Veruntamen
905 1067 979 1129 ut
1011 1084 1277 1147 aequum
1308 1064 1381 1129 de
1426 1065 1542 1129 hac
1588 1085 1651 1130 re
1690 1065 1925 1130 feratur
1961 1065 2277 1145 iudicium,
2311 1068 2817 1133 considerandum

361 1172 476 1245 est,
511 1169 662 1252 quid
694 1166 851 1233 illud
888 1168 991 1246 sit,
1026 1168 1125 1231 cui
1172 1168 1460 1232 voluntas
1506 1168 1782 1250 patiendi
1829 1188 1948 1233 non
1997 1169 2318 1247 obnititur,
2352 1189 2475 1252 qua
2521 1170 2596 1234 de
2632 1189 2819 1235 causa

360 1290 481 1355 quo
530 1270 715 1335 modo
756 1273 871 1335 etc.
905 1268 971 1334 Si
1006 1269 1179 1347 illud,
1219 1270 1319 1333 cui
1352 1270 1815 1352 acquiescimuS,
1851 1272 1961 1335 aut
1993 1272 2152 1336 ratio
2192 1291 2300 1336 cur
2339 1272 2543 1337 animo
2582 1273 2820 1355 acquie-

361 1374 615 1445 scimus,
651 1372 892 1436 malum
924 1371 1026 1448 sit,
1066 1374 1384 1453 peccatum
1418 1371 1816 1436 incurremus.

447 1475 549 1541 Ita
572 1474 799 1539 mulier
822 1473 1088 1538 exterius
1120 1473 1367 1555 quidem
1398 1475 1575 1556 quasi
1607 1493 1713 1557 per
1736 1475 1864 1538 vim
1898 1494 2184 1557 oppressa
2215 1475 2474 1540 interius
2505 1495 2649 1541 vero
2681 1495 2819 1541 con·

359 1577 631 1644 sentiens
662 1577 728 1641 in
760 1574 1124 1641 violentiam
1156 1575 1273 1640 sibi
1310 1575 1574 1653 illatam,
1600 1576 1942 1641 consentire
1974 1575 2200 1641 dicitur
2229 1576 2293 1640 in
2327 1577 2676 1660 passionem
2696 1596 2819 1641 non

359 1679 421 1747 in
460 1680 789 1744 actionem.
831 1676 1176 1743 Consensus
1222 1677 1468 1761 quidem
1508 1679 1601 1742 est
1645 1679 1869 1755 malus,
1911 1677 2016 1742 sed
2053 1678 2199 1759 quia
2234 1697 2359 1743 non
2403 1678 2710 1743 consentit
2753 1678 2817 1743 in

363 1782 694 1858 actionem,
721 1782 856 1865 ipsa
894 1800 1016 1845 non
1047 1780 1277 1844 dicitur
1312 1779 1587 1862 complex
1625 1782 1688 1844 et
1724 1780 1862 1844 ideo
1899 1781 2107 1862 posset
2139 1779 2339 1844 valide
2378 1779 2616 1844 absolvi
2653 1799 2690 1843 a
2727 1798 2821 1843 sa-

358 1884 601 1949 cerdote
650 1884 779 1947 vim
810 1881 1126 1947 inferente.
1168 1882 1218 1944 E
1255 1881 1563 1946 contrario
1596 1880 1824 1945 Lucius
1861 1902 1918 1945 v.
1958 1902 2050 1965 gr.
2090 1881 2197 1962 qui
2235 1899 2414 1966 aegre
2445 1881 2564 1946 iret
2601 1880 2677 1945 ad
2715 1900 2821 1946 au-

358 1984 648 2051 diendam
699 1984 961 2050 Missam
997 1985 1224 2049 timens
1256 1983 1515 2048 sanitati
1546 2002 1712 2060 suae,
1745 1983 2008 2048 libenter
2045 1983 2239 2060 audit,
2280 1983 2342 2047 vi
2373 2002 2674 2066 aquarum
2711 1983 2823 2048 flu-

357 2088 543 2153 minis
603 2090 716 2151 aut
761 2087 1081 2152 latronum
1135 2084 1375 2150 insidiis
1422 2104 1486 2149 se
1532 2084 1814 2168 impediri
1859 2105 1933 2149 ne
1987 2087 2089 2149 eat
2142 2084 2219 2149 ad
2273 2085 2610 2150 ecclesiam.
2661 2086 2821 2150 Item

357 2210 591 2267 servuS,
620 2190 730 2272 qui
767 2189 1047 2255 mittitur
1077 2208 1219 2252 cum
1256 2207 1485 2272 magna
1517 2187 1755 2251 sarcina
1788 2187 1850 2252 in
1881 2188 2089 2251 locum
2126 2189 2452 2266 remotum,
2486 2207 2605 2252 non
2640 2207 2819 2273 aegre

358 2295 617 2377 patitur,
654 2293 823 2374 quod
860 2290 1099 2356 sarcina
1132 2290 1250 2354 sibi
1288 2310 1323 2353 a
1354 2290 1594 2354 latrone
1631 2309 1738 2372 per
1774 2288 1902 2351 vim
1940 2288 2274 2352 auferatur.
2314 2289 2431 2353 Isti
2461 2308 2582 2353 non
2616 2289 2820 2371 acqui-

356 2398 573 2461 escunt
606 2395 797 2472 ma10,
825 2393 929 2458 sed
967 2390 1289 2457 commodo
1329 2411 1461 2467 suo,
1488 2389 1653 2472 quod
1690 2390 1809 2453 sibi
1847 2390 1924 2454 ab
1962 2390 2297 2454 extrinseca
2328 2409 2514 2454 causa
2547 2390 2815 2455 obvenit.

1313 2583 1669 2650 CAPUT
1732 2584 1862 2647 VI.

1450 2741 1527 2787 DE
1568 2740 1737 2787 METU

463 2891 565 2942 XL.
594 2890 753 2941 Metus
791 2900 817 2937 a
859 2881 1170 2950 iurisperitis‚
1198 2884 1229 2935 Ι.
1260 2883 1307 2934 t.
1337 2879 1455 2949 Dio.
1485 2878 1646 2944 Quod
1669 2881 1847 2933 metus
1877 2892 2050 2934 causa
2092 2881 2304 2948 aestum
2343 2879 2451 2934 erit
2484 2879 2714 2935 definitur
2751 2896 2819 2934 m·

349 2989 565 3028 susus
604 2988 698 3026 vsi.
740 2983 933 3024 rurum
972 2981 1194 3021 pantenu
1231 2979 1386 3019 causa
1430 2978 1612 3017 11111113
1650 2978 1968 3028 ruvinum,
2009 2977 2152 3029 quam
2183 2962 2513 3018 definitionem
2539 2973 2584 3018 et
2612 2967 2819 3019 scholae

346 3058 671 3114 admiserunt.
700 3055 815 3110 vid.
842 3070 882 3108 s.
910 3055 1164 3107 Thomam.
1196 3051 1242 3103 4.
1271 3049 1396 3103 Dist.
1425 3052 1510 3102 29.
1536 3064 1581 3113 q.
1614 3051 1658 3101 -Ι,
1686 3063 1730 3101 a.
1758 3052 1802 3100 t.

434 3188 566 3262 73.
593 3191 770 3254 Alias
807 3209 867 3252 n.
905 3187 1009 3250 67.
1052 3184 1317 3248 diximus
1367 3202 1435 3247 ex
1485 3201 1533 3245 s.
1561 3182 1800 3245 Thoma
1835 3184 1897 3245 et
1935 3179 2154 3244 Schola
2194 3184 2431 3244 metum
2469 3200 2599 3246 esse
2631 3202 2820 3264 quan-

340 3294 495 3359 dam
538 3293 668 3356 vim
708 3309 818 3355 seu
869 3288 1270 3360 coactionem,
1311 3302 1469 3365 quae
1506 3282 1776 3364 quodam
1822 3282 2004 3347 modo
2043 3283 2432 3347 voluntatem
2477 3285 2665 3369 cogit.
2706 3283 2817 3350 Vis

339 3396 606 3479 quidem
632 3391 896 3456 infertur
927 3388 1167 3472 corpori
1204 3405 1312 3450 seu
1345 3384 1484 3448 aliis
1523 3384 1763 3449 animae
1796 3383 2117 3468 potentiis:
2143 3387 2346 3451 metus
2378 3405 2522 3451 vero
2559 3386 2819 3453 infertur

340 3498 566 3563 animo
607 3514 717 3559 seu
756 3490 1089 3557 voluntati.
1132 3487 1307 3553 Unde
1353 3505 1648 3568 quaerens
1696 3505 1744 3550 s.
1785 3487 2057 3552 Thomas
2095 3488 2136 3553 1.
2177 3507 2249 3565 c.‚
2286 3507 2363 3553 an
2411 3489 2634 3573 aliquis
2680 3509 2818 3556 con-

333 3617 572 3666 sensus
623 3596 823 3681 possit
856 3613 984 3659 esse
1022 3592 1294 3666 coactus,
1335 3588 1518 3654 dicit:
1561 3615 1593 3647 «
1632 3589 1735 3654 sed
1773 3610 1934 3655 nunc
1972 3591 2184 3677 agitur
2213 3592 2286 3657 de
2324 3611 2620 3659 consensu
2665 3593 2820 3660 inte-

332 3703 512 3780 riori,
563 3701 629 3765 in
670 3717 853 3781 quem
893 3717 1013 3762 non
1053 3693 1221 3759 cadit
1252 3690 1489 3757 coactio
1528 3710 1635 3756 seu
1670 3693 1782 3769 vie,
1823 3712 1979 3775 quae
2012 3713 2047 3757 a
2093 3697 2264 3759 metu
2311 3694 2719 3781 distinguitur
2754 3700 2817 3763 et

331 3807 476 3872 ideo
515 3804 839 3886 quantum
878 3799 950 3863 ad
992 3796 1381 3882 propositum
1412 3795 1695 3878 pertinet,
1730 3795 1891 3859 idem
1930 3798 2024 3860 est
2055 3795 2290 3860 coactio
2323 3797 2487 3878 quod
2521 3802 2726 3863 metus
2750 3825 2813 3864 ».

420 3907 710 3974 Necesse
734 3905 829 3968 est
852 3920 996 3987 ergo
1027 3920 1206 3984 agere
1231 3899 1304 3964 de
1328 3900 1520 3974 metu,
1548 3900 1685 3961 tum
1716 3901 1790 3961 ut
1812 3897 1973 3960 ratio
2001 3898 2335 3961 voluntarii
2359 3899 2602 3980 penitus
2634 3902 2819 3982 expli-

323 4023 537 4090 cetur,
579 4015 725 4076 tum
757 4010 831 4072 ut
867 4007 1127 4073 iudicari
1173 4006 1371 4089 possit
1408 4003 1480 4068 de
1527 4004 1702 4067 actus
1741 4000 2085 4079 validitate,
2126 4000 2199 4066 de
2229 4003 2541 4087 gravitate
2578 4005 2812 4088 culpae,

321 4119 400 4185 de
432 4133 657 4203 poena
688 4109 1053 4175 incurrenda
1086 4111 1197 4173 aut
1233 4126 1355 4171 non
1386 4104 1746 4170 incurrenda
1779 4107 1893 4168 etc.

433 4276 577 4329 xm.
609 4266 875 4323 potissima
911 4273 1069 4320 metus
1107 4262 1286 4318 divisio
1317 4261 1463 4315 estin
1492 4275 1654 4313 taven
1693 4266 1742 4313 et
1780 4273 2000 4312 01111111.
2027 4258 2188 4323 LeviS,
2215 4260 2297 4327 qui
2337 4268 2385 4315 et
2423 4276 2580 4316 vanus
2618 4262 2813 4331 dicitur,

313 4369 392 4416 est
417 4355 609 4423 exigui
654 4350 881 4421 periculi,
906 4351 988 4404 vel
1028 4349 1175 4403 etiam
1214 4347 1372 4411 magni
1410 4347 1494 4400 sed
1520 4359 1619 4398 11011
1656 4342 1989 4398 verisimiliter
2014 4342 2338 4411 impendentis
2374 4345 2597 4402 formido.
2637 4349 2818 4404 Gravis

315 4461 463 4510 vero,
494 4441 593 4511 qui
636 4445 688 4492 et
714 4436 880 4490 iustus
926 4435 1201 4502 appellatur
1230 4448 1315 4486 seu
1345 4429 1614 4499 probabilis
1651 4445 1737 4482 seu
1770 4431 1949 4482 cadens
1978 4428 2026 4482 in
2057 4437 2356 4485 constantem
2383 4432 2561 4498 virum,
2586 4439 2661 4486 est
2699 4431 2816 4489 11111Ιί

313 4530 620 4599 cuiuspiam
662 4520 895 4588 ingentis,
927 4521 1057 4587 quod
1085 4518 1178 4573 sibi
1206 4517 1373 4572 suisve
1397 4514 1649 4570 imminere
1691 4513 1932 4580 videatur,
1959 4521 2091 4567 certa
2122 4519 2206 4569 aut
2233 4519 2404 4571 saltem
2431 4516 2734 4570 rationabilis
2758 4532 2816 4572 ac

317 4619 558 4688 prudens
603 4604 939 4675 exspectatio.

2905 4733 3415 5050 Γ
