3529 5158
359 324 505 401 [382]
578 338 705 383 uuo
741 337 900 381 Αοτσ
937 339 1199 382 monus
1223 341 1428 381 PLURA
1452 339 1813 382 mamurra
1852 340 2012 389 Quorr
2054 340 2327 382 Paeona
2367 339 2663 381 ADmTrI'r
2717 325 2825 380 375

470 435 649 490 LXIX.
682 436 732 488 2.
764 432 861 501 Qui
898 432 1050 489 violat
1087 441 1256 489 votum
1292 442 1342 489 et
1377 435 1720 499 iuramentum,
1754 438 1834 492 vel
1859 442 2027 491 votum
2066 442 2115 490 et
2152 442 2460 503 praeceptum
2487 435 2737 490 Ecclesiae
2762 438 2823 490 de

358 523 531 575 eadem
569 534 643 586 re,
669 518 913 586 duplicem
939 519 1172 573 malitiam
1210 520 1470 575 committit
1506 536 1563 575 ac
1600 521 1807 589 proinde
1842 521 1894 576 id
1932 520 1980 574 in
2020 520 2326 575 confessione
2352 520 2693 588 explicandum
2720 528 2820 589 est3

359 610 475 678 quia
504 609 608 663 voti
635 607 915 663 observatio
943 608 1256 677 praecipitur,
1287 617 1339 664 ut
1367 614 1486 665 fides
1513 614 1618 665 Deo
1645 611 1808 666 debila
1836 620 2080 675 servetur,
2106 610 2364 666 iuramenti
2392 620 2569 677 autem,
2601 627 2662 665 ne
2689 614 2824 665 Deus

359 702 571 749 vocetur
609 693 656 746 in
697 697 868 747 laisum
909 699 1112 762 testem;
1140 703 1188 748 et
1227 695 1296 749 sic
1324 697 1447 749 duae
1473 703 1586 750 sunt
1612 698 1720 751 heic
1757 696 1975 751 rationes
2015 700 2259 763 formaleS,
2289 695 2359 750 uti
2387 703 2435 750 ct
2469 695 2656 750 suntin
2684 695 2826 749 omis·

363 778 503 833 sione
529 777 721 841 Missae,
748 792 874 845 quae
900 786 947 831 et
986 785 1187 846 propter
1229 783 1400 833 testum
1440 789 1489 834 ct
1518 795 1577 835 ex
1611 779 1823 836 iniuncta
1865 778 2160 849 poenitentia
2203 780 2363 835 audiri
2399 783 2560 835 debet.
2587 780 2735 834 Card.
2763 784 2824 834 de

358 866 497 930 Lugo
537 865 570 916 1.
596 878 640 917 c.

473 950 630 1003 LXX.
658 951 708 1002 3.
739 947 792 1001 Si
819 947 993 1013 ligatus
1027 964 1136 1003 cum
1164 949 1307 1014 ligata
1336 948 1658 1015 adulteretur,
1691 932 1870 1018 duplex
1905 958 2156 1019 peccatum
2194 950 2461 1005 iniustitiae
2488 949 2825 1017 committitur,

362 1048 512 1088 unum
539 1039 710 1088 contra
730 1032 975 1100 propriam
1002 1048 1225 1100 uxorem,
1253 1037 1458 1089 alterum
1485 1044 1652 1090 contra
1682 1035 1907 1091 maritum
1937 1038 2216 1089 adulterae:
2247 1034 2317 1089 uti
2339 1034 2501 1101 etiam,
2521 1034 2564 1089 si
2588 1035 2700 1103 quis
2725 1049 2824 1090 uno

360 1125 473 1172 actu
499 1116 692 1173 occidat
714 1120 895 1186 plureS‚
918 1125 1031 1172 sunt
1057 1122 1195 1187 plura
1226 1119 1485 1174 homicidia
1501 1139 1513 1183 ;
1529 1120 1639 1187 quia
1668 1121 1715 1174 in
1742 1120 1852 1175 istis
1870 1119 2072 1173 materia
2095 1127 2168 1174 est
2193 1135 2397 1174 numero
2425 1120 2637 1174 diversa.
2655 1124 2824 1186 Laym.

361 1208 390 1256 l.
422 1205 471 1256 l.
498 1209 537 1256 t.
567 1206 612 1255 2.
641 1217 684 1256 c.
715 1204 797 1258 ⁴0.
830 1220 875 1257 n.
904 1204 952 1257 3.
983 1206 1159 1259 Sancti.
1185 1205 1334 1259 Card.
1360 1207 1420 1258 de
1461 1208 1594 1270 Lugo
1635 1210 1664 1259 1.
1693 1222 1736 1259 c.

452 1312 626 1377 Haec
648 1313 892 1391 melius,
918 1312 1029 1378 ubi
1052 1312 1124 1378 de
1148 1314 1435 1396 peccatis,
1463 1334 1585 1397 quo
1612 1314 1879 1379 remittit
1908 1314 2203 1380 lectorem
2237 1318 2299 1379 et
2331 1334 2378 1378 s,
2405 1314 2781 1398 Alphonsus.

1380 1540 1651 1607 CAPUT
1700 1541 1809 1607 IV.

830 1702 995 1760 QUAE
1027 1701 1351 1749 EXCUSENT
1385 1703 1421 1748 A
1454 1702 1992 1749 TRANSGRESSIONE
2026 1702 2381 1750 PRAECEPTI.

1468 1880 1632 1943 DUB.
1670 1880 1718 1943 Ι.

1182 2023 1296 2086 An
1331 2024 1693 2104 iynorante‘a
1725 2026 1989 2087 excuset.

473 2182 653 2234 Lxxt.
680 2179 930 2247 Respond.
953 2177 1006 2231 Si
1043 2177 1105 2232 sit
1130 2176 1444 2241 invincibilia,
1475 2186 1700 2245 excusatJ
1732 2177 1846 2244 qnia
1870 2192 2015 2231 nemo
2041 2185 2227 2246 peccat,
2251 2178 2345 2233 nisi
2374 2185 2488 2233 >actu
2515 2178 2824 2233 voluntario:

363 2267 444 2320 liic
485 2272 647 2320 autem
685 2263 1011 2329 cognitionem
1037 2261 1400 2331 praesupponit.
1428 2261 1480 2315 Si
1505 2269 1666 2318 autem
1700 2262 1764 2316 sit
1805 2262 2052 2317 vincibilis
2089 2271 2137 2317 et
2174 2262 2449 2329 culpabilis,
2477 2278 2571 2317 non
2597 2270 2827 2329 excusam

359 2350 523 2418 qualis
547 2357 640 2417 est,
671 2364 781 2403 cum
809 2355 1006 2416 poteras
1032 2354 1080 2401 et
1106 2346 1354 2402 tenebaris
1378 2346 1500 2401 scire
1527 2354 1611 2401 aut
1635 2346 1823 2402 discere
1849 2347 1973 2402 etin
1999 2354 2208 2401 mentem
2235 2347 2462 2401 veniebat
2487 2348 2710 2401 dubitare
2738 2363 2829 2402 nec

360 2434 602 2490 studuisti
625 2434 914 2499 intelligere.
943 2436 992 2487 S.
1019 2437 1143 2498 Aug.
1171 2448 1211 2486 s.
1243 2434 1337 2486 Th.
1363 2435 1540 2485 Sancti.
1575 2435 1616 2484 l.
1646 2432 1787 2487 Mor.
1815 2447 1858 2485 c.
1891 2433 1971 2485 l6.
2000 2439 2049 2485 et
2075 2431 2241 2487 ceteri
2263 2431 2633 2487 communiter
2658 2439 2827 2486 contra

358 2523 579 2577 Palaum.

455 2626 639 2701 382.
679 2628 1072 2693 Advertenda
1096 2627 1309 2691 sedulo
1334 2627 1521 2691 verba
1545 2625 1858 2691 Auctoris
1899 2651 1935 2686 «
1976 2625 2133 2690 Cum
2144 2631 2403 2706 poteras
2427 2631 2489 2691 et
2519 2627 2830 2691 tenebaris

360 2735 525 2797 seire
548 2735 665 2794 aut
697 2729 932 2794 discere
979 2732 1040 2793 et
1067 2747 1131 2792 IN
1164 2746 1424 2793 MENTEM
1457 2746 1766 2793 VENIEBAT
1798 2729 2086 2794 dubitare
2123 2749 2234 2793 nec
2263 2729 2565 2793 studuisti
2599 2727 2831 2793 intelli-

360 2855 508 2917 9ere
541 2860 602 2898 ».
642 2833 856 2915 Neque
903 2832 1065 2896 enim
1113 2832 1266 2896 satis
1306 2834 1419 2905 est,
1453 2832 1617 2915 quod
1649 2832 1907 2897 scientia
1955 2833 2039 2896 sit
2076 2832 2384 2897 abstracte
2414 2832 2726 2916 possibilis
2760 2851 2830 2896 ac

365 2938 634 3002 tenearis
679 2955 818 3000 eam
866 2936 1204 3017 acquirere3
1249 2934 1354 2999 sed
1402 2933 1579 2998 debet
1621 2936 1755 2998 eius
1801 2936 1899 2998 rei
1936 2935 2204 3016 coynitio
2251 2954 2571 2998 occurrere
2616 2936 2827 2997 utenti.

366 3039 486 3105 Sed
533 3038 607 3103 de
659 3038 757 3102 his
813 3040 1022 3102 actum
1070 3039 1164 3102 est
1215 3038 1280 3102 in
1327 3040 1510 3102 tract.
1561 3036 1635 3100 de
1682 3037 1952 3100 Actibus
2007 3035 2299 3099 hemmnis
2345 3056 2395 3099 c.
2438 3037 2554 3099 111.
2604 3037 2713 3098 ubi
2758 3035 2831 3099 de

372 3142 732 3228 Ignorantia
772 3143 834 3206 et
865 3160 1080 3205 rursus
1119 3139 1427 3225 agendum
1474 3139 1592 3202 erit
1639 3138 1702 3201 in
1740 3140 1924 3201 tract.
1952 3136 2025 3200 cle
2058 3136 2353 3200 Peccate's
2386 3136 2501 3219 (*).

461 3246 522 3311 S.
561 3248 916 3331 Alphonsus
952 3246 1068 3310 hoc
1103 3246 1241 3309 loco
1290 3244 1463 3307 addit
1494 3242 1998 3306 dissertationem
2030 3261 2066 3304 a
2098 3261 2158 3303 n.
2198 3241 2368 3317 170„
2410 3258 2535 3321 qua
2566 3239 2830 3317 evincat,

371 3350 511 3413 dari
553 3349 971 3434 ignorantiam
1008 3347 1426 3413 invincibilem
1457 3346 1522 3409 in
1553 3343 1870 3409 nonnullis
1918 3343 1995 3407 ad
2049 3343 2249 3428 legem
2304 3341 2657 3406 naturalem
2704 3359 2834 3424 spe-

367 3451 704 3517 ctantibus.
738 3453 819 3517 Et
836 3452 1030 3516 relate
1056 3451 1132 3514 ad
1159 3448 1752 3513 animadversionem
1776 3466 1919 3511 mox
1950 3449 2234 3512 notatam
2268 3444 2483 3509 scribit
2504 3444 2646 3522 ista,
2674 3462 2833 3526 quae

369 3555 797 3620 admittimus:
839 3578 874 3612 «
906 3554 1080 3618 Licet
1126 3552 1312 3616 multi
1350 3552 1486 3615 DD.
1522 3550 1849 3615 videantur
1884 3569 1995 3633 pro
2035 3550 2298 3635 singulis
2323 3549 2589 3633 peccatis
2624 3550 2834 3612 actua-

367 3659 489 3722 lem
523 3657 978 3721 advertentiam
1009 3656 1346 3738 postulare,
1383 3655 1606 3717 saltem
1638 3652 1885 3734 quando
1919 3652 2217 3734 cuiusque
2249 3653 2485 3737 peccati
2511 3670 2698 3715 causa
2730 3670 2834 3733 po-

369 3762 561 3836 nitur,
597 3762 807 3824 tamen
840 3778 1069 3837 omneS,
1103 3758 1344 3823 nemine
1368 3757 1772 3839 discrepante,
1807 3757 2220 3828 consentiunt,
2249 3756 2402 3819 satis
2435 3774 2583 3830 esse,
2619 3754 2833 3817 1110111-

371 3865 607 3947 pabiles
652 3862 855 3927 futuri
906 3881 1140 3927 errores
1188 3861 1361 3938 fiant,
1420 3859 1873 3923 advertentiam
1919 3859 2114 3936 illam,
2164 3877 2353 3939 quam
2415 3856 2594 3920 initio
2644 3855 2832 3918 habet

369 3967 579 4040 homo,
628 3985 772 4030 cum
805 3969 1045 4030 statum
1068 3964 1423 4047 quempiam
1455 3962 1720 4026 assumit
1744 3964 1857 4026 aut
1889 3959 2141 4042 aliquod
2186 3978 2413 4023 munus
2446 3957 2724 4040 suscipit,
2760 3955 2833 4020 de

373 4069 755 4154 obligatione
802 4087 932 4133 sese
978 4067 1246 4151 peritum
1292 4065 1599 4139 reddendi,
1635 4065 1684 4129 si
1717 4064 1953 4147 peritus
1985 4083 2106 4127 non
2145 4063 2229 4126 sit
2258 4062 2321 4125 in
2353 4061 2431 4125 iis
2461 4080 2619 4142 quae
2653 4078 2833 4143 agere

373 4172 552 4237 debet
590 4173 656 4236 et
690 4171 755 4235 in
801 4171 1027 4253 quibus
1060 4169 1293 4233 versari
1322 4169 1562 4232 ratione
1599 4166 1873 4230 muneris
1912 4168 1973 4229 et
2004 4165 2119 4229 hoc
2151 4183 2271 4228 non
2314 4164 2598 4228 obstante
2644 4161 2836 4246 negli-

478 4450 536 4502 (*)
564 4448 915 4504 Transgressio
942 4448 1066 4504 legis
1094 4451 1284 4493 scienter
1312 4453 1353 4492 et
1382 4449 1518 4491 libere
1559 4447 1779 4492 admissa
1810 4459 1869 4490 ea
1904 4448 1997 4500 est,
2042 4458 2172 4501 quae
2212 4457 2243 4488 a
2289 4445 2602 4499 Iurisperitis
2645 4445 2835 4488 dicitur

373 4515 474 4558 dolo
502 4515 627 4559 malo
655 4516 814 4569 factm
848 4527 966 4559 cum
993 4516 1128 4558 enim
1156 4516 1219 4558 de
1257 4514 1457 4558 delictis
1496 4515 1685 4570 agitur,
1714 4513 1848 4557 dolus
1878 4512 2027 4556 malus
2056 4516 2131 4555 est.
2164 4513 2377 4556 voluntas
2413 4511 2726 4565 delinquendi.
2758 4511 2834 4555 Cf.

379 4586 707 4642 d'Annibale,
734 4587 776 4630 1.
806 4587 902 4631 297.
932 4587 990 4631 E.
