3529 5158
816 309 924 364 426
1327 324 1540 365 maor.
1573 324 1670 365 111.
1708 324 1795 364 nn
1826 323 2111 368 meamus.
2149 323 2350 367 oum·
2386 326 2465 368 iv.
2504 325 2645 368 mm.
2684 326 2768 368 iv.
3109 312 3236 388 [ua]

891 414 1085 489 443.
1113 419 1298 483 Hisce
1322 420 1675 503 praemissis
1700 421 1906 503 quoad
1931 421 2157 485 vitium
2174 422 2607 505 subreptionis,
2626 423 2793 505 quod
2814 422 3049 487 irritam
3069 423 3239 488 faciat

815 525 1354 608 dispensationem,
1387 524 1656 590 Sanchez
1705 525 1780 589 de
1826 526 2119 590 Matr-im.
2153 527 2260 591 lib.
2303 529 2362 591 8.
2397 528 2552 612 disp.
2588 530 2693 593 21.
2726 549 2787 592 n.
2830 529 2928 592 lo.
2960 529 3235 611 triplicem

814 626 966 691 dicit
1011 628 1383 692 sententiam
1429 629 1756 693 exstitisse.
1807 629 2038 706 Prima,
2087 630 2311 711 inquit,
2369 631 2652 709 sustinet,
2710 649 2781 695 ex
2832 630 3238 696 taciturnitate

815 730 1098 795 veritatis
1135 749 1589 813 quamcumque
1635 732 1912 815 gratiam
1958 735 2022 795 et
2066 731 2588 815 dispensationem
2632 732 2805 798 reddi
2837 733 3236 816 subreptitiam

817 835 1005 915 atque
1041 833 1306 910 irritam,
1339 833 1583 915 quoties
1623 834 1819 898 tacita
1853 834 1965 898 illa
2002 835 2232 899 veritas
2271 835 2357 899 sit
2387 854 2574 900 causa
2604 854 2729 900 non
2761 836 3006 900 tantum
3037 835 3235 912 finalis,

817 934 922 998 sed
953 935 1142 999 etiam
1182 935 1538 1018 impulsiva.

907 1036 1185 1102 Secunda
1224 1038 1450 1121 opinio,
1483 1038 1629 1103 ibid.
1664 1060 1725 1102 n.
1761 1038 1889 1116 11.,
1933 1040 2119 1117 tenet,
2159 1040 2432 1124 gratiam
2464 1041 2529 1105 et
2557 1040 3068 1123 dispensationem
3104 1041 3237 1104 tunc

818 1140 1022 1204 solum
1059 1140 1292 1216 vitiari,
1341 1139 1586 1221 quando
1625 1141 1822 1204 tacita
1869 1141 2098 1205 veritas
2131 1142 2227 1206 est
2263 1161 2451 1206 causa
2487 1142 2694 1207 finalis
2726 1162 2835 1207 seu
2865 1142 3089 1206 motiva
3122 1161 3240 1207 con·

818 1242 1127 1319 cessionis,
1155 1241 1316 1306 idest
1332 1261 1456 1323 qua
1479 1243 1730 1326 cognita
1755 1243 2046 1327 Princeps
2070 1244 2326 1309 minime
2349 1244 2623 1329 gratiam
2646 1246 3064 1321 concessisset;
3089 1262 3238 1308 secus

818 1361 983 1421 vero,
1018 1344 1264 1425 quando
1305 1344 1401 1407 est
1437 1363 1625 1408 causa
1662 1344 1868 1408 solum
1914 1345 2270 1428 impulsiva.

909 1447 1120 1511 Tertia
1156 1465 1302 1511 vero
1343 1447 1570 1530 opinio,
1620 1446 1767 1511 ibid.
1816 1468 1875 1511 n.
1917 1449 2040 1526 12.,
2077 1447 2273 1527 docet,
2307 1449 2582 1533 gratiam
2612 1468 2724 1514 seu
2762 1447 3236 1532 dispensationem

819 1567 940 1613 non
959 1568 1028 1612 ex
1053 1548 1326 1613 cuiusvis
1351 1549 1634 1614 veritatis
1659 1548 2092 1614 taciturnitate
2117 1551 2361 1615 irritam
2392 1550 2581 1628 reddi,
2616 1551 2905 1634 quamvis
2935 1569 3001 1614 ea
3024 1548 3237 1635 cognita

820 1651 1108 1734 Princeps
1132 1669 1254 1715 non
1272 1651 1701 1729 concessisset3
1730 1651 1835 1715 sed
1860 1653 2007 1716 tunc
2031 1651 2256 1732 solum,
2282 1654 2529 1735 quando
2555 1654 2802 1719 tacetur
2818 1653 3055 1729 veritae,
3078 1669 3236 1733 quam

821 1755 959 1818 iura
992 1755 1208 1818 iubent
1238 1755 1514 1837 exprimi.

905 1851 1093 1925 444.
1133 1857 1290 1920 Dein
1329 1854 1598 1921 Sanchez
1647 1857 1951 1938 quaedam
1990 1858 2237 1937 statuit,
2277 1879 2436 1940 quae
2472 1860 2689 1924 haberi
2728 1859 2987 1942 possunt
3012 1860 3080 1922 ut
3105 1874 3238 1920 com·

823 1959 1114 2042 pendium
1150 1959 1511 2043 regularum
1542 1959 1605 2022 in
1643 1960 1760 2023 hac
1791 1979 1856 2023 re
1888 1959 2350 2026 servandarum.

911 2059 1238 2126 Conclusio
1271 2061 1489 2144 prima.
1530 2061 1677 2126 ibid.
1719 2083 1777 2126 n.
1825 2064 1955 2126 13.:
1997 2089 2034 2122 «
2072 2064 2495 2129 Taciturnitas
2520 2066 2887 2148 qualitatis,
2926 2082 3097 2146 quam
3122 2062 3236 2125 iura

826 2163 1174 2247 specialiter
1227 2163 1443 2228 iubent
1494 2166 1771 2248 exprimi,
1828 2165 2029 2229 reddit
2083 2168 2356 2251 gratiam
2410 2167 2853 2252 subreptitiam
2906 2169 2967 2232 et
3012 2165 3233 2235 irritam,

823 2266 1110 2349 quamvis
1172 2267 1429 2344 constet,
1487 2260 1834 2351 Principem
1888 2268 2101 2332 eadem
2162 2269 2467 2335 facilitate
2521 2270 2800 2355 gratiam
2853 2281 3235 2335 concessurum

821 2370 1029 2444 fuisse,
1066 2369 1121 2432 si
1156 2389 1229 2433 ea
1261 2370 1491 2433 verita-s
1516 2370 1738 2434 fuisset
1770 2389 2055 2453 expressa
2080 2396 2141 2435 ».
2171 2371 2361 2436 Ratio
2401 2374 2516 2449 est,
2550 2372 2703 2454 quia
2734 2373 2875 2438 iura
2904 2372 3052 2436 hanc
3076 2366 3235 2450 quali·

821 2475 1027 2537 tatum
1059 2472 1507 2555 expressionem
1553 2472 1810 2556 exigunt
1846 2492 1956 2556 pro
2002 2472 2224 2537 forma.
2257 2474 2455 2556 Atqui
2484 2474 2689 2539 forma
2732 2475 2808 2539 ad
2842 2490 3095 2559 unguem
3134 2487 3234 2533 ser·

819 2575 1020 2642 vanda
1059 2576 1153 2639 est
1186 2576 1375 2639 etiam
1414 2575 1477 2640 in
1510 2575 1802 2640 minimis.
1839 2574 1979 2640 Vid.
2022 2595 2188 2659 supr.
2225 2597 2283 2640 n.
2320 2576 2470 2641 336.

905 2677 1033 2741 Nec
1065 2677 1268 2755 refert,
1304 2678 1449 2742 ibid.
1486 2698 1544 2742 n.
1584 2678 1708 2755 14„
1744 2678 1910 2759 quod
1935 2699 2007 2742 ea
2040 2679 2313 2760 qualitas
2346 2681 2541 2744 tacita
2574 2679 2775 2745 fuerit
2805 2699 2876 2745 ex
2906 2673 3229 2764 ignorantia.

821 2779 979 2844 Cum
1017 2781 1179 2843 enim
1214 2780 1545 2844 omittatur
1575 2780 1795 2858 forma,
1838 2781 2014 2844 actus
2062 2782 2298 2845 corruit
2326 2802 2437 2846 1166
2468 2783 2830 2867 ignorantia
2861 2779 3108 2866 prodest,
3138 2771 3229 2839 nisi

822 2882 896 2947 ad
931 2884 1141 2947 actum
1175 2902 1211 2946 a
1248 2882 1431 2966 eulpa
1463 2881 1895 2946 excusandum.
1937 2881 2020 2946 Et
2057 2883 2163 2946 ubi
2202 2883 2373 2948 deest
2401 2884 2624 2958 forma,
2650 2884 2829 2950 deest
2850 2881 3095 2948 intentio
3121 2895 3232 2942 con-

818 2986 1106 3062 cedentiS,
1148 3005 1306 3067 quae
1336 2986 1589 3049 minime
1622 2986 1997 3069 ignorantia,
2040 2988 2186 3050 utut
2217 2987 2598 3070 inculpabili,
2640 2987 2985 3071 suppletur.

906 3087 1204 3168 Quamvis
1237 3089 1449 3152 autem
1480 3086 1728 3170 (Sanch.
1764 3088 1913 3151 ibid.
1953 3110 2013 3152 n.
2070 3089 2202 3172 15.)
2232 3090 2532 3173 expressis
2578 3091 2643 3153 et
2674 3089 3037 3173 specialibus
3064 3080 3231 3149 verbis

817 3192 880 3255 111
927 3192 1061 3255 11116
1107 3210 1230 3255 11011
1275 3190 1631 3256 inveniatur
1677 3191 2013 3268 statutum,
2053 3192 2425 3273 qualitatem
2472 3192 2753 3274 aliquam
2784 3210 2916 3257 esse
2946 3186 3231 3272 exprimen-

819 3293 989 3370 dam3
1024 3295 1177 3358 satis
1212 3295 1419 3358 tamen
1465 3293 1528 3356 id
1576 3293 1919 3371 deducitur,
1955 3294 2199 3375 quoties
2229 3296 2486 3358 cautum
2517 3294 2582 3358 in
2612 3295 2751 3359 iure
2782 3291 3130 3364 inveniatur,
3169 3300 3231 3346 116

820 3396 1116 3460 delictum
1156 3397 1407 3478 aliquod
1445 3418 1502 3460 v.
1544 3417 1637 3481 gr.
1673 3397 2054 3474 remittatur,
2088 3397 2186 3462 vel
2225 3416 2298 3461 116
2329 3397 2720 3481 dispensetur
2751 3398 2815 3462 in
2854 3397 3053 3478 aliquo
3094 3405 3228 3454 casu·

820 3498 980 3577 Quia
1012 3517 1081 3561 eo
1113 3499 1247 3579 ipso
1282 3499 1664 3580 exprimitur,
1714 3500 1987 3563 mentem
2033 3499 2186 3562 iuris
2219 3518 2368 3576 esse,
2403 3518 2478 3563 ne
2509 3499 2891 3583 dispensatio
2921 3498 3105 3567 detur,
3136 3486 3230 3555 nisi

819 3601 880 3663 in
921 3599 1170 3682 speciali
1204 3600 1412 3680 aliquo
1446 3620 1594 3662 casu
1625 3601 1937 3684 Princeps,
1972 3621 2043 3665 ea
2090 3602 2207 3665 sibi
2245 3601 2552 3682 qualitate
2584 3620 2887 3685 expressa,
2928 3597 3071 3663 velit
3095 3596 3154 3657 in
3177 3607 3230 3652 co

820 3702 956 3764 iure
1002 3701 1371 3784 dispensare.
1412 3701 1646 3765 Idcirco
1679 3704 2026 3768 communis
2060 3704 2154 3768 est
2183 3704 2482 3781 doctrina,
2524 3723 2686 3782 eum,
2721 3706 2831 3787 qui
2864 3701 3107 3769 scienter
3130 3711 3231 3759 ma·

819 3805 1185 3869 trimonium
1223 3804 1472 3868 iniverit
1509 3805 1572 3868 in
1620 3805 1819 3889 gradu
1853 3806 2184 3888 prohibito,
2225 3806 2417 3871 teneri
2465 3807 2568 3888 (ne
2599 3806 2975 3890 dispensatio
3019 3802 3096 3867 sit
3120 3795 3231 3863 sub·

820 3909 1072 3992 reptitia
1106 3912 1168 3973 et
1197 3909 1425 3992 irrita),
1462 3909 1626 3972 huuc
1665 3909 1958 3973 illicitum
1997 3911 2058 3973 et
2090 3911 2339 3974 irritum
2375 3910 2763 3976 matrimonii
2792 3908 3155 3974 contractum
3180 3897 3228 3960 in

817 3997 1078 4095 petenda
1110 4011 1247 4075 dein
1296 4012 1754 4095 dispensatione
1802 4012 2171 4094 exprimere3
2222 4013 2371 4094 quia
2402 4012 2569 4077 Trid.
2609 4033 2755 4079 sess.
2792 4013 2897 4077 24.
2938 4027 3062 4090 cap.
3094 4005 3144 4068 5.
3172 3995 3231 4060 de

823 4114 1098 4193 Reform.
1135 4114 1338 4177 ῙΙῙαίν.
1374 4116 1622 4191 statuit,
1656 4116 1821 4179 hunc
1868 4133 1975 4196 spe
2012 4113 2488 4196 dispensationis
2518 4115 2879 4178 cariturum.
2928 4113 3075 4175 Item
3116 4118 3232 4167 eum

821 4221 1076 4280 cautum
1123 4218 1185 4280 in
1233 4218 1367 4281 iure
1415 4218 1517 4292 sit,
1567 4219 1642 4280 ut
1687 4218 1983 4282 delictum
2031 4214 2348 4280 homicidii
2395 4215 2583 4280 semel
2616 4216 2864 4278 tantum
2894 4209 3229 4278 remittatur,

819 4319 1190 4400 subreptitia
1223 4319 1341 4382 erit
1386 4319 1764 4402 dispensatio
1805 4319 2010 4401 quoad
2049 4318 2385 4383 secundum
2422 4317 2844 4393 homicidium,
2878 4315 2992 4379 nisi
3032 4304 3230 4375 mentio

821 4420 1054 4501 primae
1089 4422 1465 4485 remissionis
1499 4423 1664 4487 facta
1697 4424 1903 4487 fuerit.
1940 4420 2039 4486 Sic
2070 4423 2122 4487 si
2155 4424 2406 4506 petatur
2438 4421 2817 4497 beneficium,
2852 4418 3036 4483 tacito
3065 4411 3229 4476 altem

821 4522 991 4604 prius
1025 4523 1314 4587 beneficio
1357 4525 1645 4601 obtento,
1681 4525 1828 4606 quia
1875 4526 2013 4588 iura
2051 4525 2110 4588 id
2152 4526 2497 4608 prohibent.
