3529 5158
366 364 509 440 [610]
713 377 1008 426 Quouono
1045 377 1380 420 conmmm
1418 378 1631 422 morus.
1670 380 2011 423 marmorio
2048 382 2451 426 emeca-ronna
2719 369 2826 427 547

366 476 794 541 delectationis
830 479 1149 542 morosae.'
1167 474 1231 540 Si
1264 478 1475 541 autem
1504 477 1772 562 negligit
1807 479 2075 561 quidem,
2102 480 2208 544 sed
2238 499 2359 545 non
2384 483 2457 545 ut
2487 481 2825 547 delectetur

369 580 444 644 de
466 579 576 644 illo
601 579 767 644 malo
808 598 987 662 opere
1017 580 1317 664 cogitato,
1342 577 1449 643 sed
1479 598 1550 643 ex
1582 579 1853 661 quadam
1884 582 2212 664 tepiditate
2241 601 2351 646 seu
2376 583 2585 664 aliquo
2615 584 2826 649 huius-

371 682 558 758 modi,
592 701 715 746 non
752 681 1012 747 incurrit
1054 682 1401 746 formaliter
1435 682 1909 747 delectationem
1953 701 2266 748 morosam
2305 703 2377 749 ac
2413 703 2518 768 per
2555 686 2671 750 boc
2701 705 2823 751 non

372 787 584 869 peccat
613 785 985 858 mortaliter,
1010 785 1129 849 nisi
1161 784 1531 849 exorbitatio
1555 784 1743 848 fuerit
1767 787 1965 864 tanta,
1992 788 2066 850 ut
2097 787 2276 869 quasi
2305 786 2441 851 ideo
2465 787 2822 871 neglexerit,

369 889 442 952 ut
466 886 823 952 delectetur.
841 886 1005 951 Nam
1027 887 1192 951 sicut
1215 886 1544 950 detrahens
1561 904 1684 950 non
1707 884 2051 951 intentione
2072 887 2450 964 detrahendi,
2468 906 2590 953 non
2614 890 2827 972 peceat

366 990 735 1065 mortaliter,
767 988 886 1052 nisi
918 989 1108 1053 laesio
1154 987 1357 1052 famae
1403 988 1594 1052 fuerit
1636 990 1837 1065 tanta,
1871 990 1946 1054 ut
1991 990 2170 1071 quasi
2207 990 2539 1055 intenderit
2578 990 2684 1056 ille
2729 991 2825 1057 de-

367 1092 632 1168 trahere,
681 1091 829 1155 dum
878 1109 997 1156 non
1044 1090 1287 1156 curavit
1332 1092 1579 1154 tantam
1631 1091 1966 1155 laesionem
2019 1091 2223 1155 famae
2267 1092 2530 1157 inferre:
2577 1096 2672 1159 ita
2717 1095 2824 1176 qui

372 1194 756 1279 negligenter
789 1213 860 1258 ac
890 1213 999 1277 per
1028 1194 1145 1258 hoc
1179 1193 1587 1258 materialiter
1631 1194 1977 1258 delectatur
2008 1193 2082 1258 de
2110 1195 2277 1259 malo
2310 1214 2489 1279 opere
2520 1197 2820 1281 cogitato,

373 1314 495 1361 non
527 1300 601 1361 ut
637 1297 976 1361 delectetur
1008 1296 1081 1360 de
1125 1296 1281 1378 ipso,
1315 1314 1437 1361 non
1484 1297 1698 1378 peccat
1740 1297 2111 1374 mortaliter,
2145 1298 2266 1362 nisi
2299 1298 2604 1363 involutio
2635 1300 2827 1364 fuerit

367 1400 569 1475 tanta,
603 1402 676 1463 ut
705 1398 917 1464 redeat
944 1398 1009 1463 in
1041 1401 1333 1463 naturam
1365 1416 1516 1463 suae
1561 1398 1816 1476 formae,
1851 1401 1924 1463 ut
1969 1401 2150 1481 quasi
2192 1399 2330 1465 ideo
2362 1401 2716 1486 neglexerit,
2752 1404 2825 1466 ut

368 1500 727 1578 delectetur,
767 1501 917 1566 dum
948 1520 1070 1566 non
1110 1500 1484 1578 aestimavit,
1524 1503 1657 1565 tam
1704 1501 2066 1566 notabiliter
2103 1521 2168 1566 se
2200 1503 2315 1566 tali
2359 1502 2708 1567 delectabili
2737 1504 2826 1567 in·

363 1604 554 1670 volvi.
603 1604 684 1668 Et
729 1604 872 1667 hinc
916 1604 1124 1679 habes,
1175 1603 1334 1666 uude
1379 1605 1522 1686 post
1565 1604 1811 1686 plenam
1861 1603 2311 1668 advertentiam
2356 1606 2590 1669 multas
2636 1605 2827 1690 negli-

362 1707 610 1790 gentias
642 1724 890 1770 excuses
929 1724 965 1768 a
1010 1706 1259 1788 peccato
1290 1705 1578 1772 mortali:
1614 1706 1762 1786 quia
1795 1724 2021 1787 parvae
2052 1708 2217 1782 sunt,
2253 1707 2315 1770 in
2347 1707 2444 1771 bis
2480 1708 2822 1791 praecipue,

363 1808 477 1890 qui
514 1807 922 1871 habitualiter
964 1806 1028 1870 in
1068 1806 1274 1870 animo
1321 1808 1566 1889 gerunt,
1601 1825 1665 1870 se
1710 1807 1921 1889 potius
1968 1808 2125 1871 velle
2154 1809 2313 1872 mori
2354 1827 2542 1891 quam
2578 1828 2826 1892 peccare

361 1910 740 1974 mortaliter.
772 1907 838 1973 Si
875 1908 1037 1973 enim
1082 1908 1408 1992 contingit,
1441 1909 1555 1973 hos
1602 1928 1733 1973 esse
1779 1909 2161 1993 negligentes
2207 1911 2270 1975 iu
2316 1911 2619 1976 eiusmodi
2664 1912 2828 1995 cogi-

362 2011 716 2077 tationibus
748 2011 1213 2075 delectabilibus
1268 2029 1390 2075 non
1436 2012 1532 2075 est
1567 2030 1783 2075 eorum
1815 2013 2194 2096 negligentia
2227 2031 2297 2077 ex
2336 2014 2559 2078 affectu
2607 2013 2683 2077 ad
2728 2013 2826 2077 de-

362 2117 767 2181 lectationem
799 2116 871 2179 de
918 2115 1027 2180 illo
1073 2114 1241 2178 malo
1280 2131 1479 2196 opere,
1515 2114 1680 2196 quod
1710 2115 2046 2199 cogitatur.
2069 2112 2204 2178 Nec
2243 2113 2595 2178 detinentur
2626 2133 2662 2177 a
2708 2114 2826 2178 tali

365 2218 720 2284 delectabili
766 2220 840 2281 ut
877 2218 982 2295 sic,
1017 2217 1123 2281 sed
1154 2217 1356 2301 magis
1389 2218 1467 2280 ab
1515 2217 1725 2298 aliqua
1772 2216 2055 2299 passione
2085 2216 2632 2298 concupiscentiae,
2666 2234 2824 2297 quae

362 2322 498 2385 sine
544 2321 660 2384 tali
691 2319 1041 2384 delectabili
1070 2318 1390 2384 detineret.
1425 2319 1525 2395 Et,
1559 2322 1633 2383 ut
1672 2321 1847 2402 pute,
1882 2337 2199 2400 nunquam
2237 2321 2351 2383 aut
2393 2318 2706 2382 rarissime
2737 2318 2824 2381 sic

359 2424 678 2489 habituati
710 2423 773 2486 in
820 2421 1195 2487 antedictam
1241 2422 1686 2507 negligentiam
1715 2423 2047 2487 mortalem
2078 2420 2375 2486 incidunt.
2410 2422 2494 2484 Et
2537 2421 2688 2484 haec
2734 2422 2824 2484 ita

365 2526 756 2610 accipiantur
786 2524 865 2589 ad
896 2523 1330 2603 excusandum,
1371 2527 1445 2588 ut
1476 2543 1595 2589 non
1631 2523 1885 2589 foveant
1917 2523 1993 2589 ad
2026 2524 2460 2608 negligendum
2494 2547 2555 2585 ».

1436 2737 1595 2800 Dus.
1625 2737 1739 2800 III.

1104 2875 1203 2939 De
1236 2874 1630 2939 distinctione
1654 2878 2070 2955 peccatorum.

1372 3051 1727 3113 Anrrcunus
1759 3050 1809 3112 I.

996 3208 1165 3286 Quae
1185 3206 1445 3284 peccata
1482 3202 1959 3283 distinyuantur
1987 3200 2201 3278 specie.

479 3371 658 3424 xxlll.
692 3370 939 3435 Respond.
979 3369 1197 3425 Peccata,
1234 3363 1395 3428 quoad
1436 3359 1681 3414 materiale
1719 3357 1825 3412 sive
1864 3356 2114 3411 entitatem
2151 3354 2431 3423 positivam,
2458 3353 2621 3419 specie
2658 3352 2825 3405 distin-

361 3463 583 3522 guuntur
600 3469 662 3508 ex
686 3452 893 3508 obiectis
919 3449 1206 3505 formalibus
1226 3454 1274 3501 et
1299 3443 1675 3500 circumstantiis
1695 3442 1907 3511 speciem
1934 3440 2254 3502 variantibus,
2274 3447 2513 3507 quatenus
2537 3452 2626 3492 eae
2643 3437 2823 3492 obiecti

364 3541 587 3595 formalis
607 3540 841 3594 rationem
869 3540 1065 3591 babent.
1086 3535 1258 3601 Quoad
1279 3533 1480 3585 formale
1501 3536 1676 3592 autem,
1695 3527 1918 3596 proxime
1937 3526 2300 3592 distinguuntur
2319 3529 2380 3578 ab
2399 3524 2641 3592 oppositis
2662 3524 2824 3578 formis

361 3627 474 3682 sive
513 3625 806 3680 rectitudine
836 3620 1037 3676 virtutis
1072 3634 1163 3685 qua
1205 3616 1424 3684 privant:
1451 3621 1636 3668 remote
1662 3621 1825 3667 autem
1863 3620 1913 3667 et
1949 3612 2387 3676 fundamentaliter,
2413 3626 2475 3664 ex
2512 3610 2734 3664 obiectis.
2757 3611 2822 3664 lta

371 3713 554 3768 Tarm.
580 3714 629 3765 d.
660 3712 707 3765 Ιι.
733 3709 798 3765 de
825 3710 968 3764 Pecc.
997 3709 1045 3760 d.
1082 3709 1121 3757 1.
1148 3721 1195 3770 q.
1225 3708 1272 3757 2.
1301 3701 1444 3755 Ratio
1472 3698 1655 3766 primae
1682 3699 1831 3767 partis
1857 3705 1947 3760 cst,
1973 3697 2084 3764 quia
2104 3713 2273 3751 omnes
2303 3704 2442 3750 actus
2470 3696 2631 3763 specie
2660 3694 2823 3748 (listin-

358 3805 580 3862 guantur
608 3810 670 3850 ex
697 3793 918 3856 obiecti&
946 3799 1144 3860 peccata
1184 3797 1343 3842 autem
1370 3787 1530 3852 quoad
1557 3783 1822 3848 materiale,
1852 3783 2017 3837 dicunt
2044 3782 2179 3851 ipsos
2218 3792 2369 3836 actus.
2399 3781 2542 3835 Ratio
2582 3782 2825 3833 secundae

358 3882 539 3951 partis;
564 3881 676 3948 quia
700 3879 1001 3948 privationes
1023 3874 1244 3943 proxime
1269 3872 1630 3935 distinguuntur
1649 3869 1811 3937 specie
1831 3883 1856 3921 a
1880 3868 2062 3930 formis,
2082 3868 2259 3934 quibus
2279 3866 2497 3934 privant:
2519 3867 2603 3918 sed
2626 3870 2824 3930 peccata

359 3968 635 4023 formaliter
660 3974 775 4020 sunt
801 3962 1101 4031 privationes
1127 3957 1470 4014 rectitudinum
1495 3954 1849 4023 oppositarum.
1871 3953 2015 4007 Ratio
2039 3952 2213 4007 tertiae
2241 3950 2421 4018 partis;
2441 3949 2553 4015 quia
2579 3948 2825 4002 rectitudo

364 4053 572 4107 virtutis
614 4050 926 4120 specificatur
964 4046 1188 4114 proxime
1228 4059 1290 4097 ex
1329 4041 1551 4096 obiecto:
1579 4054 1692 4105 ergo
1728 4038 1938 4106 privatio
1975 4035 2280 4092 rectitudinis
2316 4050 2377 4090 ex
2415 4036 2587 4089 eodem
2624 4040 2828 4087 remote.

452 4176 612 4250 610.
652 4175 813 4242 Cum
862 4176 1111 4259 peccata
1158 4173 1219 4235 in
1267 4166 1642 4233 confessione
1689 4163 2123 4232 sacramentali
2167 4163 2294 4228 sint
2338 4160 2690 4245 exponenda
2736 4178 2830 4224 se-

367 4284 646 4349 cundum
678 4299 857 4345 suam
890 4278 1152 4362 speciem
1184 4276 1207 4355 (
1213 4273 1266 4338 si
1303 4270 1596 4336 mortalia
1628 4269 1782 4351 sint)
1814 4270 1877 4331 et
1907 4266 2244 4331 Tridentin.
2285 4283 2431 4329 sess.
2470 4264 2572 4327 14.
2598 4281 2730 4345 cap.
2768 4263 2828 4328 5.

368 4385 738 4471 praecipiat,
776 4380 1130 4466 aperiendas
1160 4380 1220 4441 in
1260 4374 1635 4441 confessione
1666 4370 2166 4437 circumstantias
2197 4388 2346 4445 esse,
2380 4386 2539 4450 quae
2568 4366 2832 4450 speciem

368 4489 667 4564 mutant3
701 4483 954 4568 proinde
983 4483 1136 4546 haec
1166 4477 1462 4543 tractatio
1499 4474 1726 4541 summi
1755 4474 2056 4539 momenti
2092 4475 2188 4537 est
2218 4474 2280 4536 et
2312 4474 2385 4536 ut
2418 4471 2507 4535 ait
2538 4470 2830 4535 Valentia

359 4592 431 4655 in
475 4592 530 4654 1.
568 4591 628 4652 2.
663 4587 818 4670 disp.
857 4585 916 4649 6.
951 4604 1009 4667 q.
1046 4586 1105 4646 2.
1142 4581 1349 4666 punct.
1390 4581 1445 4643 1.
1482 4602 1517 4636 «
1555 4578 1739 4642 huius
1787 4577 1874 4640 rei
1922 4575 2247 4660 explicatio
2296 4574 2392 4638 vel
2438 4574 2705 4637 maxime
2753 4572 2828 4635 ad
