3529 5158
1179 381 1265 421 mn
1298 380 1507 421 uam
1543 380 1605 422 s..
1629 379 1932 421 ALPHORSI
1969 380 2100 422 mc.
2755 368 2877 424 -667

412 479 510 543 est
540 479 860 543 moraliter
891 481 1091 556 certa:
1131 497 1274 542 eum
1305 480 1505 543 maior
1540 476 1948 561 probabilitas
1980 478 2171 544 elidat
2204 480 2547 546 minorem:
2583 481 2743 545 unde
2776 481 2872 555 fit,

412 579 579 662 quod
610 600 754 645 eum
778 581 984 664 opinio
1008 599 1119 664 pro
1151 580 1443 644 libertate
1474 581 1560 645 sit
1581 581 1788 645 minus
1813 581 2169 664 probabilia,
2205 583 2415 648 evadit
2443 583 2876 666 improbabilis

412 685 695 766 respectu
742 683 819 748 ad
868 683 1217 766 opinionem
1262 682 1741 765 probabiliorem
1763 708 1825 746 ».
1875 684 2073 766 Atqui
2116 684 2520 751 manifestum
2565 689 2684 760 est,
2731 685 2877 749 huic

419 784 749 850 obiectioni
777 785 1021 848 nullum
1053 803 1367 867 superesse
1389 784 1616 860 locum,
1650 785 1896 867 quando
1928 788 2213 869 quaestio
2239 788 2517 873 agitetur
2547 787 2621 852 de
2651 787 2875 872 exigua

412 886 523 951 illa
570 907 640 952 ae
686 887 875 951 dubia
921 887 1508 970 praeponderantia:
1557 889 1724 970 quia,
1774 891 1849 952 ut
1893 888 2024 971 ipse
2070 909 2119 953 s,
2158 891 2405 956 Doctor
2450 910 2618 974 supr.
2670 910 2730 954 n.
2767 890 2872 953 51.

410 989 664 1063 fatetur,
694 989 905 1054 *etiam
951 990 1527 1072 antiprobabilistae
1574 1009 1786 1055 omnes
1833 993 2224 1070 conveniunt,
2273 993 2339 1056 in
2386 994 2501 1057 hac
2537 993 2870 1077 hypothesi

412 1094 745 1173 utramque
791 1093 1141 1175 opinionem
1196 1093 1474 1174 aequalis
1533 1093 1994 1176 probabilitatis
2049 1094 2409 1171 aestimari:
2469 1097 2657 1176 atque
2719 1093 2870 1158 adeo

415 1193 676 1259 absurde
691 1194 952 1279 fingitur
973 1192 1478 1277 probabilitatem
1493 1195 1679 1259 unius
1704 1195 1848 1259 elidi
1875 1196 2134 1260 alterius
2156 1197 2380 1262 maiori
2408 1196 2870 1281 probabilitate.

504 1294 805 1361 Revocari
858 1299 1069 1361 autem
1122 1297 1244 1374 hue
1306 1300 1567 1379 possunt
1629 1300 1693 1361 et
1745 1297 1872 1361 ista
1920 1316 1967 1361 S.
2032 1299 2321 1363 Doctoris
2355 1300 2555 1364 verba
2603 1298 2870 1362 Dissert.

413 1415 554 1461 aun.
588 1399 776 1462 1749.
806 1398 865 1481 ξ.
896 1400 989 1462 l.:
1032 1422 1067 1457 α
1099 1399 1348 1463 Instant
1378 1399 1486 1462 alii
1511 1418 1582 1462 ex
1614 1398 2049 1463 adversariis...
2083 1400 2148 1465 et
2182 1400 2415 1477 dicunt,
2449 1400 2616 1482 quod
2647 1400 2872 1465 saltem

411 1500 675 1564 tenenda
705 1502 801 1565 est
831 1496 1059 1583 opinio,
1093 1520 1253 1584 quae
1282 1502 1485 1585 magis
1532 1520 1678 1565 vera
1709 1521 1850 1564 cum
1878 1499 2100 1582 aliqua
2128 1502 2473 1584 sufficienti
2489 1501 2878 1583 praeponde-

410 1598 630 1666 rantia
673 1607 1020 1683 apparet».
1069 1604 1255 1686 Ergo,
1304 1603 1537 1667 fatente
1585 1622 1634 1666 s.
1674 1603 2014 1686 AlphonSO,
2058 1606 2342 1685 quaestio
2392 1605 2754 1687 agitabatur
2798 1603 2872 1668 de

410 1705 756 1785 sufficienti
785 1704 1057 1786 quadam
1070 1703 1626 1786 praeponderantia
1648 1706 1834 1769 unius
1856 1706 2163 1788 opinionis
2187 1725 2333 1788 prae
2351 1708 2656 1789 opposita.
2676 1706 2869 1771 Porro

412 1825 733 1890 perperam
762 1806 1087 1888 sufficiens
1107 1806 1336 1870 dicitur
1358 1806 1932 1889 praeponderantia,
1959 1826 2118 1889 quae
2148 1825 2260 1890 pro
2289 1808 2484 1872 nihilo
2509 1810 2875 1890 reputatur:

408 1928 608 1991 neque
640 1928 763 1974 una
795 1910 1002 1992 opinio
1040 1911 1325 1973 censetur
1354 1910 1558 1989 mayis
1604 1928 1751 1972 vera
1781 1928 1928 1992 prae
1959 1910 2291 1987 contraria,
2324 1910 2571 1992 quando
2607 1912 2875 1993 utraque

416 2011 695 2093 aequalis
742 2010 1207 2095 probabilitatis
1248 2011 1636 2075 aestimatur.

506 2115 610 2178 53.
645 2112 762 2177 Sed
809 2113 1010 2178 adhuc
1054 2114 1256 2179 multo
1303 2114 1531 2177 clarius
1569 2113 1884 2195 praedicta
1915 2114 2276 2198 hypothesis
2308 2113 2659 2180 excluditur
2688 2135 2760 2180 ex
2790 2134 2882 2181 re-

411 2235 657 2299 sponse,
691 2216 856 2298 quod
879 2236 927 2280 s.
957 2218 1190 2282 Doctor
1215 2217 1473 2280 Dissert.
1508 2217 1696 2279 1755.
1731 2236 1791 2279 n.
1824 2218 1924 2279 13.
1953 2216 2154 2281 reddit
2176 2217 2695 2300 probabilioristis
2722 2218 2871 2283 obii—

404 2318 730 2395 cientibus.
780 2318 947 2401 quod
992 2338 1133 2381 cum
1177 2320 1385 2398 opinio
1408 2337 1528 2396 pro
1563 2317 1850 2381 libertate
1880 2319 1968 2381 eit
2008 2319 2220 2383 minus
2254 2318 2628 2398 probabilis,
2668 2320 2877 2382 evadit

406 2418 838 2498 improbabilis
884 2423 1166 2500 respectu
1209 2418 1300 2482 ad
1339 2415 1692 2499 opinionem
1726 2420 2219 2499 probabiliorem
2250 2441 2377 2500 pro
2408 2420 2559 2503 leye.
2595 2422 2871 2506 Reponit

409 2522 578 2587 enim
622 2540 671 2586 s.
730 2522 988 2588 Doctor:
1046 2542 1081 2582 «
1111 2523 1200 2588 At
1243 2526 1407 2587 recte
1452 2522 1823 2606 respondent
1870 2526 2154 2589 auctores
2201 2524 2419 2600 nostri,
2468 2523 2702 2591 falsum
2741 2543 2874 2590 esse

408 2625 710 2690 maiorem
739 2625 1247 2709 probabilitatem
1269 2625 1491 2690 elidere
1523 2626 1843 2702 minorem,
1883 2626 2071 2690 nisi...
2108 2626 2317 2710 opinio
2356 2627 2736 2709 probabilior
2769 2628 2875 2692 ha·

405 2729 554 2792 beat
583 2747 695 2810 pro
728 2746 791 2791 se
815 2730 949 2792 tam
969 2728 1336 2791 convincens
1357 2732 1814 2810 arqumentum,
1849 2731 1922 2793 ut
1944 2729 2256 2794 contraria
2279 2749 2421 2794 vere
2442 2730 2876 2813 improbabilis
2939 2749 2950 2754 -

409 2830 510 2894 vel
548 2849 671 2894 non
702 2831 972 2913 amplius
1004 2832 1283 2915 graviter
1311 2835 1375 2896 et
1405 2834 1570 2896 certo
1604 2831 1942 2915 probabilis
1975 2831 2262 2898 videatur
2292 2859 2355 2897 ».

507 2933 611 2996 54.
641 2933 731 2997 At
758 2951 904 2997 vero
928 2935 1146 3016 sponte
1192 2933 1363 2997 subit
1398 2933 1533 2998 heic
1569 2935 1884 3015 quaestio:
1934 2934 2212 3016 nunquid
2249 2936 2589 3019 excogitari
2622 2936 2873 3001 omnino

408 3056 533 3102 non
563 3036 772 3119 potest
818 3035 1025 3117 opinio
1072 3055 1183 3100 seu
1228 3037 1555 3108 sententia,
1603 3055 1761 3117 quae
1794 3057 1935 3101 vere
1973 3037 2058 3101 sit
2095 3037 2475 3117 probabilior
2502 3057 2614 3101 nec
2660 3039 2870 3101 tamen

410 3157 524 3222 pro
557 3158 622 3202 se
652 3139 879 3203 habeat
908 3138 1066 3203 illud
1097 3140 1233 3204 tam
1268 3139 1631 3203 convincens
1668 3140 2111 3221 argumentum
2141 3157 2251 3203 seu
2281 3138 2386 3219 (ut
2414 3157 2462 3202 s.
2504 3139 2740 3203 Doctor
2788 3140 2881 3203 ait

410 3261 554 3307 cum
592 3241 853 3306 Eusebio
901 3241 1152 3324 Amort)
1199 3260 1321 3305 non
1369 3242 1452 3305 sit
1499 3240 1812 3305 evidenter
1842 3244 1905 3303 et
1935 3240 2298 3304 notabiliter
2333 3240 2713 3323 probabilior
2758 3259 2867 3305 seu

407 3344 514 3428 (ut
549 3363 598 3408 s.
634 3345 865 3408 Doctor
887 3343 1262 3425 loquitur'in
1297 3341 1686 3407 Praefatioue
1710 3341 2096 3424 supradicta)
2128 3343 2230 3407 cui
2258 3361 2383 3406 non
2408 3342 2668 3406 assistat
2699 3343 2880 3406 infal-

405 3446 598 3511 libilis
644 3446 999 3510 auctoritas
1036 3447 1148 3509 aut
1195 3447 1330 3509 tam
1375 3444 1621 3508 evidens
1667 3444 1852 3518 ratic,
1902 3462 2061 3525 quae
2092 3443 2166 3508 de
2203 3443 2469 3508 veritate
2505 3444 2865 3509 convincere

408 3549 626 3634 possit,
662 3547 812 3612 adeo
844 3549 920 3612 ut
951 3547 1237 3629 opposita
1267 3545 1494 3610 evadat
1521 3546 1952 3628 improbabilis
1985 3549 2096 3611 aut
2133 3565 2258 3612 non
2297 3547 2566 3630 amplius
2598 3547 2878 3633 graviter

409 3656 476 3718 et
503 3653 672 3718 certo
710 3652 1088 3734 probabilis?
1126 3651 1400 3715 Rursus:
1450 3670 1602 3714 num
1631 3651 1972 3734 excogitari
2018 3651 2195 3715 nulla
2232 3650 2357 3715 alia
2388 3652 2624 3734 poterit
2661 3652 2883 3734 proba-

407 3756 595 3823 bilior
618 3754 978 3838 propositio,
1005 3774 1195 3837 quam
1219 3773 1379 3837 quae
1408 3754 1763 3835 ceteroquin
1790 3753 2044 3819 dubiam
2075 3756 2325 3818 tantum
2350 3758 2462 3818 aut
2491 3756 2586 3818 ita
2617 3755 2864 3818 tenuem

409 3857 994 3943 preponderantiam
1038 3876 1183 3940 prae
1230 3856 1519 3938 opposita
1562 3856 1806 3932 babeat,
1856 3858 1930 3921 ut
1976 3857 2126 3920 haec
2160 3855 2716 3937 praeponderantia
2762 3875 2873 3937 pro

410 3962 605 4026 nihilo
638 3960 984 4043 reputanda
1018 3960 1148 4024 sit‘?
1184 3959 1357 4023 Nihil
1388 3978 1465 4022 ne
1501 3962 1599 4023 est
1625 3958 1902 4022 medium
1929 3958 2095 4022 inter
2117 3958 2268 4022 haec
2290 3956 2443 4022 duo:
2468 3977 2688 4040 nempe
2714 3959 2875 4023 inter

412 4063 806 4136 sententiam,
840 4080 998 4143 quae
1047 4064 1137 4126 ita
1183 4062 1269 4125 sit
1312 4060 1674 4125 notabiliter
1703 4060 2082 4142 probabilior
2119 4061 2193 4123 ut
2229 4059 2475 4138 habeat,
2510 4077 2656 4142 prae
2690 4077 2875 4143 oppo-

412 4165 555 4240 sita,
578 4165 947 4230 convincens
970 4182 1080 4247 pro
1110 4183 1177 4228 se
1210 4166 1669 4247 argumentum,
1696 4164 1761 4227 et
1791 4181 1934 4227 eam-
1960 4160 2350 4238 sententiam,
2377 4178 2537 4242 quae
2562 4161 2647 4226 sit
2679 4177 2873 4243 aeque

416 4271 539 4334 aut
560 4269 742 4349 quasi
792 4287 984 4349 aeque
1030 4265 1366 4350 probabilis
1400 4285 1471 4330 ac
1503 4265 1627 4328 alia
1647 4269 1676 4328 Ῥ

506 4370 791 4438 Profecto
823 4369 1181 4436 huiusmodi
1218 4368 1600 4453 paradoxum
1634 4371 1944 4451 repugnat
1980 4385 2102 4432 non
2137 4366 2346 4431 solum
2390 4366 2715 4430 communi
2764 4384 2892 4431 om-

410 4475 590 4540 nium
620 4473 852 4547 sensui,
879 4473 984 4537 sed
1015 4473 1208 4537 etiam
1238 4472 1553 4538 doctrinae
1587 4491 1633 4535 s.
1676 4470 2000 4553 Alphonsi,
2028 4469 2137 4552 qui
2167 4488 2309 4533 cum
2342 4468 2650 4533 universis
2681 4469 2891 4535 docto-

409 4578 585 4642 ribus
598 4596 923 4658 nunquam
940 4594 1062 4641 non
1080 4577 1340 4661 agnovit
1361 4578 1423 4639 et
1442 4575 1771 4659 diligenter
1785 4573 2071 4638 distinxit
2095 4572 2371 4637 diversos
2393 4573 2459 4636 in
2480 4572 2876 4654 opinionibus
