3529 5158
308 313 451 394 [298]
739 328 824 366 mr
859 325 1319 368 noema-noun
1356 325 1535 367 mma
1569 325 1917 367 com-mma
1953 327 2322 371 ninuuurun
2661 317 2773 372 315

395 423 574 499 292.
622 426 872 490 Tertius
916 443 1096 488 casus
1142 442 1273 488 esse
1317 425 1543 506 potest,
1577 423 1825 504 quando
1872 425 2072 488 maior
2102 445 2243 507 pars
2275 426 2489 509 populi
2523 427 2648 511 legi
2700 446 2767 491 se

316 550 428 597 non
475 529 853 605 submiserit,
899 529 1128 611 inique,
1178 530 1250 592 ut
1296 527 1718 610 supponimuS,
1770 528 2035 613 agendo;
2063 548 2208 593 nam
2238 530 2301 593 in
2347 531 2426 594 iis
2460 531 2768 596 adiunctis

313 634 498 699 etiam
543 635 880 714 antequam
926 630 1206 712 elapsum
1251 629 1439 693 fuerit
1469 631 1715 713 tempus
1755 630 1835 693 ad
1865 631 2330 696 desuetudinem
2361 633 2767 698 inducendam

313 736 585 822 legitime
629 733 1019 815 requisitum,
1054 733 1260 810 ceteri,
1295 751 1365 796 ex
1398 733 1533 795 DD.
1567 734 1883 797 communi
1927 736 2254 809 sententia,
2287 740 2657 801 excusantur
2690 737 2769 801 ab

313 836 687 922 obligatione
730 835 907 919 legia,
956 833 1292 899 dummodo
1336 835 1542 916 parati
1573 834 1699 900 sint
1730 854 1870 900 eam
1902 838 2244 913 observare,
2279 840 2528 920 quando
2560 840 2760 903 maior

313 943 370 1006 et
413 938 744 1023 praecipua
789 956 932 1020 pars
964 956 1102 1001 eam
1134 938 1447 1021 receperit.
1481 937 1617 1002 Hoc
1653 938 1954 1023 intellige,
1989 939 2238 1004 etiamsi
2267 958 2390 1004 non
2424 943 2667 1005 constet
2690 932 2766 1005 de

313 1042 699 1109 conniventia
745 1040 1070 1123 principis;
1120 1040 1174 1103 si
1220 1040 1382 1104 enim
1428 1039 1501 1103 de
1547 1040 1663 1104 hac
1708 1043 1969 1118 constet,
2005 1042 2154 1105 tunc
2184 1042 2391 1106 locum
2424 1061 2544 1106 non
2579 1043 2769 1107 habet

312 1148 388 1224 id,
438 1146 604 1229 quod
649 1144 784 1209 heic
814 1145 951 1207 DD.
1001 1145 1339 1220 accersunt,
1367 1143 1497 1206 scil.
1530 1162 1812 1208 recursus
1846 1143 1921 1207 ad
1955 1145 2296 1227 epikeiam3
2332 1145 2569 1228 epikeia
2603 1145 2768 1208 enim

313 1269 427 1315 non
474 1248 590 1322 est,
625 1246 733 1310 ubi
776 1245 1100 1309 intercedit
1146 1245 1554 1309 conniventia.
1592 1245 1923 1310 Rationem
1969 1246 2056 1310 sic
2104 1248 2335 1329 optime
2382 1248 2583 1312 reddit
2613 1247 2772 1331 Lay-

311 1371 493 1417 mann
539 1348 614 1412 dc
645 1347 798 1431 ch.
831 1367 964 1431 cap.
998 1349 1060 1411 3.
1095 1367 1153 1410 n.
1190 1349 1288 1410 3.:
1344 1372 1378 1404 «
1409 1347 1696 1412 Arbitror
1741 1351 1971 1424 tamen,
2023 1349 2074 1414 si
2123 1351 2195 1412 tu
2239 1350 2441 1434 legem
2489 1350 2762 1432 promul-

310 1459 525 1541 gatam
555 1452 820 1534 recipere
866 1451 1123 1532 paratus
1169 1450 1253 1513 sis
1299 1451 1362 1514 et
1409 1448 1556 1513 data
1590 1450 1906 1515 occasione
1939 1452 2130 1514 etiam
2166 1451 2469 1524 observes,
2505 1453 2610 1516 sed
2659 1452 2767 1515 alii

309 1557 582 1640 plerique
627 1574 660 1619 e
704 1553 1152 1618 communitate
1199 1571 1319 1616 non
1366 1552 1666 1634 recipiant
1711 1573 1907 1635 neque
1954 1556 2258 1637 recepturi
2306 1556 2758 1632 existimentur,

307 1680 410 1744 per
457 1657 766 1741 epikeiam
811 1659 1171 1719 eoectwatum
1220 1658 1274 1719 te
1319 1653 1451 1732 sore
1485 1675 1520 1718 a
1550 1656 1707 1739 legis
1755 1656 2136 1740 obligatione
2166 1658 2358 1722 etiam
2398 1661 2540 1721 ante
2573 1658 2772 1740 exple-

307 1765 439 1827 tum
498 1762 744 1842 tempus
791 1757 1324 1841 praescriptionis3
1375 1756 1541 1838 quod
1588 1757 1748 1822 ratio
1796 1759 1859 1820 et
1906 1759 2187 1839 aequitas
2241 1759 2596 1841 permittere
2643 1779 2763 1825 non

308 1863 657 1938 videantur,
691 1863 764 1925 ut
795 1863 870 1925 tu
900 1861 1069 1924 solus
1103 1860 1196 1923 vel
1229 1878 1372 1923 cum
1404 1859 1543 1922 aliis
1591 1859 1803 1942 paucis
1833 1859 2034 1943 legem
2072 1862 2483 1925 communiter
2528 1881 2647 1926 non
2680 1882 2772 1927 re·

305 1968 553 2049 ceptam
598 1963 786 2049 longo
835 1965 1111 2046 tempore
1158 1964 1482 2027 observare
1529 1962 1748 2026 debeas
1782 1988 1843 2026 ».

391 2069 563 2153 Ergo
595 2067 660 2130 in
691 2067 807 2131 hoc
837 2084 1082 2147 quoque
1113 2084 1262 2129 casu
1287 2065 1469 2141 rati0,
1505 2085 1613 2128 cur
1636 2065 1731 2128 lex
1754 2083 1877 2129 non
1913 2066 2165 2149 obliget,
2195 2067 2441 2131 aliunde
2474 2070 2771 2133 evocatur

307 2190 424 2237 non
470 2173 692 2236 autem
737 2188 808 2234 ex
854 2168 1094 2234 defectu
1141 2169 1234 2232 vis
1289 2167 1698 2252 obligatoriae
1744 2168 1808 2231 in
1854 2169 1990 2253 lege
2034 2169 2188 2251 ipsa.
2240 2170 2310 2233 Id
2357 2189 2428 2234 ex
2459 2190 2529 2236 eo
2577 2173 2768 2236 etiam

303 2274 651 2347 manifeste,
700 2273 977 2354 apparet,
1024 2271 1190 2353 quod
1236 2272 1568 2353 loquamur
1613 2271 1687 2335 de
1733 2273 2168 2335 eoeceasate'onc:
2226 2274 2403 2354 atqui
2450 2277 2765 2340 excusatio

304 2376 604 2460 supponit
650 2374 1096 2458 obligationem
1139 2373 1457 2437 inductam
1505 2375 1567 2437 et
1598 2374 2011 2438 exsistentem.
2049 2375 2117 2437 Id
2149 2375 2354 2457 ipsum
2387 2380 2562 2458 patet
2593 2397 2663 2441 ex
2695 2396 2768 2442 eo

304 2478 464 2561 quod
511 2476 858 2541 recurritur
889 2475 967 2539 ad
998 2475 1338 2554 epikeelam:
1371 2495 1514 2539 nam
1553 2479 1616 2540 et
1647 2477 1771 2540 ista
1804 2478 2096 2560 supponit
2143 2478 2344 2562 legem
2376 2498 2482 2561 per
2514 2499 2583 2544 se
2622 2480 2774 2543 obli-

300 2601 464 2666 gare,
499 2579 614 2646 sed
661 2599 768 2662 per
814 2577 1092 2643 accidens
1126 2579 1412 2643 obvenire
1444 2578 1698 2661 aliquid,
1735 2583 1986 2663 propter
2015 2579 2194 2665 quod,
2214 2582 2502 2663 putemus
2550 2584 2768 2648 volun-

304 2683 917 2768 tatemlegislatoris
948 2702 1070 2747 non
1102 2682 1341 2766 exigere
1373 2700 1521 2745 suae
1551 2682 1708 2766 legis
1741 2683 2220 2748 observantiam.
2248 2684 2525 2766 Denique
2558 2688 2765 2767 patet3

302 2788 447 2869 quia
493 2787 562 2850 in
614 2784 754 2849 aliis
800 2785 1123 2867 requirunt
1167 2785 1448 2847 animum
1482 2789 1788 2864 paratam
1819 2786 1896 2850 ad
1945 2788 2383 2853 obediendum:
2418 2789 2480 2853 id
2512 2809 2634 2853 non
2682 2808 2774 2853 re-

301 2890 679 2971 quireretur,
728 2887 783 2951 si
828 2887 1029 2970 reipsa
1077 2887 1170 2951 vis
1216 2888 1342 2971 legi
1387 2887 1560 2951 nulla
1609 2890 1788 2952 esset.

388 2991 917 3056 Salmanticenses
946 2991 988 3053 l.
1015 3010 1064 3054 c.
1098 3010 1158 3053 n.
1200 2991 1343 3053 107.
1379 2992 1542 3054 hunc
1587 3011 1803 3055 casum
1851 2994 2098 3058 omnino
2133 2995 2338 3058 minus
2379 2998 2523 3077 apte
2554 3016 2774 3078 propo-

299 3098 477 3160 nunt.
527 3120 564 3153 «
600 3094 690 3158 Eo
739 3095 1032 3176 tempore,
1081 3093 1390 3175 inquiunt,
1430 3112 1552 3174 quo
1600 3094 1820 3155 sam'or
1850 3097 1911 3155 et
1946 3095 2147 3157 vuee'or
2177 3114 2320 3176 pars
2354 3096 2567 3177 populi
2598 3116 2775 3178 repu-

298 3199 454 3281 gnat
483 3196 652 3281 legis
680 3195 1033 3279 receptioni,
1068 3196 1316 3258 etiamsi
1347 3195 1558 3274 inique
1607 3194 1677 3256 id
1716 3193 1917 3272 faciat
1944 3197 2007 3257 et
2038 3197 2283 3277 tempus
2317 3196 2394 3259 ad
2424 3195 2776 3260 desuetudi-

301 3319 443 3363 nem
474 3318 604 3365 nou
636 3298 1042 3381 praeterierit,
1062 3297 1246 3361 ceteri
1277 3299 1661 3359 coecusantur
1684 3296 2213 3367 abobservatione
2236 3298 2412 3381 legia,
2439 3298 2773 3362 dummodo

288 3403 519 3482 parati
545 3403 689 3466 sint
712 3400 1055 3477 observare,
1090 3399 1337 3480 quando
1368 3399 1569 3463 maior
1614 3400 1677 3462 et
1719 3400 2051 3481 praecipua
2099 3419 2241 3483 pars
2288 3420 2427 3465 eam
2458 3401 2773 3483 receperit.

298 3504 462 3584 Quia
509 3524 640 3570 non
673 3506 767 3568 est
799 3503 1088 3568 voluntas
1121 3501 1445 3565 rationalis
1477 3502 1781 3584 Principis
1814 3503 1968 3566 velle
2003 3523 2037 3566 a
2069 3503 2412 3569 minoribus
2438 3506 2769 3583 observari,

296 3608 464 3690 quod
515 3627 554 3671 a
603 3606 946 3671 maioribus
979 3606 1371 3687 acceptatum
1417 3623 1538 3668 non
1586 3606 1681 3668 est
1720 3629 1781 3666 ».
1824 3605 2055 3670 Verum
2102 3608 2412 3689 quomodo
2460 3609 2768 3685 cohaeret,

297 3710 465 3790 quod
513 3710 829 3793 repugnet
871 3708 1092 3770 sanior
1135 3725 1279 3789 pars
1327 3725 1397 3770 ac
1441 3707 1642 3770 maior
1686 3708 1919 3790 populi,
1955 3711 2018 3773 et
2064 3712 2272 3774 tamen
2320 3711 2532 3789 iniqeae
2579 3713 2780 3794 agat?

292 3812 536 3878 scilicet
585 3811 1100 3876 transscribentes
1147 3829 1269 3875 non
1318 3810 1736 3887 adverterunt,
1772 3831 1985 3875 casum
2032 3812 2105 3875 de
2152 3814 2398 3875 saniore?
2444 3816 2618 3895 parte
2651 3833 2769 3878 non

293 3915 683 3981 admittente
735 3914 938 3999 legem
1004 3931 1127 3977 non
1182 3914 1303 3977 huc
1349 3914 1650 3996 pertinere
1713 3917 1776 3978 et
1831 3914 1987 3978 alios
2039 3915 2353 3977 sam'orem
2415 3918 2653 3995 partem
2711 3915 2775 3977 in

293 4018 584 4083 medium
635 4015 882 4080 trahere
927 4018 1077 4080 tunc
1122 4015 1346 4087 solum,
1395 4035 1536 4079 cum
1599 4018 1813 4100 agitur
1872 4016 1946 4079 de
2006 4017 2141 4098 lege
2188 4017 2373 4080 nimis
2421 4016 2658 4079 difficili
2706 4035 2781 4080 ac

295 4121 486 4184 dubie
520 4120 722 4184 iusta.

382 4221 574 4295 293.
621 4219 900 4300 Quartus
946 4223 1042 4284 est
1085 4239 1287 4293 casus,
1337 4240 1531 4301 quum
1576 4221 1673 4285 lex
1734 4220 2021 4284 videatur
2080 4220 2291 4305 gravis
2355 4219 2538 4285 nimis
2586 4224 2649 4285 et
2698 4222 2777 4286 ad

292 4323 773 4391 observandum
817 4322 1085 4386 difficilis
1131 4322 1248 4397 vel,
1285 4325 1357 4386 ut
1405 4322 1513 4386 alii
1558 4324 1807 4399 habent,
1843 4323 2088 4405 quando
2123 4326 2518 4406 praeceptum
2550 4324 2777 4389 durum

290 4434 387 4493 eet
435 4429 627 4504 ade0,
669 4427 742 4490 ut
787 4425 1117 4507 prudenter
1163 4425 1421 4489 iudicari
1469 4426 1684 4507 possit,
1720 4425 2057 4507 principem
2100 4446 2223 4491 non
2272 4427 2553 4491 laturum
2592 4426 2782 4491 fuisse

291 4530 619 4597 eiusmodi
669 4528 893 4611 legem,
927 4528 979 4591 si
1025 4546 1129 4592 eas
1159 4528 1661 4591 circumstantias
1706 4527 1999 4592 novisset.
2034 4530 2103 4592 In
2135 4531 2249 4594 hoc
2296 4548 2443 4593 casu
2492 4530 2786 4593 statuunt
