3529 5158
722 362 794 417 86
1226 377 1438 419 mor.
1475 376 1516 417 1.
1553 376 1638 416 nn
1673 374 1931 417 ac'rrnus
1967 374 2260 416 nunnus.
2299 373 2497 415 carm·
2535 373 2666 415 vm.
3067 354 3183 432 [88]

811 474 892 537 Et
926 473 1064 538 ideo
1100 474 1166 536 1⁰
1201 472 1402 555 prima
1437 472 1683 539 bonitas
1714 472 1893 535 actus
1921 470 2175 536 moralis
2207 469 2552 534 attenditur
2581 488 2653 534 ex
2692 468 2931 535 obiecto
2963 487 3180 534 conve-

720 576 948 640 nienti:
982 575 1141 639 unde
1172 594 1209 638 a
1240 573 1610 656 quibusdam
1642 575 1901 638 vocatur
1936 572 2168 637 bonum
2198 592 2270 637 ex
2305 590 2545 656 genere,
2579 573 2734 654 puta
2763 570 2864 635 uti-
2893 591 2957 635 re
2994 590 3174 635 sua...

720 678 822 741 Ita
852 678 1120 760 primum
1155 677 1393 741 malum
1438 677 1504 741 in
1536 675 1884 742 actionibus
1919 674 2261 741 moralibus
2296 677 2411 750 est,
2444 674 2609 756 quod
2654 676 2750 738 est
2795 693 2867 738 ex
2915 674 3175 753 obiecto,

719 779 882 843 sicut
928 779 1196 862 accipere
1234 779 1437 843 aliena
1481 780 1544 842 et
1588 777 1818 842 dicitur
1861 777 2099 841 malum
2145 795 2217 840 ex
2260 795 2501 860 genere,
2549 794 2769 860 genere
2822 794 2932 857 pro
2979 776 3178 860 specie

719 882 988 961 sumpte,
1014 898 1086 944 eo
1116 878 1301 945 modo
1333 879 1641 961 loquendi,
1674 897 1798 960 quo
1829 878 2090 943 dicimus
2121 879 2464 943 humanum
2500 896 2697 962 genus
2729 878 2931 942 totam
2961 877 3181 942 huma-

717 1001 862 1045 nam
893 982 1155 1065 speciem
1187 1006 1247 1045 ».

805 1083 983 1163 Quod
1029 1083 1495 1148 circumstantia
1540 1082 1679 1147 finis
1725 1083 1810 1146 sit
1840 1082 2185 1165 potissima,
2226 1082 2314 1147 sic
2343 1083 2567 1164 probat
2610 1100 2661 1145 s.
2695 1081 2968 1147 Thomas
2998 1082 3040 1146 l.
3080 1101 3174 1146 c.:

724 1211 760 1246 ‹
774 1187 972 1251 Actus
1002 1186 1244 1269 proprie
1267 1185 1558 1250 dicuntur
1577 1184 1900 1249 humani...
1926 1187 2114 1267 prout
2137 1187 2285 1249 sunt
2306 1184 2675 1249 voluntarii:
2700 1184 3047 1249 voluntatis
3072 1203 3180 1248 au-

717 1290 845 1353 tem
876 1288 1185 1352 motivum
1219 1291 1282 1351 et
1306 1287 1615 1352 obiectum
1646 1288 1741 1351 est
1761 1286 1922 1351 finis.
1947 1286 2030 1350 Et
2058 1286 2195 1351 ideo
2229 1284 2746 1368 principalissima
2770 1287 2866 1350 est
2898 1286 3178 1351 omnium

716 1389 1325 1455 circumstantiarum
1355 1388 1486 1463 illa,
1519 1406 1678 1470 quae
1715 1388 1978 1472 attingit
2007 1389 2217 1452 actum
2247 1406 2321 1452 ex
2356 1388 2531 1470 parte
2560 1385 2703 1453 finis
2733 1386 2969 1452 scilicet
2999 1387 3178 1451 cuius

716 1494 968 1575 qratia:
1000 1493 1359 1558 secundaria
1390 1511 1554 1569 vero,
1593 1511 1753 1574 quae
1799 1492 2061 1577 attingit
2103 1493 2305 1576 ipsam
2335 1492 2756 1558 substantiam
2794 1493 2971 1557 actus
3015 1491 3180 1559 idest

716 1596 873 1677 quid
896 1594 1059 1674 fecit.
1092 1596 1271 1661 Aliae
1301 1613 1444 1660 vero
1475 1595 1976 1660 circumstantiae
2007 1596 2155 1659 sunt
2183 1594 2387 1678 magis
2417 1594 2518 1659 vel
2545 1594 2756 1660 minus
2786 1593 3174 1676 principales,

716 1698 1050 1763 secundum
1080 1696 1247 1780 quod
1276 1697 1480 1782 magis
1510 1697 1609 1763 vel
1638 1696 1844 1763 minus
1882 1695 1961 1760 ad
1991 1697 2104 1762 has
2137 1696 2636 1779 appropinquant
2677 1720 2741 1760 ».

806 1796 930 1870 88.
962 1800 1340 1882 Exponimus
1374 1800 1443 1862 20
1471 1799 1608 1863 loco
1639 1797 1790 1880 quid
1820 1797 2321 1863 circumstantiae
2351 1797 2644 1862 efficiant.
2678 1795 2839 1862 Sane
2869 1816 3031 1862 nova
3072 1797 3179 1863 ad·

716 1903 886 1966 ditur
916 1903 1144 1984 species
1176 1921 1282 1983 per
1317 1901 1869 1977 circumstantiam,
1903 1899 2149 1982 quando
2195 1900 2357 1963 ratio
2395 1898 2696 1964 bonitatis
2728 1899 2827 1964 vel
2871 1899 3172 1977 malitiae,

715 2022 873 2084 quae
921 2002 1154 2066 accedit
1184 2022 1255 2066 ex
1292 2003 1779 2079 circumstantia,
1814 2004 1910 2071 est
1953 2002 2179 2067 diversi
2212 2000 2441 2067 ordinis
2472 2020 2582 2067 seu
2627 2001 2905 2069 diversae
2951 2002 3176 2085 speciei

716 2123 787 2167 ac
819 2104 902 2167 sit
930 2103 1176 2168 malitia
1208 2104 1306 2168 vel
1336 2104 1580 2169 bonitas
1613 2104 1855 2171 obiecti.
1883 2105 1986 2169 Ita
2016 2123 2064 2169 s.
2099 2103 2372 2168 Thomas
2403 2104 2444 2167 1.
2473 2103 2675 2186 priore
2706 2121 2796 2168 c.:
2830 2127 2868 2161 «ι
2890 2102 3176 2184 Quando-

714 2225 977 2287 cumque
1023 2206 1234 2287 aliqua
1279 2206 1747 2274 circumstantia
1793 2206 2041 2288 respicit
2088 2205 2414 2288 specialem
2463 2204 2737 2272 ordinem
2781 2206 3046 2271 rationis
3075 2206 3177 2271 vel

715 2326 824 2389 pro
871 2307 970 2372 vel
1014 2310 1249 2384 contra,
1285 2310 1531 2391 oportet
1574 2308 1741 2391 quod
1771 2308 2237 2374 circumstantia
2284 2307 2388 2373 det
2434 2307 2697 2391 speciem
2733 2307 2906 2373 actui
2949 2308 3176 2374 morali

715 2411 812 2475 vel
844 2410 1004 2475 bono
1036 2411 1134 2475 vel
1170 2412 1336 2475 malo
1370 2436 1430 2475 ».
1456 2409 1576 2475 Sed
1611 2412 1675 2474 in
1708 2411 1825 2475 hoc
1855 2429 2022 2487 casu,
2062 2412 2136 2474 ut
2164 2410 2371 2491 inquit
2399 2408 2460 2474 S.
2495 2410 2766 2476 Thomas
2802 2411 2861 2475 1.
2889 2411 2951 2474 2.
2977 2429 3037 2493 q.
3064 2410 3172 2475 88.

714 2532 770 2576 a.
807 2513 866 2576 5.
909 2536 944 2570 ⁴<
975 2512 1442 2577 circumstantia
1472 2512 1772 2595 accipitur
1802 2515 1876 2577 ut
1912 2510 2270 2590 differentia
2299 2511 2586 2592 specifica
2616 2514 2794 2579 actus
2823 2513 3079 2582 moralis
3110 2516 3178 2578 et

709 2618 847 2679 tum
905 2615 1144 2678 amittit
1190 2616 1498 2678 rationem
1548 2615 2054 2678 circumstantiae
2106 2618 2168 2678 et
2222 2613 2546 2677 constituit
2593 2614 2856 2693 ‚speciem
2911 2614 3174 2679 moralis

712 2719 891 2779 actus
920 2741 981 2780 ».
1014 2715 1134 2795 Qui
1172 2718 1381 2782 tamen
1417 2716 1638 2781 modus
1667 2717 1961 2808 loquendi
1995 2717 2200 2781 minus
2231 2736 2396 2781 nunc
2425 2716 2700 2781 usitatus
2748 2720 2863 2794 est,
2896 2736 3041 2782 cum
3085 2737 3176 2783 re-

710 2816 908 2881 tineat
943 2818 1353 2882 communiter
1399 2836 1622 2883 nomen
1667 2819 2171 2883 circumstantiae
2207 2818 2513 2881 mutantis
2554 2819 2856 2898 speciem:
2894 2818 3036 2884 hinc
3082 2822 3176 2884 ta-

710 2938 851 2983 men
881 2918 1064 2994 ratio,
1098 2938 1207 2982 cur
1234 2919 1562 3002 multiplex
1592 2922 1913 2983 censeatur
1943 2922 2263 3003 peccatum
2311 2922 2374 2984 et
2419 2919 2747 3002 multiplex
2778 2921 3016 3003 peccati
3042 2940 3177 3004 spe-

711 3021 851 3086 cies.
902 3021 1003 3085 Ita
1048 3021 1287 3085 furtum
1323 3022 1410 3086 rei
1457 3040 1692 3097 sacrae3
1741 3041 1887 3086 nam
1933 3026 2249 3105 permanet
2295 3023 2359 3086 in
2406 3041 2477 3087 eo
2527 3024 2672 3086 actu
2703 3023 2952 3087 malitia
2996 3023 3170 3101 furti,

711 3122 876 3205 quod
908 3126 1003 3187 est
1032 3126 1249 3189 contra
1278 3123 1608 3200 iustitiam,
1659 3123 1893 3187 accedit
1923 3141 2066 3188 vero
2104 3124 2350 3189 malitia
2389 3124 2645 3188 alterius
2679 3124 2909 3189 ordinis
2939 3124 3178 3190 scilicet

710 3229 925 3293 contra
957 3226 1343 3311 religionem.

800 3327 1284 3393 circumstantia
1329 3328 1622 3395 transfert
1670 3331 1878 3394 actum
1910 3328 1975 3393 in
2008 3329 2198 3394 aliam
2243 3323 2505 3411 speciem
2552 3328 2990 3413 theologicam,
3030 3349 3172 3395 cum

709 3429 948 3493 ratione
980 3430 1481 3494 circumstantiae
1514 3431 1612 3494 vel
1648 3431 1782 3495 leve
1819 3431 1893 3495 fit
1923 3429 2087 3512 quod
2126 3433 2221 3494 est
2251 3449 2439 3513 grave
2472 3449 2543 3494 ex
2576 3430 2837 3508 obiecto,
2872 3431 2972 3496 vel
3018 3432 3176 3498 vice-

710 3549 903 3594 versa.
946 3528 1218 3612 Speciem
1254 3532 1511 3613 inquam
1542 3532 1992 3617 theologicam:
2027 3533 2175 3614 quia
2211 3533 2441 3614 species
2488 3532 2738 3614 quidem
2781 3534 3048 3598 morales
3087 3534 3175 3599 di-

709 3631 1134 3696 versificantur
1158 3652 1266 3715 pro
1299 3635 1471 3697 vario
1507 3635 1766 3710 obiect0‚
1794 3636 2021 3718 species
2053 3652 2196 3698 vero
2221 3633 2627 3719 theologicae,
2655 3653 2814 3716 quae
2839 3637 2987 3700 sunt
3010 3637 3174 3701 inter

710 3753 899 3818 grave
930 3737 1251 3816 peccatum
1289 3738 1352 3799 et
1382 3735 1535 3813 leve,
1560 3736 1624 3800 in
1662 3737 1876 3802 eadem
1913 3737 2108 3819 specie
2140 3736 2364 3800 morali
2401 3736 2633 3799 habent
2667 3736 2894 3801 locum.
2930 3738 3030 3802 Ita
3063 3739 3176 3805 im·

710 3837 1000 3919 perfectio
1025 3840 1203 3903 actus
1225 3837 1470 3915 efficiet,
1496 3842 1570 3903 ut
1591 3841 1871 3904 mutetur
1894 3839 2150 3921 species3
2178 3839 2327 3920 quia
2349 3839 2666 3903 excusabit
2691 3858 2728 3903 a
2749 3840 2933 3923 gravi
2954 3841 3168 3925 culpa:

708 3940 800 4003 ita
832 3943 896 4003 et
923 3940 1147 4004 levitas
1177 3940 1475 4005 materiae
1521 3941 1584 4005 in
1615 3941 1732 4016 his,
1767 3958 1925 4022 quae
1955 3957 2027 4004 ex
2058 3958 2277 4023 genere
2308 3959 2422 4005 suo
2453 3941 2602 4004 sunt
2637 3940 2857 4024 gravia
2895 3947 3169 4023 peccata,

710 4043 805 4105 uti
836 4042 898 4106 in
932 4043 1119 4118 furto,
1160 4042 1539 4107 detractione
1573 4046 1687 4107 etc.

797 4143 1131 4224 Nunquam
1163 4147 1372 4209 tamen
1411 4143 1735 4228 contingit,
1771 4146 1845 4208 ut
1877 4148 2197 4227 peccatum
2244 4163 2314 4208 ex
2351 4163 2570 4228 genere
2609 4162 2720 4209 suo
2767 4144 2901 4209 leve
2939 4145 3053 4211 fiat
3100 4167 3172 4213 ex

710 4243 1177 4310 circumstantia
1200 4267 1407 4330 grave,
1435 4248 1555 4312 nisi
1587 4247 1837 4312 accedat
1859 4246 2218 4312 deformitas
2244 4247 2499 4313 alterius
2522 4247 2782 4332 generis.
2810 4249 2912 4314 Ita
2935 4268 2983 4316 s.
3013 4250 3175 4317 Tho-

709 4364 843 4408 mas
881 4346 938 4408 1.
973 4347 1031 4408 2.
1066 4366 1124 4428 q.
1160 4349 1264 4411 88.
1301 4367 1355 4411 a.
1393 4351 1484 4412 5.:
1519 4375 1553 4406 «
1588 4349 1978 4430 Impossibile
2008 4353 2104 4415 est
2136 4353 2365 4427 autem,
2400 4350 2564 4432 quod
2596 4350 3068 4418 circumstantia
3100 4353 3173 4419 de

704 4449 954 4528 peccato
1006 4448 1231 4513 veniali
1274 4449 1465 4514 faciat
1510 4449 1795 4525 mortale,
1834 4451 1954 4516 nisi
1991 4451 2208 4517 afferat
2253 4451 2713 4516 deformitatem
2766 4451 3024 4517 alterius
3070 4474 3174 4539 ge·

706 4549 867 4613 neris
900 4575 960 4626 »,
996 4571 1053 4614 v.
1093 4571 1185 4634 gr.
1219 4551 1273 4616 si
1304 4551 1443 4631 quis
1489 4551 1676 4616 verba
1723 4552 1926 4617 otiosa
1958 4553 2124 4618 dicat
2168 4555 2242 4617 ut
2277 4552 2534 4617 inducat
2564 4552 2642 4617 ad
2673 4553 3168 4622 fornicationem.
