3529 5158
1293 649 1884 733 APPENDIX
1944 651 2065 732 ΙΙ.

450 836 577 901 AN
622 837 941 904 LEGES
988 839 1661 907 PONTIFICIAE
1707 841 2392 909 PROMULGARI
2440 843 2908 909 DEBEANT

592 957 682 1022 IN
729 957 1117 1026 SINGULIS
1168 960 1662 1039 PROVINCIIS,
1702 962 1815 1027 UT
1862 962 2023 1026 VIM
2067 962 2307 1028 LEGIS
2355 964 2752 1030 HABEANT

1028 1368 1031 1371 “
1165 1372 1484 1436 ΟΠΔΣΒΤῙΟ
1522 1372 1784 1434 camon
1825 1372 2196 1430 TRAc'rA‘rA.

536 1517 593 1581 1.
643 1516 876 1600 Operae
930 1519 1202 1602 pretium
1247 1518 1341 1581 est
1386 1518 1694 1597 inquirere
1740 1519 2046 1594 accurate,
2095 1537 2254 1599 quae
2315 1521 2594 1584 veterum
2648 1518 2908 1586 Canoni-

446 1621 690 1683 starum
720 1620 786 1682 in
816 1619 934 1682 hac
955 1638 1021 1682 re
1051 1638 1224 1683 mens
1254 1618 1461 1681 fuerit.
1488 1618 1649 1681 Hinc
1681 1619 1845 1681 enim
1876 1619 2133 1701 patebit,
2162 1638 2238 1683 an
2272 1620 2404 1683 iure
2428 1620 2787 1703 Regalistae
2811 1622 2906 1705 (a)

447 1721 826 1785 auctoritate
857 1721 1113 1786 illorum
1144 1738 1207 1785 se
1238 1720 1553 1784 tueantur.
1587 1718 1883 1797 Quaestio
1917 1722 2012 1783 est
2040 1738 2208 1805 erge,
2243 1740 2322 1785 an
2354 1740 2594 1785 necesse
2626 1722 2711 1786 sit
2739 1724 2905 1807 leges

447 1822 797 1905 pontificias
827 1823 1214 1907 promulgari
1243 1822 1305 1885 in
1342 1821 1606 1905 singulis
1653 1822 2004 1904 provinciiS‚
2037 1824 2111 1886 ut
2156 1823 2383 1888 ibidem
2430 1824 2556 1888 vim
2592 1824 2907 1909 obligandi

446 1924 786 1989 obtineant.

536 2027 595 2089 2.
632 2023 793 2091 Sunt
822 2026 930 2108 qui
976 2026 1280 2100 dixerunt,
1320 2025 1652 2091 Nicolaum
1683 2025 1983 2103 Tudesch‚
2018 2027 2208 2112 vulgo
2245 2028 2550 2093 Abbatem
2590 2029 2907 2094 Panormi-

447 2131 688 2204 tanum‚
708 2129 817 2210 qui
840 2128 1178 2213 magistros
1201 2129 1424 2193 habuit
1453 2128 1798 2193 Antonium
1821 2127 1895 2193 de
1916 2128 2139 2193 Butrio
2172 2131 2235 2193 et
2266 2130 2560 2195 Ioannem
2584 2131 2906 2197 Zabarella

448 2249 519 2293 ae
564 2230 779 2295 floruit
825 2232 1031 2296 aetate
1079 2229 1338 2296 Concilji
1384 2230 1775 2306 BasileensiS‚
1819 2249 1929 2313 pro
1977 2230 2260 2295 Romana
2305 2232 2553 2314 quidem
2600 2234 2905 2299 sententia

445 2334 611 2396 stare
640 2332 705 2396 in
738 2330 1083 2397 Comment.
1112 2333 1191 2397 ad
1222 2352 1271 2397 c.
1300 2333 1584 2406 Noverit,
1611 2331 1685 2395 de
1718 2330 1887 2396 Sent.
1916 2332 2351 2407 Excommwz„
2385 2334 2489 2399 sed
2520 2335 2704 2399 dubie
2734 2336 2908 2418 loqui
2953 2354 2962 2358 ‘

446 2432 512 2496 in
549 2431 893 2498 Comment.
928 2435 1006 2499 ad
1042 2455 1094 2498 c.
1139 2433 1603 2516 Coynoscentes,
1642 2434 1716 2497 de
1757 2433 2336 2499 ConstitutionibuS.

535 2536 596 2600 3.
636 2536 719 2601 Et
749 2536 951 2618 quoad
988 2538 1260 2622 primum
1296 2538 1499 2621 reipsa
1529 2537 1737 2602 Abbas
1769 2538 1860 2603 ita
1907 2539 2120 2603 scribit
2167 2537 2246 2603 ad
2290 2539 2400 2604 illa
2431 2540 2618 2605 verba
2648 2565 2683 2600 <
2714 2539 2906 2606 Intra

445 2637 599 2704 duos
648 2659 884 2704 menses
909 2643 1060 2720 post
1086 2639 1442 2704 huiusmodi
1457 2639 2025 2722 pranulyationem
2062 2644 2404 2706 sententiae
2434 2644 2498 2706 in
2537 2643 2640 2708 cit.
2676 2642 2742 2708 C.
2777 2645 2907 2709 No-

444 2743 606 2805 verit
648 2762 706 2806 n.
742 2743 834 2818 3.;
868 2767 905 2801 «
937 2744 1009 2806 In
1040 2743 1252 2826 glossa
1282 2742 1346 2807 in
1376 2762 1500 2806 ver.
1536 2743 1712 2805 intra
1742 2742 1897 2806 duos
1929 2763 2165 2808 menses
2200 2779 2278 2792 --
2313 2745 2403 2808 ibi
2439 2783 2522 2791 —
2561 2767 2603 2808 a
2643 2749 2906 2826 tempore

435 2843 904 2924 publicationis,
933 2844 1023 2909 Ex
1060 2845 1176 2909 hoc
1206 2844 1371 2908 dicto
1401 2845 1647 2929 glossae
1676 2844 1960 2917 infertur,
1987 2845 2153 2926 quod
2181 2845 2362 2910 hodie
2395 2866 2516 2910 non
2549 2851 2907 2930 expectatur

441 2947 656 3030 lapsus
686 2948 951 3013 istorum
997 2947 1264 3012 duorum
1308 2948 1634 3025 mensium,
1668 2947 1790 3012 nisi
1821 2947 1898 3011 ab
1937 2947 2088 3011 olim
2118 2949 2269 3013 haec
2305 2950 2672 3014 constitutio
2718 2950 2907 3017 fuerit

443 3049 738 3132 probata:
772 3049 919 3114 licet
951 3049 1204 3132 quidam
1238 3049 1464 3127 dicant,
1501 3049 1664 3132 quod
1695 3050 1805 3113 isti
1842 3049 1964 3112 duo
2002 3069 2240 3113 menses
2271 3053 2529 3114 currunt
2562 3070 2597 3113 a
2631 3053 2906 3135 tempore

445 3151 882 3234 publicationis
929 3151 1277 3234 specialiter
1323 3151 1557 3215 fiendae
1602 3152 1665 3214 in
1713 3150 1991 3231 qualibet
2036 3150 2386 3232 provincia3
2422 3153 2573 3232 quia
2603 3153 2906 3233 ignorans

442 3272 569 3316 non
604 3257 700 3316 est
741 3257 1073 3317 contumax
1103 3258 1165 3318 et
1184 3275 1307 3334 per
1357 3271 1734 3333 conseqzoens
1779 3272 1906 3316 non
1953 3252 2179 3315 incidit
2222 3254 2289 3315 in
2336 3257 2909 3319 exommum'catio·

443 3374 647 3418 nem...
690 3352 808 3419 Sed
853 3353 1089 3419 dictum
1136 3357 1380 3438 glossae
1432 3356 1570 3439 plus
1617 3355 1823 3437 placet
1867 3355 2084 3419 Ioanni
2128 3355 2409 3421 Andreae
2456 3359 2520 3422 et
2564 3358 2682 3422 hoc
2726 3358 2904 3424 credo

444 3457 669 3522 verius,
717 3457 879 3523 Nam
928 3459 1294 3523 constitutio
1344 3459 1550 3541 Papae
1582 3477 1704 3522 non
1736 3457 1832 3522 est
1878 3458 2217 3522 necessario
2264 3458 2634 3542 publicanda
2664 3459 2728 3523 in
2758 3479 2907 3541 qua-

442 3560 595 3625 libet
632 3561 979 3643 provincia3
1015 3561 1163 3643 quia
1214 3560 1366 3624 satis
1415 3561 1527 3637 est,
1563 3559 1727 3642 quod
1775 3560 2124 3643 publicetur
2159 3560 2223 3624 in
2269 3560 2442 3626 curia
2487 3581 2808 3627 romana...
2843 3564 2908 3627 et

443 3664 711 3725 max-ime
756 3661 865 3727 hoc
884 3662 1173 3744 procedit
1199 3682 1338 3726 oum
1366 3661 1514 3726 haec
1547 3660 1921 3726 Constitutio
1952 3662 2011 3725 si
2015 3665 2040 3722 t
2065 3660 2320 3725 redacta
2350 3663 2419 3726 in
2451 3683 2672 3742 corpus
2706 3666 2903 3742 iuris,-

443 3766 592 3847 qm‘a
624 3786 799 3830 nemo
823 3766 1259 3846 praesumitur
1302 3763 1452 3829 haec
1500 3765 1797 3846 iquorare
1835 3789 1896 3827 2».
2467 3823 2470 3824 γ

533 3868 648 3934 Ubi
684 3871 855 3944 nota,
900 3869 1328 3950 quaestionem
1358 3867 1509 3944 fieri,
1545 3887 1622 3931 an
1655 3871 1982 3930 eoeousctur
2011 3886 2120 3931 nec
2158 3887 2251 3945 ne,
2293 3868 2370 3931 ab
2415 3868 2779 3932 incurrenda
2810 3889 2905 3935 ex-

444 3971 1005 4036 communicatione
1053 3973 1304 4054 propter
1348 3970 1788 4053 ignorantiam.
1838 3969 2033 4051 Atqui
2086 3969 2138 4033 si
2186 3972 2414 4053 agatur
2460 3970 2532 4034 de
2579 3970 2712 4035 foro
2760 3992 2904 4037 con-

442 4075 753 4149 scientiae,
789 4094 1028 4157 semper
1058 4074 1413 4159 ignorantia
1445 4074 1715 4149 excusat‚
1736 4073 1855 4136 nisi
1887 4072 2076 4137 fuerit
2111 4091 2318 4137 crassa
2352 4093 2421 4137 ac
2453 4073 2693 4156 supina.
2719 4075 2904 4140 Patet

450 4229 484 4236 ..⁴

524 4357 585 4406 (a)
614 4353 904 4407 Regaliano
933 4355 1258 4407 propugnant
1284 4352 1364 4395 ius
1393 4350 1577 4394 Placete·
1604 4353 1745 4405 reyii:
1767 4354 1827 4392 ut
1856 4356 2028 4394 autem
2061 4352 2214 4395 huius
2242 4353 2406 4408 iniqui
2435 4354 2561 4397 iuris
2588 4355 2808 4401 efficacia
2837 4357 2904 4402 sit·

439 4424 493 4467 in
522 4428 653 4478 tuto,
682 4424 914 4467 sentiunt
940 4436 1066 4478 opus
1094 4436 1197 4467 esee
1237 4427 1287 4467 et
1324 4435 1437 4466 eam
1474 4420 1785 4466 sententiam
1828 4435 2168 4477 propugnare:
2201 4425 2335 4480 leges
2371 4425 2656 4480 pontificias
2685 4431 2904 4483 promul·

436 4495 629 4551 gandae
657 4507 764 4540 esne
788 4495 845 4538 in
872 4495 1088 4550 singulis
1116 4495 1405 4550 provinciis,
1434 4498 1493 4538 nt
1521 4493 1590 4537 ibi
1620 4495 1726 4537 vim
1754 4494 2014 4549 obligandi
2046 4495 2325 4541 obtineant.
2370 4499 2522 4542 Vides
2563 4512 2696 4555 ergo,
2724 4500 2903 4560 lector,

437 4580 538 4621 qno
564 4568 772 4611 tandem
801 4569 1054 4622 spectaret
1073 4567 1133 4610 A.
1162 4566 1257 4609 hac
1274 4566 1642 4611 dissertatione.
1665 4566 2009 4622 Allegationeu
2027 4567 2176 4611 affert
2204 4569 2308 4613 fere
2336 4583 2399 4614 ex
2425 4570 2778 4628 Reiffenetu015
2802 4587 2903 4617 non

438 4644 609 4684 tamen
639 4638 863 4683 affirmat
892 4650 1010 4682 enm
1039 4637 1092 4681 in
1123 4637 1214 4681 illa
1244 4637 1397 4681 fuisse
1423 4640 1704 4683 sententia:
1734 4639 1802 4682 cf.
1833 4652 1881 4682 n.
1912 4639 1982 4682 35.
2019 4640 2074 4682 E.
