<?xml version="1.0" encoding="UTF-8"?>
<!DOCTYPE html PUBLIC "-//W3C//DTD XHTML 1.0 Transitional//EN"
    "http://www.w3.org/TR/xhtml1/DTD/xhtml1-transitional.dtd">
<html xmlns="http://www.w3.org/1999/xhtml" xml:lang="en" lang="en">
 <head>
  <title>
</title>
<meta http-equiv="Content-Type" content="text/html;charset=utf-8" />
  <meta name='ocr-system' content='tesseract 3.04.00' />
  <meta name='ocr-capabilities' content='ocr_page ocr_carea ocr_par ocr_line ocrx_word'/>
</head>
<body>
  <div class='ocr_page' id='page_1' title='image "./opustheologicum00palmgoog_0292.png"; bbox 0 0 3529 5158; ppageno 0'>
   <div class='ocr_carea' id='block_1_1' title="bbox 361 381 2819 458">
    <p class='ocr_par' dir='ltr' id='par_1_1' title="bbox 361 381 2819 458">
     <span class='ocr_line' id='line_1_1' title="bbox 361 381 2819 458; baseline -0.002 -19"><span class='ocrx_word' id='word_1_1' title='bbox 361 383 499 458; x_wconf 76' lang='lat'>[192]</span> <span class='ocrx_word' id='word_1_2' title='bbox 866 394 1247 438; x_wconf 48' lang='lat' dir='ltr'>mummia</span> <span class='ocrx_word' id='word_1_3' title='bbox 1284 394 1331 436; x_wconf 81' lang='lat' dir='ltr'>s.</span> <span class='ocrx_word' id='word_1_4' title='bbox 1373 393 1673 435; x_wconf 66' lang='lat' dir='ltr'>Amnonsr</span> <span class='ocrx_word' id='word_1_5' title='bbox 1711 393 1830 435; x_wconf 66' lang='lat' dir='ltr'>eno</span> <span class='ocrx_word' id='word_1_6' title='bbox 1867 393 2313 435; x_wconf 57' lang='lat' dir='ltr'>monanrmsuo</span> <span class='ocrx_word' id='word_1_7' title='bbox 2713 381 2819 435; x_wconf 77' lang='lat'>195</span> 
     </span>
    </p>
   </div>
   <div class='ocr_carea' id='block_1_2' title="bbox 371 490 2928 4672">
    <p class='ocr_par' dir='ltr' id='par_1_2' title="bbox 371 490 2928 2319">
     <span class='ocr_line' id='line_1_2' title="bbox 372 490 2816 574; baseline 0.001 -22"><span class='ocrx_word' id='word_1_8' title='bbox 372 520 406 552; x_wconf 79' lang='lat'><strong>«</strong></span> <span class='ocrx_word' id='word_1_9' title='bbox 437 512 483 558; x_wconf 88' lang='lat' dir='ltr'>s.</span> <span class='ocrx_word' id='word_1_10' title='bbox 499 492 654 557; x_wconf 87' lang='lat' dir='ltr'>Pius</span> <span class='ocrx_word' id='word_1_11' title='bbox 679 492 757 555; x_wconf 88' lang='lat' dir='ltr'>V.</span> <span class='ocrx_word' id='word_1_12' title='bbox 784 494 1006 574; x_wconf 87' lang='lat' dir='ltr'>quater</span> <span class='ocrx_word' id='word_1_13' title='bbox 1027 491 1091 555; x_wconf 90' lang='lat' dir='ltr'>in</span> <span class='ocrx_word' id='word_1_14' title='bbox 1115 491 1230 555; x_wconf 85' lang='lat' dir='ltr'>hac</span> <span class='ocrx_word' id='word_1_15' title='bbox 1252 509 1319 556; x_wconf 90' lang='lat' dir='ltr'>re</span> <span class='ocrx_word' id='word_1_16' title='bbox 1342 490 1738 574; x_wconf 76' lang='lat' dir='ltr'>dispensavit,</span> <span class='ocrx_word' id='word_1_17' title='bbox 1766 492 1925 555; x_wconf 88' lang='lat' dir='ltr'>teste</span> <span class='ocrx_word' id='word_1_18' title='bbox 1942 490 2170 555; x_wconf 87' lang='lat' dir='ltr'>Terillo</span> <span class='ocrx_word' id='word_1_19' title='bbox 2189 493 2426 572; x_wconf 81' lang='lat' dir='ltr'>quaest.</span> <span class='ocrx_word' id='word_1_20' title='bbox 2457 493 2560 554; x_wconf 82' lang='lat'>22.</span> <span class='ocrx_word' id='word_1_21' title='bbox 2585 510 2645 555; x_wconf 90' lang='lat' dir='ltr'>n.</span> <span class='ocrx_word' id='word_1_22' title='bbox 2672 492 2816 555; x_wconf 84' lang='grc'><strong>188.</strong></span> 
     </span>
     <span class='ocr_line' id='line_1_3' title="bbox 376 592 2821 679; baseline -0.002 -18"><span class='ocrx_word' id='word_1_23' title='bbox 376 624 405 653; x_wconf 66' lang='grc' dir='ltr'><strong><em>α</em></strong></span> <span class='ocrx_word' id='word_1_24' title='bbox 441 597 590 660; x_wconf 90' lang='lat' dir='ltr'>item</span> <span class='ocrx_word' id='word_1_25' title='bbox 625 594 966 679; x_wconf 80' lang='lat' dir='ltr'>Gregorius</span> <span class='ocrx_word' id='word_1_26' title='bbox 1003 593 1179 657; x_wconf 89' lang='lat' dir='ltr'><strong>XIII.</strong></span> <span class='ocrx_word' id='word_1_27' title='bbox 1219 593 1283 657; x_wconf 91' lang='lat' dir='ltr'>in</span> <span class='ocrx_word' id='word_1_28' title='bbox 1315 612 1438 657; x_wconf 90' lang='lat' dir='ltr'>una</span> <span class='ocrx_word' id='word_1_29' title='bbox 1471 592 1569 657; x_wconf 91' lang='lat' dir='ltr'>die</span> <span class='ocrx_word' id='word_1_30' title='bbox 1607 592 1889 657; x_wconf 81' lang='lat' dir='ltr'>undecim</span> <span class='ocrx_word' id='word_1_31' title='bbox 1934 593 2291 657; x_wconf 89' lang='lat' dir='ltr'>huiusmodi</span> <span class='ocrx_word' id='word_1_32' title='bbox 2336 592 2821 676; x_wconf 77' lang='lat' dir='ltr'>dispensationes</span> 
     </span>
     <span class='ocr_line' id='line_1_4' title="bbox 372 695 2819 778; baseline 0.001 -22"><span class='ocrx_word' id='word_1_33' title='bbox 372 724 405 756; x_wconf 84' lang='lat'>«</span> <span class='ocrx_word' id='word_1_34' title='bbox 438 697 758 771; x_wconf 80' lang='lat' dir='ltr'>concessit,</span> <span class='ocrx_word' id='word_1_35' title='bbox 807 698 965 762; x_wconf 86' lang='lat' dir='ltr'>teste</span> <span class='ocrx_word' id='word_1_36' title='bbox 1002 696 1353 777; x_wconf 86' lang='lat' dir='ltr'>Henriquez</span> <span class='ocrx_word' id='word_1_37' title='bbox 1391 695 1433 759; x_wconf 87' lang='lat' dir='ltr'>l.</span> <span class='ocrx_word' id='word_1_38' title='bbox 1477 696 1579 758; x_wconf 89' lang='grc'>11.</span> <span class='ocrx_word' id='word_1_39' title='bbox 1614 715 1665 759; x_wconf 89' lang='lat' dir='ltr'>c.</span> <span class='ocrx_word' id='word_1_40' title='bbox 1701 696 1762 759; x_wconf 87' lang='lat'>8.</span> <span class='ocrx_word' id='word_1_41' title='bbox 1811 714 1870 758; x_wconf 90' lang='lat' dir='ltr'>n.</span> <span class='ocrx_word' id='word_1_42' title='bbox 1909 696 2013 759; x_wconf 92' lang='grc'>11.</span> <span class='ocrx_word' id='word_1_43' title='bbox 2053 695 2196 759; x_wconf 82' lang='lat' dir='ltr'>Alia</span> <span class='ocrx_word' id='word_1_44' title='bbox 2232 696 2507 778; x_wconf 84' lang='lat' dir='ltr'>exempla</span> <span class='ocrx_word' id='word_1_45' title='bbox 2545 698 2819 778; x_wconf 89' lang='lat' dir='ltr'>tempore</span> 
     </span>
     <span class='ocr_line' id='line_1_5' title="bbox 371 796 2817 882; baseline -0.002 -16"><span class='ocrx_word' id='word_1_46' title='bbox 371 826 406 857; x_wconf 85' lang='lat'>‹</span> <span class='ocrx_word' id='word_1_47' title='bbox 437 798 606 866; x_wconf 86' lang='lat' dir='ltr'>Scoti</span> <span class='ocrx_word' id='word_1_48' title='bbox 632 799 942 864; x_wconf 81' lang='lat' dir='ltr'>anteriora</span> <span class='ocrx_word' id='word_1_49' title='bbox 967 799 1144 863; x_wconf 84' lang='lat' dir='ltr'>affert</span> <span class='ocrx_word' id='word_1_50' title='bbox 1167 796 1499 863; x_wconf 84' lang='lat' dir='ltr'>Caramuel</span> <span class='ocrx_word' id='word_1_51' title='bbox 1527 817 1599 862; x_wconf 84' lang='lat' dir='ltr'>ex</span> <span class='ocrx_word' id='word_1_52' title='bbox 1621 798 1977 872; x_wconf 86' lang='lat' dir='ltr'>Brancati0‚</span> <span class='ocrx_word' id='word_1_53' title='bbox 2005 796 2293 882; x_wconf 84' lang='lat' dir='ltr'>Gregorii</span> <span class='ocrx_word' id='word_1_54' title='bbox 2323 798 2464 861; x_wconf 89' lang='lat' dir='ltr'><strong>VII.</strong></span> <span class='ocrx_word' id='word_1_55' title='bbox 2505 798 2817 874; x_wconf 80' lang='lat' dir='ltr'>nimirum,</span> 
     </span>
     <span class='ocr_line' id='line_1_6' title="bbox 372 900 2823 985; baseline 0.002 -25"><span class='ocrx_word' id='word_1_56' title='bbox 372 929 404 960; x_wconf 86' lang='lat'><strong>«</strong></span> <span class='ocrx_word' id='word_1_57' title='bbox 437 902 696 966; x_wconf 83' lang='lat' dir='ltr'>Martini</span> <span class='ocrx_word' id='word_1_58' title='bbox 721 902 797 965; x_wconf 78' lang='lat' dir='ltr'>V.</span> <span class='ocrx_word' id='word_1_59' title='bbox 837 904 900 966; x_wconf 91' lang='lat' dir='ltr'>et</span> <span class='ocrx_word' id='word_1_60' title='bbox 930 901 1194 985; x_wconf 84' lang='lat' dir='ltr'>Eugenii</span> <span class='ocrx_word' id='word_1_61' title='bbox 1224 900 1333 964; x_wconf 88' lang='lat' dir='ltr'>IV.</span> <span class='ocrx_word' id='word_1_62' title='bbox 1368 900 1724 984; x_wconf 79' lang='lat' dir='ltr'>allegatque</span> <span class='ocrx_word' id='word_1_63' title='bbox 1753 900 1817 964; x_wconf 92' lang='lat' dir='ltr'>in</span> <span class='ocrx_word' id='word_1_64' title='bbox 1852 902 2041 965; x_wconf 87' lang='lat' dir='ltr'>testes</span> <span class='ocrx_word' id='word_1_65' title='bbox 2089 900 2449 975; x_wconf 86' lang='lat' dir='ltr'>Baronium,</span> <span class='ocrx_word' id='word_1_66' title='bbox 2485 919 2533 963; x_wconf 92' lang='lat' dir='ltr'>s.</span> <span class='ocrx_word' id='word_1_67' title='bbox 2566 900 2823 966; x_wconf 82' lang='lat' dir='ltr'>Antoni-</span> 
     </span>
     <span class='ocr_line' id='line_1_7' title="bbox 371 1003 2820 1086; baseline 0.001 -21"><span class='ocrx_word' id='word_1_68' title='bbox 371 1034 404 1065; x_wconf 81' lang='lat'>«</span> <span class='ocrx_word' id='word_1_69' title='bbox 436 1025 586 1071; x_wconf 90' lang='lat' dir='ltr'>num</span> <span class='ocrx_word' id='word_1_70' title='bbox 624 1008 687 1071; x_wconf 92' lang='lat' dir='ltr'>et</span> <span class='ocrx_word' id='word_1_71' title='bbox 719 1006 893 1070; x_wconf 65' lang='lat' dir='ltr'>alios</span> <span class='ocrx_word' id='word_1_72' title='bbox 927 1005 1088 1069; x_wconf 90' lang='lat' dir='ltr'>Item</span> <span class='ocrx_word' id='word_1_73' title='bbox 1119 1004 1428 1069; x_wconf 84' lang='lat' dir='ltr'>Adrianus</span> <span class='ocrx_word' id='word_1_74' title='bbox 1463 1004 1570 1068; x_wconf 87' lang='lat' dir='ltr'>VI.</span> <span class='ocrx_word' id='word_1_75' title='bbox 1609 1004 1843 1086; x_wconf 85' lang='lat' dir='ltr'>pariter</span> <span class='ocrx_word' id='word_1_76' title='bbox 1887 1003 2267 1086; x_wconf 84' lang='lat' dir='ltr'>dispensavit</span> <span class='ocrx_word' id='word_1_77' title='bbox 2312 1004 2377 1067; x_wconf 91' lang='lat' dir='ltr'>in</span> <span class='ocrx_word' id='word_1_78' title='bbox 2421 1004 2820 1068; x_wconf 84' lang='lat' dir='ltr'>matrimonio</span> 
     </span>
     <span class='ocr_line' id='line_1_8' title="bbox 375 1106 2822 1190; baseline 0 -22"><span class='ocrx_word' id='word_1_79' title='bbox 375 1136 406 1168; x_wconf 80' lang='grc'><strong>«</strong></span> <span class='ocrx_word' id='word_1_80' title='bbox 439 1113 576 1175; x_wconf 90' lang='lat' dir='ltr'>rato</span> <span class='ocrx_word' id='word_1_81' title='bbox 626 1111 706 1186; x_wconf 89' lang='lat' dir='ltr'>et,</span> <span class='ocrx_word' id='word_1_82' title='bbox 742 1108 908 1190; x_wconf 92' lang='lat' dir='ltr'>quod</span> <span class='ocrx_word' id='word_1_83' title='bbox 943 1107 1282 1172; x_wconf 87' lang='lat' dir='ltr'>notabilius</span> <span class='ocrx_word' id='word_1_84' title='bbox 1315 1109 1426 1177; x_wconf 87' lang='lat' dir='ltr'>est,</span> <span class='ocrx_word' id='word_1_85' title='bbox 1461 1110 1677 1171; x_wconf 88' lang='lat' dir='ltr'>contra</span> <span class='ocrx_word' id='word_1_86' title='bbox 1711 1107 2024 1189; x_wconf 88' lang='lat' dir='ltr'>propriam</span> <span class='ocrx_word' id='word_1_87' title='bbox 2056 1106 2427 1188; x_wconf 84' lang='lat' dir='ltr'>opinionem,</span> <span class='ocrx_word' id='word_1_88' title='bbox 2460 1108 2533 1169; x_wconf 90' lang='lat' dir='ltr'>ut</span> <span class='ocrx_word' id='word_1_89' title='bbox 2563 1106 2822 1188; x_wconf 84' lang='lat' dir='ltr'>ipsemet</span> 
     </span>
     <span class='ocr_line' id='line_1_9' title="bbox 372 1207 2819 1290; baseline -0.001 -20"><span class='ocrx_word' id='word_1_90' title='bbox 372 1211 639 1276; x_wconf 78' lang='lat' dir='ltr'>«fassus</span> <span class='ocrx_word' id='word_1_91' title='bbox 686 1210 839 1285; x_wconf 84' lang='lat' dir='ltr'>fuit;</span> <span class='ocrx_word' id='word_1_92' title='bbox 891 1210 984 1275; x_wconf 89' lang='lat' dir='ltr'>ita</span> <span class='ocrx_word' id='word_1_93' title='bbox 1030 1210 1217 1275; x_wconf 87' lang='lat' dir='ltr'>refert</span> <span class='ocrx_word' id='word_1_94' title='bbox 1263 1207 1451 1274; x_wconf 87' lang='lat' dir='ltr'>Sotus</span> <span class='ocrx_word' id='word_1_95' title='bbox 1497 1209 1558 1273; x_wconf 92' lang='lat' dir='ltr'>in</span> <span class='ocrx_word' id='word_1_96' title='bbox 1609 1210 1669 1273; x_wconf 89' lang='grc'>4.</span> <span class='ocrx_word' id='word_1_97' title='bbox 1705 1208 1849 1273; x_wconf 91' lang='lat' dir='ltr'>dist.</span> <span class='ocrx_word' id='word_1_98' title='bbox 1886 1209 1990 1273; x_wconf 85' lang='lat'>27.</span> <span class='ocrx_word' id='word_1_99' title='bbox 2024 1229 2081 1290; x_wconf 90' lang='lat' dir='ltr'>q.</span> <span class='ocrx_word' id='word_1_100' title='bbox 2128 1210 2184 1274; x_wconf 90' lang='lat'>1.</span> <span class='ocrx_word' id='word_1_101' title='bbox 2226 1228 2282 1273; x_wconf 91' lang='lat' dir='ltr'>a.</span> <span class='ocrx_word' id='word_1_102' title='bbox 2322 1210 2407 1285; x_wconf 82' lang='grc'>4.,</span> <span class='ocrx_word' id='word_1_103' title='bbox 2447 1209 2536 1273; x_wconf 90' lang='lat' dir='ltr'>sic</span> <span class='ocrx_word' id='word_1_104' title='bbox 2576 1208 2819 1273; x_wconf 84' lang='lat' dir='ltr'>dicens:</span> 
     </span>
     <span class='ocr_line' id='line_1_10' title="bbox 376 1308 2828 1393; baseline -0.001 -18"><span class='ocrx_word' id='word_1_105' title='bbox 376 1344 409 1375; x_wconf 81' lang='lat'>«</span> <span class='ocrx_word' id='word_1_106' title='bbox 444 1313 781 1380; x_wconf 75' lang='lat' dir='ltr'>Adrianus</span> <span class='ocrx_word' id='word_1_107' title='bbox 810 1314 919 1379; x_wconf 84' lang='lat' dir='ltr'>VI.</span> <span class='ocrx_word' id='word_1_108' title='bbox 955 1314 1054 1377; x_wconf 83' lang='lat' dir='ltr'>vir</span> <span class='ocrx_word' id='word_1_109' title='bbox 1093 1316 1221 1375; x_wconf 80' lang='lat' dir='ltr'>tam</span> <span class='ocrx_word' id='word_1_110' title='bbox 1265 1313 1590 1393; x_wconf 75' lang='lat' dir='ltr'>utriusque</span> <span class='ocrx_word' id='word_1_111' title='bbox 1613 1312 2217 1391; x_wconf 60' lang='lat' dir='ltr'>ium&#39;speritaelssimus</span> <span class='ocrx_word' id='word_1_112' title='bbox 2249 1314 2377 1374; x_wconf 77' lang='lat' dir='ltr'>tum</span> <span class='ocrx_word' id='word_1_113' title='bbox 2400 1314 2462 1373; x_wconf 86' lang='lat' dir='ltr'>et</span> <span class='ocrx_word' id='word_1_114' title='bbox 2482 1311 2578 1374; x_wconf 77' lang='lat' dir='ltr'>rei</span> <span class='ocrx_word' id='word_1_115' title='bbox 2608 1308 2828 1374; x_wconf 79' lang='lat' dir='ltr'>theolo-</span> 
     </span>
     <span class='ocr_line' id='line_1_11' title="bbox 374 1412 2928 1500; baseline -0.002 -20"><span class='ocrx_word' id='word_1_116' title='bbox 374 1446 407 1477; x_wconf 70' lang='grc' dir='ltr'>«ι</span> <span class='ocrx_word' id='word_1_117' title='bbox 437 1419 610 1500; x_wconf 71' lang='lat' dir='ltr'>qicae</span> <span class='ocrx_word' id='word_1_118' title='bbox 661 1437 786 1481; x_wconf 83' lang='lat' dir='ltr'>non</span> <span class='ocrx_word' id='word_1_119' title='bbox 835 1416 1046 1496; x_wconf 77' lang='lat' dir='ltr'>infime</span> <span class='ocrx_word' id='word_1_120' title='bbox 1093 1416 1324 1490; x_wconf 76' lang='lat' dir='ltr'>doetus,</span> <span class='ocrx_word' id='word_1_121' title='bbox 1363 1434 1500 1479; x_wconf 67' lang='lat' dir='ltr'>cam</span> <span class='ocrx_word' id='word_1_122' title='bbox 1528 1414 1609 1479; x_wconf 86' lang='lat' dir='ltr'>ab</span> <span class='ocrx_word' id='word_1_123' title='bbox 1645 1413 1758 1478; x_wconf 75' lang='lat' dir='ltr'>illo</span> <span class='ocrx_word' id='word_1_124' title='bbox 1791 1413 2145 1478; x_wconf 56' lang='lat' dir='ltr'>Imitesmodi·</span> <span class='ocrx_word' id='word_1_125' title='bbox 2188 1414 2571 1494; x_wconf 63' lang='lat' dir='ltr'>dispensatio</span> <span class='ocrx_word' id='word_1_126' title='bbox 2604 1412 2828 1492; x_wconf 55' lang='lat' dir='ltr'>fuisset</span> <span class='ocrx_word' id='word_1_127' title='bbox 2922 1464 2928 1469; x_wconf 90' lang='grc'><strong>.</strong></span> 
     </span>
     <span class='ocr_line' id='line_1_12' title="bbox 375 1516 2827 1601; baseline -0.001 -22"><span class='ocrx_word' id='word_1_128' title='bbox 375 1520 755 1601; x_wconf 70' lang='lat' dir='ltr'>«postulata</span> <span class='ocrx_word' id='word_1_129' title='bbox 802 1518 1132 1599; x_wconf 67' lang='lat' dir='ltr'>oblataque</span> <span class='ocrx_word' id='word_1_130' title='bbox 1176 1518 1422 1597; x_wconf 70' lang='lat' dir='ltr'>fautria:</span> <span class='ocrx_word' id='word_1_131' title='bbox 1477 1516 1768 1581; x_wconf 67' lang='lat' dir='ltr'>Caietam</span> <span class='ocrx_word' id='word_1_132' title='bbox 1812 1518 2141 1591; x_wconf 77' lang='lat' dir='ltr'>sententia,</span> <span class='ocrx_word' id='word_1_133' title='bbox 2188 1517 2532 1581; x_wconf 73' lang='lat' dir='ltr'>demiratus</span> <span class='ocrx_word' id='word_1_134' title='bbox 2577 1520 2687 1589; x_wconf 80' lang='lat' dir='ltr'>est,</span> <span class='ocrx_word' id='word_1_135' title='bbox 2735 1517 2827 1577; x_wconf 66' lang='grc' dir='ltr'>υἱ-</span> 
     </span>
     <span class='ocr_line' id='line_1_13' title="bbox 375 1617 2827 1702; baseline -0.001 -22"><span class='ocrx_word' id='word_1_136' title='bbox 375 1650 408 1680; x_wconf 75' lang='lat'>‹</span> <span class='ocrx_word' id='word_1_137' title='bbox 444 1644 580 1687; x_wconf 75' lang='lat' dir='ltr'>rum</span> <span class='ocrx_word' id='word_1_138' title='bbox 636 1620 982 1702; x_wconf 72' lang='lat' dir='ltr'>theoloqum</span> <span class='ocrx_word' id='word_1_139' title='bbox 1027 1619 1136 1684; x_wconf 75' lang='lat' dir='ltr'>hoc</span> <span class='ocrx_word' id='word_1_140' title='bbox 1179 1620 1306 1683; x_wconf 70' lang='lat' dir='ltr'>sibi</span> <span class='ocrx_word' id='word_1_141' title='bbox 1347 1622 1417 1681; x_wconf 76' lang='lat' dir='ltr'>in</span> <span class='ocrx_word' id='word_1_142' title='bbox 1462 1620 1744 1683; x_wconf 72' lang='lat' dir='ltr'>can’mmn</span> <span class='ocrx_word' id='word_1_143' title='bbox 1790 1619 2081 1682; x_wconf 74' lang='lat' dir='ltr'>inducere</span> <span class='ocrx_word' id='word_1_144' title='bbox 2114 1620 2397 1699; x_wconf 73' lang='lat' dir='ltr'>potuisse</span> <span class='ocrx_word' id='word_1_145' title='bbox 2434 1623 2495 1681; x_wconf 81' lang='lat' dir='ltr'>et</span> <span class='ocrx_word' id='word_1_146' title='bbox 2538 1617 2672 1681; x_wconf 71' lang='lat' dir='ltr'>ideo</span> <span class='ocrx_word' id='word_1_147' title='bbox 2722 1619 2827 1679; x_wconf 78' lang='lat' dir='ltr'>im-</span> 
     </span>
     <span class='ocr_line' id='line_1_14' title="bbox 374 1720 2826 1806; baseline -0.001 -21"><span class='ocrx_word' id='word_1_148' title='bbox 374 1753 408 1785; x_wconf 84' lang='lat'>«</span> <span class='ocrx_word' id='word_1_149' title='bbox 433 1726 654 1806; x_wconf 72' lang='lat' dir='ltr'>probis</span> <span class='ocrx_word' id='word_1_150' title='bbox 679 1723 974 1804; x_wconf 77' lang='lat' dir='ltr'>precibus</span> <span class='ocrx_word' id='word_1_151' title='bbox 997 1722 1414 1795; x_wconf 74' lang='lat' dir='ltr'>succumbens,</span> <span class='ocrx_word' id='word_1_152' title='bbox 1447 1721 1788 1800; x_wconf 75' lang='lat' dir='ltr'>respondit,</span> <span class='ocrx_word' id='word_1_153' title='bbox 1819 1742 1885 1785; x_wconf 74' lang='lat' dir='ltr'>se</span> <span class='ocrx_word' id='word_1_154' title='bbox 1916 1721 2067 1785; x_wconf 74' lang='lat' dir='ltr'>dare</span> <span class='ocrx_word' id='word_1_155' title='bbox 2102 1720 2271 1803; x_wconf 77' lang='lat' dir='ltr'>quod</span> <span class='ocrx_word' id='word_1_156' title='bbox 2278 1725 2508 1800; x_wconf 81' lang='lat' dir='ltr'>posset,</span> <span class='ocrx_word' id='word_1_157' title='bbox 2532 1741 2598 1784; x_wconf 87' lang='lat' dir='ltr'>se</span> <span class='ocrx_word' id='word_1_158' title='bbox 2624 1724 2826 1783; x_wconf 79' lang='lat' dir='ltr'>tamen</span> 
     </span>
     <span class='ocr_line' id='line_1_15' title="bbox 377 1823 2829 1909; baseline 0 -23"><span class='ocrx_word' id='word_1_159' title='bbox 377 1854 409 1886; x_wconf 79' lang='lat'>‹</span> <span class='ocrx_word' id='word_1_160' title='bbox 439 1828 687 1892; x_wconf 74' lang='lat' dir='ltr'>credere</span> <span class='ocrx_word' id='word_1_161' title='bbox 726 1825 890 1889; x_wconf 69' lang='lat' dir='ltr'><em>nihil</em></span> <span class='ocrx_word' id='word_1_162' title='bbox 907 1845 1112 1905; x_wconf 80' lang='lat' dir='ltr'>posse.</span> <span class='ocrx_word' id='word_1_163' title='bbox 1146 1824 1445 1905; x_wconf 81' lang='lat' dir='ltr'>Quamvis</span> <span class='ocrx_word' id='word_1_164' title='bbox 1491 1824 1688 1909; x_wconf 90' lang='lat' dir='ltr'>igitur</span> <span class='ocrx_word' id='word_1_165' title='bbox 1732 1823 2043 1888; x_wconf 84' lang='lat' dir='ltr'>Adrianus</span> <span class='ocrx_word' id='word_1_166' title='bbox 2074 1826 2365 1900; x_wconf 82' lang='lat' dir='ltr'>censeret,</span> <span class='ocrx_word' id='word_1_167' title='bbox 2399 1824 2557 1888; x_wconf 89' lang='lat' dir='ltr'>hanc</span> <span class='ocrx_word' id='word_1_168' title='bbox 2593 1824 2829 1905; x_wconf 85' lang='lat' dir='ltr'>dispen-</span> 
     </span>
     <span class='ocr_line' id='line_1_16' title="bbox 376 1925 2826 2010; baseline 0 -21"><span class='ocrx_word' id='word_1_169' title='bbox 376 1959 406 1989; x_wconf 79' lang='lat'>«</span> <span class='ocrx_word' id='word_1_170' title='bbox 441 1931 746 1995; x_wconf 86' lang='lat' dir='ltr'>sationem</span> <span class='ocrx_word' id='word_1_171' title='bbox 778 1948 899 1993; x_wconf 90' lang='lat' dir='ltr'>non</span> <span class='ocrx_word' id='word_1_172' title='bbox 938 1947 1115 2010; x_wconf 89' lang='lat' dir='ltr'>posse</span> <span class='ocrx_word' id='word_1_173' title='bbox 1152 1926 1495 2003; x_wconf 88' lang='lat' dir='ltr'>concedere,</span> <span class='ocrx_word' id='word_1_174' title='bbox 1531 1928 1738 1990; x_wconf 85' lang='lat' dir='ltr'>tamen</span> <span class='ocrx_word' id='word_1_175' title='bbox 1770 1925 1945 1989; x_wconf 81' lang='lat' dir='ltr'>illam</span> <span class='ocrx_word' id='word_1_176' title='bbox 1983 1927 2345 2010; x_wconf 80' lang='lat' dir='ltr'>impertivit,</span> <span class='ocrx_word' id='word_1_177' title='bbox 2380 1945 2493 1990; x_wconf 87' lang='lat' dir='ltr'>sua</span> <span class='ocrx_word' id='word_1_178' title='bbox 2541 1926 2826 2009; x_wconf 88' lang='lat' dir='ltr'>opinione</span> 
     </span>
     <span class='ocr_line' id='line_1_17' title="bbox 374 2026 2823 2111; baseline 0.002 -21"><span class='ocrx_word' id='word_1_179' title='bbox 374 2058 408 2090; x_wconf 77' lang='lat'>‹</span> <span class='ocrx_word' id='word_1_180' title='bbox 439 2031 673 2103; x_wconf 86' lang='lat' dir='ltr'>relicta,</span> <span class='ocrx_word' id='word_1_181' title='bbox 723 2029 991 2094; x_wconf 86' lang='lat' dir='ltr'>confisus</span> <span class='ocrx_word' id='word_1_182' title='bbox 1039 2028 1405 2093; x_wconf 88' lang='lat' dir='ltr'>auctoritati</span> <span class='ocrx_word' id='word_1_183' title='bbox 1449 2026 1749 2105; x_wconf 86' lang='lat' dir='ltr'>Caietani,</span> <span class='ocrx_word' id='word_1_184' title='bbox 1798 2028 1975 2092; x_wconf 87' lang='lat' dir='ltr'>cuius</span> <span class='ocrx_word' id='word_1_185' title='bbox 2015 2030 2365 2111; x_wconf 89' lang='lat' dir='ltr'>opinionem</span> <span class='ocrx_word' id='word_1_186' title='bbox 2412 2030 2570 2095; x_wconf 88' lang='lat' dir='ltr'>alias</span> <span class='ocrx_word' id='word_1_187' title='bbox 2600 2031 2823 2094; x_wconf 83' lang='lat' dir='ltr'>falsam</span> 
     </span>
     <span class='ocr_line' id='line_1_18' title="bbox 375 2131 2822 2218; baseline 0.002 -26"><span class='ocrx_word' id='word_1_188' title='bbox 375 2162 408 2192; x_wconf 78' lang='grc'><strong><em>«</em></strong></span> <span class='ocrx_word' id='word_1_189' title='bbox 443 2140 694 2218; x_wconf 86' lang='lat' dir='ltr'>putasse</span> <span class='ocrx_word' id='word_1_190' title='bbox 739 2150 862 2197; x_wconf 92' lang='lat' dir='ltr'>non</span> <span class='ocrx_word' id='word_1_191' title='bbox 907 2131 1307 2205; x_wconf 79' lang='lat' dir='ltr'>credendum;</span> <span class='ocrx_word' id='word_1_192' title='bbox 1342 2151 1417 2196; x_wconf 90' lang='lat' dir='ltr'>ne</span> <span class='ocrx_word' id='word_1_193' title='bbox 1469 2131 1769 2207; x_wconf 78' lang='lat' dir='ltr'>dieamus,</span> <span class='ocrx_word' id='word_1_194' title='bbox 1818 2132 2181 2198; x_wconf 86' lang='lat' dir='ltr'>Pontificem</span> <span class='ocrx_word' id='word_1_195' title='bbox 2225 2135 2455 2198; x_wconf 87' lang='lat' dir='ltr'>temere</span> <span class='ocrx_word' id='word_1_196' title='bbox 2500 2136 2563 2197; x_wconf 91' lang='lat' dir='ltr'>et</span> <span class='ocrx_word' id='word_1_197' title='bbox 2608 2134 2822 2197; x_wconf 86' lang='lat' dir='ltr'>contra</span> 
     </span>
     <span class='ocr_line' id='line_1_19' title="bbox 375 2235 1199 2319; baseline -0.007 -16"><span class='ocrx_word' id='word_1_198' title='bbox 375 2266 405 2295; x_wconf 86' lang='lat'>«</span> <span class='ocrx_word' id='word_1_199' title='bbox 438 2235 879 2303; x_wconf 81' lang='lat' dir='ltr'>conscientiam</span> <span class='ocrx_word' id='word_1_200' title='bbox 908 2236 1108 2319; x_wconf 88' lang='lat' dir='ltr'>egisse</span> <span class='ocrx_word' id='word_1_201' title='bbox 1139 2260 1199 2297; x_wconf 84' lang='lat'>».</span> 
     </span>
    </p>

    <p class='ocr_par' dir='ltr' id='par_1_3' title="bbox 374 2337 2843 4672">
     <span class='ocr_line' id='line_1_20' title="bbox 458 2337 2823 2404; baseline 0.001 -5"><span class='ocrx_word' id='word_1_202' title='bbox 458 2366 493 2399; x_wconf 82' lang='lat'>‹</span> <span class='ocrx_word' id='word_1_203' title='bbox 525 2338 760 2403; x_wconf 87' lang='lat' dir='ltr'>Deinde</span> <span class='ocrx_word' id='word_1_204' title='bbox 785 2339 994 2403; x_wconf 88' lang='lat' dir='ltr'>nostra</span> <span class='ocrx_word' id='word_1_205' title='bbox 1027 2337 1332 2402; x_wconf 89' lang='lat' dir='ltr'>sententia</span> <span class='ocrx_word' id='word_1_206' title='bbox 1364 2356 1486 2402; x_wconf 90' lang='lat' dir='ltr'>non</span> <span class='ocrx_word' id='word_1_207' title='bbox 1518 2337 1772 2403; x_wconf 87' lang='lat' dir='ltr'>obscure</span> <span class='ocrx_word' id='word_1_208' title='bbox 1801 2338 2087 2403; x_wconf 84' lang='lat' dir='ltr'>firmatur</span> <span class='ocrx_word' id='word_1_209' title='bbox 2110 2339 2484 2404; x_wconf 89' lang='lat' dir='ltr'>auctoritate</span> <span class='ocrx_word' id='word_1_210' title='bbox 2508 2358 2823 2403; x_wconf 88' lang='lat' dir='ltr'>sacrorum</span> 
     </span>
     <span class='ocr_line' id='line_1_21' title="bbox 374 2438 2822 2523; baseline 0.002 -22"><span class='ocrx_word' id='word_1_211' title='bbox 374 2470 406 2501; x_wconf 66' lang='grc' dir='ltr'>«ι</span> <span class='ocrx_word' id='word_1_212' title='bbox 438 2460 746 2508; x_wconf 84' lang='lat' dir='ltr'>canonum</span> <span class='ocrx_word' id='word_1_213' title='bbox 779 2443 842 2505; x_wconf 86' lang='lat' dir='ltr'>et</span> <span class='ocrx_word' id='word_1_214' title='bbox 871 2441 913 2504; x_wconf 94' lang='lat' dir='ltr'>l.</span> <span class='ocrx_word' id='word_1_215' title='bbox 948 2461 1026 2505; x_wconf 77' lang='lat' dir='ltr'>ea:</span> <span class='ocrx_word' id='word_1_216' title='bbox 1055 2460 1188 2519; x_wconf 81' lang='lat' dir='ltr'>cap.</span> <span class='ocrx_word' id='word_1_217' title='bbox 1230 2438 1474 2512; x_wconf 81' lang='lat' dir='ltr'>Placet,</span> <span class='ocrx_word' id='word_1_218' title='bbox 1512 2439 1587 2502; x_wconf 81' lang='lat' dir='ltr'>de</span> <span class='ocrx_word' id='word_1_219' title='bbox 1635 2439 1924 2505; x_wconf 63' lang='lat' dir='ltr'>ctmwers.</span> <span class='ocrx_word' id='word_1_220' title='bbox 1957 2443 2292 2523; x_wconf 61' lang='lat' dir='ltr'>conwyat„</span> <span class='ocrx_word' id='word_1_221' title='bbox 2322 2442 2433 2505; x_wconf 88' lang='lat' dir='ltr'>ubi</span> <span class='ocrx_word' id='word_1_222' title='bbox 2462 2461 2641 2506; x_wconf 85' lang='lat' dir='ltr'>casus</span> <span class='ocrx_word' id='word_1_223' title='bbox 2680 2443 2822 2518; x_wconf 76' lang='lat' dir='ltr'>fuit,</span> 
     </span>
     <span class='ocr_line' id='line_1_22' title="bbox 374 2542 2825 2629; baseline 0.002 -25"><span class='ocrx_word' id='word_1_224' title='bbox 374 2571 406 2604; x_wconf 63' lang='grc' dir='ltr'><em>α</em></span> <span class='ocrx_word' id='word_1_225' title='bbox 438 2546 603 2628; x_wconf 91' lang='lat' dir='ltr'>quod</span> <span class='ocrx_word' id='word_1_226' title='bbox 636 2543 859 2609; x_wconf 89' lang='lat' dir='ltr'>mulier</span> <span class='ocrx_word' id='word_1_227' title='bbox 889 2543 1192 2626; x_wconf 79' lang='lat' dir='ltr'>quaedam</span> <span class='ocrx_word' id='word_1_228' title='bbox 1224 2542 1469 2608; x_wconf 85' lang='lat' dir='ltr'>credens</span> <span class='ocrx_word' id='word_1_229' title='bbox 1494 2543 1793 2610; x_wconf 88' lang='lat' dir='ltr'>maritum</span> <span class='ocrx_word' id='word_1_230' title='bbox 1816 2547 2154 2622; x_wconf 90' lang='lat' dir='ltr'>mortuum,</span> <span class='ocrx_word' id='word_1_231' title='bbox 2182 2545 2620 2629; x_wconf 82' lang='lat' dir='ltr'>professionem</span> <span class='ocrx_word' id='word_1_232' title='bbox 2646 2545 2706 2610; x_wconf 89' lang='lat' dir='ltr'>in</span> <span class='ocrx_word' id='word_1_233' title='bbox 2730 2565 2825 2610; x_wconf 86' lang='lat' dir='ltr'>re—</span> 
     </span>
     <span class='ocr_line' id='line_1_23' title="bbox 375 2645 2825 2733; baseline 0.003 -27"><span class='ocrx_word' id='word_1_234' title='bbox 375 2675 408 2706; x_wconf 79' lang='lat'>«</span> <span class='ocrx_word' id='word_1_235' title='bbox 439 2648 672 2733; x_wconf 91' lang='lat' dir='ltr'>ligione</span> <span class='ocrx_word' id='word_1_236' title='bbox 704 2665 845 2712; x_wconf 87' lang='lat' dir='ltr'>cum</span> <span class='ocrx_word' id='word_1_237' title='bbox 876 2649 1025 2711; x_wconf 91' lang='lat' dir='ltr'>voto</span> <span class='ocrx_word' id='word_1_238' title='bbox 1058 2645 1377 2719; x_wconf 75' lang='lat' dir='ltr'>emiserat:</span> <span class='ocrx_word' id='word_1_239' title='bbox 1419 2645 1551 2710; x_wconf 89' lang='lat' dir='ltr'>viro</span> <span class='ocrx_word' id='word_1_240' title='bbox 1585 2649 1794 2712; x_wconf 90' lang='lat' dir='ltr'>tamen</span> <span class='ocrx_word' id='word_1_241' title='bbox 1819 2667 2081 2722; x_wconf 87' lang='lat' dir='ltr'>reverso,</span> <span class='ocrx_word' id='word_1_242' title='bbox 2108 2649 2181 2713; x_wconf 90' lang='lat' dir='ltr'>de</span> <span class='ocrx_word' id='word_1_243' title='bbox 2203 2649 2580 2714; x_wconf 82' lang='lat' dir='ltr'>monasterio</span> <span class='ocrx_word' id='word_1_244' title='bbox 2604 2649 2825 2713; x_wconf 84' lang='lat' dir='ltr'>educta</span> 
     </span>
     <span class='ocr_line' id='line_1_24' title="bbox 377 2749 2827 2834; baseline 0.003 -24"><span class='ocrx_word' id='word_1_245' title='bbox 377 2779 411 2810; x_wconf 80' lang='lat'><strong>«</strong></span> <span class='ocrx_word' id='word_1_246' title='bbox 443 2752 667 2816; x_wconf 86' lang='lat' dir='ltr'>fuerat.</span> <span class='ocrx_word' id='word_1_247' title='bbox 702 2749 1145 2829; x_wconf 85' lang='lat' dir='ltr'>Quaerebatur‚</span> <span class='ocrx_word' id='word_1_248' title='bbox 1171 2768 1250 2812; x_wconf 88' lang='lat' dir='ltr'>an</span> <span class='ocrx_word' id='word_1_249' title='bbox 1283 2751 1424 2831; x_wconf 89' lang='lat' dir='ltr'>post</span> <span class='ocrx_word' id='word_1_250' title='bbox 1457 2749 1572 2813; x_wconf 85' lang='lat' dir='ltr'>viri</span> <span class='ocrx_word' id='word_1_251' title='bbox 1599 2749 1839 2815; x_wconf 91' lang='lat' dir='ltr'>obitum</span> <span class='ocrx_word' id='word_1_252' title='bbox 1861 2751 1995 2834; x_wconf 89' lang='lat' dir='ltr'>ipsa</span> <span class='ocrx_word' id='word_1_253' title='bbox 2026 2752 2353 2816; x_wconf 88' lang='lat' dir='ltr'>tenebatur</span> <span class='ocrx_word' id='word_1_254' title='bbox 2370 2753 2568 2817; x_wconf 88' lang='lat' dir='ltr'>redire</span> <span class='ocrx_word' id='word_1_255' title='bbox 2593 2753 2668 2816; x_wconf 88' lang='lat' dir='ltr'>ad</span> <span class='ocrx_word' id='word_1_256' title='bbox 2693 2772 2827 2818; x_wconf 90' lang='lat' dir='ltr'>mo-</span> 
     </span>
     <span class='ocr_line' id='line_1_25' title="bbox 377 2850 2826 2937; baseline 0.003 -25"><span class='ocrx_word' id='word_1_257' title='bbox 377 2881 410 2912; x_wconf 81' lang='lat'>«</span> <span class='ocrx_word' id='word_1_258' title='bbox 442 2852 836 2917; x_wconf 79' lang='lat' dir='ltr'>nasterium‘?</span> <span class='ocrx_word' id='word_1_259' title='bbox 869 2850 1209 2933; x_wconf 85' lang='lat' dir='ltr'>Respondit</span> <span class='ocrx_word' id='word_1_260' title='bbox 1242 2851 1555 2915; x_wconf 83' lang='lat' dir='ltr'>Pontifex:</span> <span class='ocrx_word' id='word_1_261' title='bbox 1601 2852 1780 2933; x_wconf 79' lang='lat' dir='ltr'>Quod</span> <span class='ocrx_word' id='word_1_262' title='bbox 1808 2852 1951 2917; x_wconf 77' lang='lat' dir='ltr'>licet</span> <span class='ocrx_word' id='word_1_263' title='bbox 1978 2858 2181 2918; x_wconf 71' lang='lat' dir='ltr'>votam</span> <span class='ocrx_word' id='word_1_264' title='bbox 2222 2856 2356 2918; x_wconf 75' lang='lat' dir='ltr'>eius</span> <span class='ocrx_word' id='word_1_265' title='bbox 2392 2876 2826 2937; x_wconf 67' lang='lat' dir='ltr'>usquequaque</span> 
     </span>
     <span class='ocr_line' id='line_1_26' title="bbox 374 2952 2831 3039; baseline 0.002 -24"><span class='ocrx_word' id='word_1_266' title='bbox 374 2981 409 3015; x_wconf 83' lang='grc'><strong>«</strong></span> <span class='ocrx_word' id='word_1_267' title='bbox 443 2977 566 3020; x_wconf 78' lang='lat' dir='ltr'>non</span> <span class='ocrx_word' id='word_1_268' title='bbox 608 2954 897 3026; x_wconf 74' lang='lat' dir='ltr'>tenuerit,</span> <span class='ocrx_word' id='word_1_269' title='bbox 945 2956 1201 3017; x_wconf 77' lang='lat' dir='ltr'>eatenus</span> <span class='ocrx_word' id='word_1_270' title='bbox 1250 2957 1453 3017; x_wconf 75' lang='lat' dir='ltr'>tamen</span> <span class='ocrx_word' id='word_1_271' title='bbox 1497 2952 1624 3032; x_wconf 76' lang='lat' dir='ltr'>fuit</span> <span class='ocrx_word' id='word_1_272' title='bbox 1651 2954 2110 3038; x_wconf 70' lang='lat' dir='ltr'>obliyatorium,</span> <span class='ocrx_word' id='word_1_273' title='bbox 2143 2963 2450 3039; x_wconf 72' lang='lat' dir='ltr'>quatenus</span> <span class='ocrx_word' id='word_1_274' title='bbox 2488 2981 2551 3022; x_wconf 82' lang='lat' dir='ltr'>sc</span> <span class='ocrx_word' id='word_1_275' title='bbox 2581 2963 2831 3038; x_wconf 76' lang='lat' dir='ltr'>poterat</span> 
     </span>
     <span class='ocr_line' id='line_1_27' title="bbox 375 3055 2827 3140; baseline 0.002 -23"><span class='ocrx_word' id='word_1_276' title='bbox 375 3084 409 3117; x_wconf 71' lang='lat'>⁴&lt;</span> <span class='ocrx_word' id='word_1_277' title='bbox 439 3058 756 3140; x_wconf 68' lang='lat' dir='ltr'>obliqare‚·</span> <span class='ocrx_word' id='word_1_278' title='bbox 775 3057 1076 3135; x_wconf 69' lang='lat' dir='ltr'>promisit</span> <span class='ocrx_word' id='word_1_279' title='bbox 1119 3057 1284 3119; x_wconf 77' lang='lat' dir='ltr'>enim</span> <span class='ocrx_word' id='word_1_280' title='bbox 1327 3055 1626 3120; x_wconf 67' lang='lat' dir='ltr'>intrando</span> <span class='ocrx_word' id='word_1_281' title='bbox 1671 3059 2135 3132; x_wconf 76' lang='lat' dir='ltr'>monasterium,</span> <span class='ocrx_word' id='word_1_282' title='bbox 2183 3080 2249 3122; x_wconf 82' lang='lat' dir='ltr'>se</span> <span class='ocrx_word' id='word_1_283' title='bbox 2294 3081 2419 3122; x_wconf 75' lang='lat' dir='ltr'>mm</span> <span class='ocrx_word' id='word_1_284' title='bbox 2466 3065 2827 3122; x_wconf 52' lang='lat' dir='ltr'>&amp;acturam</span> 
     </span>
     <span class='ocr_line' id='line_1_28' title="bbox 374 3157 2827 3239; baseline 0.002 -21"><span class='ocrx_word' id='word_1_285' title='bbox 374 3186 406 3218; x_wconf 60' lang='grc' dir='ltr'>ι</span> <span class='ocrx_word' id='word_1_286' title='bbox 443 3161 660 3225; x_wconf 78' lang='lat' dir='ltr'>carnis</span> <span class='ocrx_word' id='word_1_287' title='bbox 696 3157 992 3231; x_wconf 76' lang='lat' dir='ltr'>debitum,</span> <span class='ocrx_word' id='word_1_288' title='bbox 1031 3158 1200 3239; x_wconf 80' lang='lat' dir='ltr'>quod</span> <span class='ocrx_word' id='word_1_289' title='bbox 1226 3162 1366 3222; x_wconf 83' lang='lat' dir='ltr'>erat</span> <span class='ocrx_word' id='word_1_290' title='bbox 1383 3160 1454 3221; x_wconf 73' lang='lat' dir='ltr'>in</span> <span class='ocrx_word' id='word_1_291' title='bbox 1473 3163 1780 3237; x_wconf 74' lang='lat' dir='ltr'>potestate</span> <span class='ocrx_word' id='word_1_292' title='bbox 1804 3160 2037 3237; x_wconf 69' lang='lat' dir='ltr'>ipsius:</span> <span class='ocrx_word' id='word_1_293' title='bbox 2060 3160 2267 3223; x_wconf 63' lang='lat' dir='ltr'>redire</span> <span class='ocrx_word' id='word_1_294' title='bbox 2290 3180 2431 3221; x_wconf 79' lang='lat' dir='ltr'>vero</span> <span class='ocrx_word' id='word_1_295' title='bbox 2453 3161 2827 3222; x_wconf 71' lang='lat' dir='ltr'>adsecutum</span> 
     </span>
     <span class='ocr_line' id='line_1_29' title="bbox 375 3259 2833 3342; baseline -0.002 -17"><span class='ocrx_word' id='word_1_296' title='bbox 375 3289 408 3320; x_wconf 87' lang='lat'><strong>‹</strong></span> <span class='ocrx_word' id='word_1_297' title='bbox 443 3264 508 3327; x_wconf 79' lang='lat' dir='ltr'>in</span> <span class='ocrx_word' id='word_1_298' title='bbox 536 3264 675 3327; x_wconf 70' lang='lat' dir='ltr'>eins</span> <span class='ocrx_word' id='word_1_299' title='bbox 700 3264 1009 3342; x_wconf 74' lang='lat' dir='ltr'>potestate</span> <span class='ocrx_word' id='word_1_300' title='bbox 1033 3281 1158 3324; x_wconf 76' lang='lat' dir='ltr'>non</span> <span class='ocrx_word' id='word_1_301' title='bbox 1189 3264 1345 3334; x_wconf 80' lang='lat' dir='ltr'>erat,</span> <span class='ocrx_word' id='word_1_302' title='bbox 1371 3260 1483 3325; x_wconf 84' lang='lat' dir='ltr'>sed</span> <span class='ocrx_word' id='word_1_303' title='bbox 1501 3262 1570 3323; x_wconf 75' lang='lat' dir='ltr'>in</span> <span class='ocrx_word' id='word_1_304' title='bbox 1594 3263 1902 3339; x_wconf 78' lang='lat' dir='ltr'>potestate</span> <span class='ocrx_word' id='word_1_305' title='bbox 1932 3259 2152 3321; x_wconf 57' lang='lat' dir='ltr'>ntae-iti</span> <span class='ocrx_word' id='word_1_306' title='bbox 2174 3263 2237 3320; x_wconf 86' lang='lat' dir='ltr'>et</span> <span class='ocrx_word' id='word_1_307' title='bbox 2255 3259 2390 3321; x_wconf 70' lang='lat' dir='ltr'>ideo</span> <span class='ocrx_word' id='word_1_308' title='bbox 2421 3263 2723 3339; x_wconf 68' lang='lat' dir='ltr'>quantemz</span> <span class='ocrx_word' id='word_1_309' title='bbox 2746 3262 2833 3320; x_wconf 76' lang='lat' dir='ltr'>ad</span> 
     </span>
     <span class='ocr_line' id='line_1_30' title="bbox 375 3360 2835 3444; baseline -0 -21"><span class='ocrx_word' id='word_1_310' title='bbox 375 3391 406 3423; x_wconf 83' lang='lat'>«</span> <span class='ocrx_word' id='word_1_311' title='bbox 441 3367 652 3444; x_wconf 48' lang='lat' dir='ltr'>ipsam,</span> <span class='ocrx_word' id='word_1_312' title='bbox 687 3364 890 3427; x_wconf 78' lang='lat' dir='ltr'>tenm&#39;t</span> <span class='ocrx_word' id='word_1_313' title='bbox 909 3366 1132 3436; x_wconf 80' lang='lat' dir='ltr'>votum,</span> <span class='ocrx_word' id='word_1_314' title='bbox 1160 3362 1325 3443; x_wconf 76' lang='lat' dir='ltr'>quod</span> <span class='ocrx_word' id='word_1_315' title='bbox 1343 3365 1490 3442; x_wconf 78' lang='lat' dir='ltr'>post</span> <span class='ocrx_word' id='word_1_316' title='bbox 1509 3362 1634 3423; x_wconf 71' lang='lat' dir='ltr'>viri</span> <span class='ocrx_word' id='word_1_317' title='bbox 1669 3361 1904 3424; x_wconf 73' lang='lat' dir='ltr'>obitum</span> <span class='ocrx_word' id='word_1_318' title='bbox 1937 3364 2139 3423; x_wconf 80' lang='lat' dir='ltr'>tenere</span> <span class='ocrx_word' id='word_1_319' title='bbox 2170 3381 2297 3424; x_wconf 78' lang='lat' dir='ltr'>non</span> <span class='ocrx_word' id='word_1_320' title='bbox 2327 3360 2549 3436; x_wconf 45' lang='lat' dir='ltr'>desii&amp;</span> <span class='ocrx_word' id='word_1_321' title='bbox 2586 3380 2723 3424; x_wconf 74' lang='lat' dir='ltr'>cum</span> <span class='ocrx_word' id='word_1_322' title='bbox 2747 3361 2835 3422; x_wconf 77' lang='lat' dir='ltr'>ad</span> 
     </span>
     <span class='ocr_line' id='line_1_31' title="bbox 377 3464 2832 3548; baseline 0.001 -21"><span class='ocrx_word' id='word_1_323' title='bbox 377 3496 409 3527; x_wconf 68' lang='grc' dir='ltr'>«ι</span> <span class='ocrx_word' id='word_1_324' title='bbox 446 3489 585 3533; x_wconf 73' lang='lat' dir='ltr'>eum</span> <span class='ocrx_word' id='word_1_325' title='bbox 634 3487 867 3540; x_wconf 78' lang='lat' dir='ltr'>casum,</span> <span class='ocrx_word' id='word_1_326' title='bbox 906 3485 1100 3547; x_wconf 82' lang='lat' dir='ltr'>aquo</span> <span class='ocrx_word' id='word_1_327' title='bbox 1132 3467 1360 3548; x_wconf 69' lang='lat' dir='ltr'>efficax</span> <span class='ocrx_word' id='word_1_328' title='bbox 1378 3470 1635 3546; x_wconf 77' lang='lat' dir='ltr'>poterat</span> <span class='ocrx_word' id='word_1_329' title='bbox 1666 3464 1889 3528; x_wconf 81' lang='lat' dir='ltr'>habere</span> <span class='ocrx_word' id='word_1_330' title='bbox 1910 3466 2317 3545; x_wconf 57' lang='lat' dir='ltr'>pr‘e&#39;ncifflfum,</span> <span class='ocrx_word' id='word_1_331' title='bbox 2338 3467 2697 3547; x_wconf 76' lang='lat' dir='ltr'>pervenisse</span> <span class='ocrx_word' id='word_1_332' title='bbox 2727 3486 2832 3530; x_wconf 71' lang='lat' dir='ltr'>reo-</span> 
     </span>
     <span class='ocr_line' id='line_1_32' title="bbox 375 3568 2834 3650; baseline -0.002 -14"><span class='ocrx_word' id='word_1_333' title='bbox 375 3599 410 3629; x_wconf 79' lang='lat'>«</span> <span class='ocrx_word' id='word_1_334' title='bbox 445 3575 681 3636; x_wconf 77' lang='lat' dir='ltr'>scatnr.</span> <span class='ocrx_word' id='word_1_335' title='bbox 725 3568 1088 3634; x_wconf 73' lang='lat' dir='ltr'>Consultius</span> <span class='ocrx_word' id='word_1_336' title='bbox 1125 3570 1334 3650; x_wconf 68' lang='lat' dir='ltr'>imqoeae</span> <span class='ocrx_word' id='word_1_337' title='bbox 1368 3568 1631 3632; x_wconf 76' lang='lat' dir='ltr'>dicimus</span> <span class='ocrx_word' id='word_1_338' title='bbox 1662 3572 1725 3630; x_wconf 78' lang='lat' dir='ltr'>et</span> <span class='ocrx_word' id='word_1_339' title='bbox 1751 3569 1811 3630; x_wconf 74' lang='lat' dir='ltr'>ei</span> <span class='ocrx_word' id='word_1_340' title='bbox 1846 3570 2287 3650; x_wconf 73' lang='lat' dir='ltr'>conqrvoentius</span> <span class='ocrx_word' id='word_1_341' title='bbox 2317 3569 2407 3632; x_wconf 79' lang='lat' dir='ltr'>ad</span> <span class='ocrx_word' id='word_1_342' title='bbox 2446 3569 2730 3642; x_wconf 76' lang='lat' dir='ltr'>salu-tem,</span> <span class='ocrx_word' id='word_1_343' title='bbox 2766 3574 2834 3631; x_wconf 77' lang='lat' dir='ltr'>nt</span> 
     </span>
     <span class='ocr_line' id='line_1_33' title="bbox 378 3669 2835 3752; baseline 0.001 -20"><span class='ocrx_word' id='word_1_344' title='bbox 378 3700 410 3732; x_wconf 85' lang='lat'>«</span> <span class='ocrx_word' id='word_1_345' title='bbox 440 3673 527 3737; x_wconf 76' lang='lat' dir='ltr'>acl</span> <span class='ocrx_word' id='word_1_346' title='bbox 558 3673 1011 3737; x_wconf 74' lang='lat' dir='ltr'>momstcrium</span> <span class='ocrx_word' id='word_1_347' title='bbox 1041 3671 1274 3744; x_wconf 79' lang='lat' dir='ltr'>redeat,</span> <span class='ocrx_word' id='word_1_348' title='bbox 1313 3670 1423 3734; x_wconf 67' lang='lat' dir='ltr'>ubi</span> <span class='ocrx_word' id='word_1_349' title='bbox 1459 3670 1617 3734; x_wconf 74' lang='lat' dir='ltr'>bona</span> <span class='ocrx_word' id='word_1_350' title='bbox 1650 3669 1835 3733; x_wconf 83' lang='lat' dir='ltr'>ducta</span> <span class='ocrx_word' id='word_1_351' title='bbox 1883 3671 1949 3733; x_wconf 80' lang='lat' dir='ltr'>in</span> <span class='ocrx_word' id='word_1_352' title='bbox 1957 3674 2051 3733; x_wconf 81' lang='lat' dir='ltr'>ten</span> <span class='ocrx_word' id='word_1_353' title='bbox 2063 3672 2222 3735; x_wconf 77' lang='lat' dir='ltr'>tione</span> <span class='ocrx_word' id='word_1_354' title='bbox 2254 3672 2708 3752; x_wconf 69' lang='lat' dir='ltr'>professionem-</span> <span class='ocrx_word' id='word_1_355' title='bbox 2752 3671 2835 3749; x_wconf 66' lang='lat' dir='ltr'>te-</span> 
     </span>
     <span class='ocr_line' id='line_1_34' title="bbox 379 3773 2831 3857; baseline -0.001 -16"><span class='ocrx_word' id='word_1_356' title='bbox 379 3803 411 3833; x_wconf 84' lang='lat'><strong>«</strong></span> <span class='ocrx_word' id='word_1_357' title='bbox 441 3780 617 3841; x_wconf 83' lang='lat' dir='ltr'>cerat</span> <span class='ocrx_word' id='word_1_358' title='bbox 645 3780 708 3839; x_wconf 86' lang='lat' dir='ltr'>et</span> <span class='ocrx_word' id='word_1_359' title='bbox 741 3774 1023 3839; x_wconf 72' lang='lat' dir='ltr'>habitum</span> <span class='ocrx_word' id='word_1_360' title='bbox 1043 3775 1372 3857; x_wconf 73' lang='lat' dir='ltr'>reliqionis</span> <span class='ocrx_word' id='word_1_361' title='bbox 1394 3775 1643 3853; x_wconf 73' lang='lat' dir='ltr'>accepit.</span> <span class='ocrx_word' id='word_1_362' title='bbox 1673 3773 1745 3837; x_wconf 69' lang='lat' dir='ltr'>Sa:</span> <span class='ocrx_word' id='word_1_363' title='bbox 1775 3795 1915 3837; x_wconf 84' lang='lat' dir='ltr'>vero</span> <span class='ocrx_word' id='word_1_364' title='bbox 1946 3775 2163 3839; x_wconf 76' lang='lat' dir='ltr'>adhoc</span> <span class='ocrx_word' id='word_1_365' title='bbox 2186 3777 2404 3840; x_wconf 72' lang='lat' dir='ltr'>induci</span> <span class='ocrx_word' id='word_1_366' title='bbox 2431 3797 2557 3839; x_wconf 76' lang='lat' dir='ltr'>non</span> <span class='ocrx_word' id='word_1_367' title='bbox 2576 3777 2831 3856; x_wconf 75' lang='lat' dir='ltr'>poterit,</span> 
     </span>
     <span class='ocr_line' id='line_1_35' title="bbox 380 3875 2836 3960; baseline 0.001 -22"><span class='ocrx_word' id='word_1_368' title='bbox 380 3906 413 3938; x_wconf 83' lang='lat'>‹</span> <span class='ocrx_word' id='word_1_369' title='bbox 445 3881 649 3959; x_wconf 55' lang='lat' dir='ltr'>ipsam</span> <span class='ocrx_word' id='word_1_370' title='bbox 686 3879 952 3941; x_wconf 68' lang='lat' dir='ltr'>invitam</span> <span class='ocrx_word' id='word_1_371' title='bbox 986 3897 1113 3941; x_wconf 72' lang='lat' dir='ltr'>non</span> <span class='ocrx_word' id='word_1_372' title='bbox 1149 3877 1501 3959; x_wconf 77' lang='lat' dir='ltr'>coqendam.</span> <span class='ocrx_word' id='word_1_373' title='bbox 1539 3875 1727 3954; x_wconf 80' lang='lat' dir='ltr'>Nota,</span> <span class='ocrx_word' id='word_1_374' title='bbox 1773 3897 2022 3960; x_wconf 83' lang='lat' dir='ltr'>quaeso,</span> <span class='ocrx_word' id='word_1_375' title='bbox 2057 3879 2220 3960; x_wconf 89' lang='lat' dir='ltr'>quod</span> <span class='ocrx_word' id='word_1_376' title='bbox 2267 3879 2573 3942; x_wconf 85' lang='lat' dir='ltr'>sententia</span> <span class='ocrx_word' id='word_1_377' title='bbox 2618 3879 2836 3942; x_wconf 85' lang='lat' dir='ltr'>Ponti-</span> 
     </span>
     <span class='ocr_line' id='line_1_36' title="bbox 382 3979 2831 4062; baseline -0.002 -15"><span class='ocrx_word' id='word_1_378' title='bbox 382 4007 414 4039; x_wconf 79' lang='lat'><strong>«</strong></span> <span class='ocrx_word' id='word_1_379' title='bbox 447 3981 574 4047; x_wconf 87' lang='lat' dir='ltr'>ficis</span> <span class='ocrx_word' id='word_1_380' title='bbox 606 3983 762 4054; x_wconf 88' lang='lat' dir='ltr'>erat,</span> <span class='ocrx_word' id='word_1_381' title='bbox 797 3979 963 4062; x_wconf 90' lang='lat' dir='ltr'>quod</span> <span class='ocrx_word' id='word_1_382' title='bbox 993 3979 1104 4044; x_wconf 84' lang='lat' dir='ltr'>illa</span> <span class='ocrx_word' id='word_1_383' title='bbox 1134 3980 1376 4053; x_wconf 86' lang='lat' dir='ltr'>mulier,</span> <span class='ocrx_word' id='word_1_384' title='bbox 1403 3980 1521 4043; x_wconf 88' lang='lat' dir='ltr'>etsi</span> <span class='ocrx_word' id='word_1_385' title='bbox 1547 3979 1622 4043; x_wconf 89' lang='lat' dir='ltr'>ab</span> <span class='ocrx_word' id='word_1_386' title='bbox 1647 3980 1827 4044; x_wconf 88' lang='lat' dir='ltr'>initio</span> <span class='ocrx_word' id='word_1_387' title='bbox 1853 3998 2096 4044; x_wconf 88' lang='lat' dir='ltr'>servare</span> <span class='ocrx_word' id='word_1_388' title='bbox 2119 3998 2241 4043; x_wconf 91' lang='lat' dir='ltr'>non</span> <span class='ocrx_word' id='word_1_389' title='bbox 2265 3979 2593 4043; x_wconf 86' lang='lat' dir='ltr'>tenebatur</span> <span class='ocrx_word' id='word_1_390' title='bbox 2616 3982 2831 4042; x_wconf 87' lang='lat' dir='ltr'>votum</span> 
     </span>
     <span class='ocr_line' id='line_1_37' title="bbox 384 4082 2833 4165; baseline -0.001 -18"><span class='ocrx_word' id='word_1_391' title='bbox 384 4111 414 4140; x_wconf 81' lang='lat'>«</span> <span class='ocrx_word' id='word_1_392' title='bbox 447 4082 804 4149; x_wconf 87' lang='lat' dir='ltr'>remanendi</span> <span class='ocrx_word' id='word_1_393' title='bbox 835 4083 896 4147; x_wconf 91' lang='lat' dir='ltr'>in</span> <span class='ocrx_word' id='word_1_394' title='bbox 929 4083 1326 4156; x_wconf 89' lang='lat' dir='ltr'>monasterio,</span> <span class='ocrx_word' id='word_1_395' title='bbox 1362 4101 1498 4145; x_wconf 89' lang='lat' dir='ltr'>cum</span> <span class='ocrx_word' id='word_1_396' title='bbox 1544 4084 1704 4146; x_wconf 86' lang='lat' dir='ltr'>esset</span> <span class='ocrx_word' id='word_1_397' title='bbox 1736 4083 1850 4146; x_wconf 87' lang='lat' dir='ltr'>sub</span> <span class='ocrx_word' id='word_1_398' title='bbox 1897 4084 2206 4165; x_wconf 83' lang='lat' dir='ltr'>potestate</span> <span class='ocrx_word' id='word_1_399' title='bbox 2252 4082 2388 4159; x_wconf 84' lang='lat' dir='ltr'>viri,</span> <span class='ocrx_word' id='word_1_400' title='bbox 2437 4083 2579 4164; x_wconf 84' lang='lat' dir='ltr'>post</span> <span class='ocrx_word' id='word_1_401' title='bbox 2627 4083 2833 4145; x_wconf 86' lang='lat' dir='ltr'>tamen</span> 
     </span>
     <span class='ocr_line' id='line_1_38' title="bbox 384 4184 2838 4269; baseline -0.002 -18"><span class='ocrx_word' id='word_1_402' title='bbox 384 4213 416 4242; x_wconf 81' lang='lat'><strong>«</strong></span> <span class='ocrx_word' id='word_1_403' title='bbox 449 4186 564 4251; x_wconf 85' lang='lat' dir='ltr'>viri</span> <span class='ocrx_word' id='word_1_404' title='bbox 596 4185 842 4250; x_wconf 89' lang='lat' dir='ltr'>obitum</span> <span class='ocrx_word' id='word_1_405' title='bbox 874 4185 953 4250; x_wconf 87' lang='lat' dir='ltr'>ad</span> <span class='ocrx_word' id='word_1_406' title='bbox 983 4184 1140 4249; x_wconf 81' lang='lat' dir='ltr'>inud</span> <span class='ocrx_word' id='word_1_407' title='bbox 1172 4184 1698 4269; x_wconf 86' lang='lat' dir='ltr'>obstringebatur:</span> <span class='ocrx_word' id='word_1_408' title='bbox 1727 4186 1973 4249; x_wconf 87' lang='lat' dir='ltr'>constat</span> <span class='ocrx_word' id='word_1_409' title='bbox 1997 4203 2067 4249; x_wconf 84' lang='lat' dir='ltr'>ex</span> <span class='ocrx_word' id='word_1_410' title='bbox 2092 4184 2322 4248; x_wconf 86' lang='lat' dir='ltr'>verbis:</span> <span class='ocrx_word' id='word_1_411' title='bbox 2357 4184 2451 4247; x_wconf 82' lang='lat' dir='ltr'>Et</span> <span class='ocrx_word' id='word_1_412' title='bbox 2476 4185 2613 4248; x_wconf 63' lang='lat' dir='ltr'>idco</span> <span class='ocrx_word' id='word_1_413' title='bbox 2645 4206 2838 4265; x_wconf 74' lang='lat' dir='ltr'>quan-</span> 
     </span>
     <span class='ocr_line' id='line_1_39' title="bbox 381 4287 2836 4369; baseline 0 -19"><span class='ocrx_word' id='word_1_414' title='bbox 381 4314 413 4344; x_wconf 81' lang='lat'><strong>«</strong></span> <span class='ocrx_word' id='word_1_415' title='bbox 449 4292 579 4352; x_wconf 77' lang='lat' dir='ltr'>tam</span> <span class='ocrx_word' id='word_1_416' title='bbox 600 4287 694 4351; x_wconf 78' lang='lat' dir='ltr'>ad</span> <span class='ocrx_word' id='word_1_417' title='bbox 716 4288 918 4367; x_wconf 77' lang='lat' dir='ltr'>ipsam</span> <span class='ocrx_word' id='word_1_418' title='bbox 943 4289 1145 4351; x_wconf 77' lang='lat' dir='ltr'>tenuit</span> <span class='ocrx_word' id='word_1_419' title='bbox 1164 4291 1368 4351; x_wconf 76' lang='lat' dir='ltr'>votam</span> <span class='ocrx_word' id='word_1_420' title='bbox 1390 4288 1714 4369; x_wconf 74' lang='lat' dir='ltr'>quodpost</span> <span class='ocrx_word' id='word_1_421' title='bbox 1739 4289 1861 4349; x_wconf 74' lang='lat' dir='ltr'>riri</span> <span class='ocrx_word' id='word_1_422' title='bbox 1882 4287 2113 4350; x_wconf 74' lang='lat' dir='ltr'>obitum.</span> <span class='ocrx_word' id='word_1_423' title='bbox 2142 4292 2343 4352; x_wconf 67' lang='lat' dir='ltr'>tenere</span> <span class='ocrx_word' id='word_1_424' title='bbox 2369 4310 2494 4352; x_wconf 76' lang='lat' dir='ltr'>non·</span> <span class='ocrx_word' id='word_1_425' title='bbox 2518 4289 2705 4352; x_wconf 66' lang='lat' dir='ltr'>desiit</span> <span class='ocrx_word' id='word_1_426' title='bbox 2726 4292 2836 4351; x_wconf 80' lang='lat' dir='ltr'>etc.</span> 
     </span>
     <span class='ocr_line' id='line_1_40' title="bbox 385 4389 2843 4473; baseline -0.002 -18"><span class='ocrx_word' id='word_1_427' title='bbox 385 4415 418 4448; x_wconf 78' lang='lat'><strong>«</strong></span> <span class='ocrx_word' id='word_1_428' title='bbox 455 4391 534 4456; x_wconf 87' lang='lat' dir='ltr'>Et</span> <span class='ocrx_word' id='word_1_429' title='bbox 565 4391 757 4456; x_wconf 87' lang='lat' dir='ltr'>huius</span> <span class='ocrx_word' id='word_1_430' title='bbox 788 4390 1097 4456; x_wconf 84' lang='lat' dir='ltr'>rationem</span> <span class='ocrx_word' id='word_1_431' title='bbox 1128 4391 1354 4455; x_wconf 87' lang='lat' dir='ltr'>clarius</span> <span class='ocrx_word' id='word_1_432' title='bbox 1387 4390 1652 4473; x_wconf 83' lang='lat' dir='ltr'>explicat</span> <span class='ocrx_word' id='word_1_433' title='bbox 1683 4389 1907 4455; x_wconf 82' lang='lat' dir='ltr'>Glossa</span> <span class='ocrx_word' id='word_1_434' title='bbox 1936 4391 2018 4454; x_wconf 91' lang='lat' dir='ltr'>ib.</span> <span class='ocrx_word' id='word_1_435' title='bbox 2054 4390 2287 4456; x_wconf 87' lang='lat' dir='ltr'>dicens:</span> <span class='ocrx_word' id='word_1_436' title='bbox 2320 4389 2394 4455; x_wconf 65' lang='lat'>82·</span> <span class='ocrx_word' id='word_1_437' title='bbox 2424 4412 2525 4456; x_wconf 87' lang='lat' dir='ltr'>res</span> <span class='ocrx_word' id='word_1_438' title='bbox 2555 4393 2722 4455; x_wconf 77' lang='lat' dir='ltr'>venit</span> <span class='ocrx_word' id='word_1_439' title='bbox 2756 4392 2843 4452; x_wconf 78' lang='lat' dir='ltr'>ad</span> 
     </span>
     <span class='ocr_line' id='line_1_41' title="bbox 386 4492 2834 4576; baseline 0.003 -26"><span class='ocrx_word' id='word_1_440' title='bbox 386 4517 416 4550; x_wconf 87' lang='lat'>«</span> <span class='ocrx_word' id='word_1_441' title='bbox 454 4514 592 4556; x_wconf 74' lang='lat' dir='ltr'>ewn</span> <span class='ocrx_word' id='word_1_442' title='bbox 613 4497 870 4568; x_wconf 74' lang='lat' dir='ltr'>statum,</span> <span class='ocrx_word' id='word_1_443' title='bbox 895 4493 938 4557; x_wconf 80' lang='lat' dir='ltr'>a</span> <span class='ocrx_word' id='word_1_444' title='bbox 959 4514 1078 4576; x_wconf 76' lang='lat' dir='ltr'>quo</span> <span class='ocrx_word' id='word_1_445' title='bbox 1103 4493 1370 4574; x_wconf 76' lang='lat' dir='ltr'>incipere</span> <span class='ocrx_word' id='word_1_446' title='bbox 1385 4494 1566 4573; x_wconf 71' lang='lat' dir='ltr'>potui</span> <span class='ocrx_word' id='word_1_447' title='bbox 1571 4497 1611 4567; x_wconf 93' lang='lat' dir='ltr'>t,</span> <span class='ocrx_word' id='word_1_448' title='bbox 1640 4496 1820 4566; x_wconf 79' lang='lat' dir='ltr'>tenet,</span> <span class='ocrx_word' id='word_1_449' title='bbox 1848 4494 2095 4556; x_wconf 65' lang='lat' dir='ltr'>etiamsi</span> <span class='ocrx_word' id='word_1_450' title='bbox 2121 4492 2202 4556; x_wconf 85' lang='lat' dir='ltr'>ab</span> <span class='ocrx_word' id='word_1_451' title='bbox 2226 4494 2410 4558; x_wconf 66' lang='lat' dir='ltr'>initio</span> <span class='ocrx_word' id='word_1_452' title='bbox 2434 4515 2560 4558; x_wconf 75' lang='lat' dir='ltr'>non</span> <span class='ocrx_word' id='word_1_453' title='bbox 2586 4498 2834 4558; x_wconf 71' lang='lat' dir='ltr'>teneret.</span> 
     </span>
     <span class='ocr_line' id='line_1_42' title="bbox 387 4595 2839 4672; baseline -0 -12"><span class='ocrx_word' id='word_1_454' title='bbox 387 4619 420 4652; x_wconf 83' lang='lat'>«</span> <span class='ocrx_word' id='word_1_455' title='bbox 451 4597 555 4672; x_wconf 80' lang='lat' dir='ltr'>At,</span> <span class='ocrx_word' id='word_1_456' title='bbox 605 4596 722 4661; x_wconf 86' lang='lat' dir='ltr'>boc</span> <span class='ocrx_word' id='word_1_457' title='bbox 770 4615 892 4662; x_wconf 93' lang='lat' dir='ltr'>non</span> <span class='ocrx_word' id='word_1_458' title='bbox 924 4596 1229 4672; x_wconf 88' lang='lat' dir='ltr'>obstante,</span> <span class='ocrx_word' id='word_1_459' title='bbox 1278 4595 1561 4660; x_wconf 84' lang='lat' dir='ltr'>Pontifex</span> <span class='ocrx_word' id='word_1_460' title='bbox 1607 4596 1865 4670; x_wconf 85' lang='lat' dir='ltr'>censuit,</span> <span class='ocrx_word' id='word_1_461' title='bbox 1899 4596 2221 4661; x_wconf 91' lang='lat' dir='ltr'>mulierem</span> <span class='ocrx_word' id='word_1_462' title='bbox 2266 4598 2529 4663; x_wconf 87' lang='lat' dir='ltr'>invitam</span> <span class='ocrx_word' id='word_1_463' title='bbox 2577 4618 2697 4663; x_wconf 92' lang='lat' dir='ltr'>non</span> <span class='ocrx_word' id='word_1_464' title='bbox 2744 4616 2839 4660; x_wconf 86' lang='lat' dir='ltr'>co-</span> 
     </span>
    </p>
   </div>
  </div>
 </body>
</html>
