3529 5158
679 356 788 411 424
1190 368 1401 409 macr.
1441 367 1530 407 111.
1569 367 1655 407 nm
1692 365 1973 407 nmmos.
2013 366 2213 408 carun·
2248 369 2330 409 ιν.
2371 368 2515 409 nun.
2555 369 2635 410 ιν.
3000 355 3141 432 [441]

679 465 903 547 Itaque
933 465 989 528 si
1021 464 1449 541 confessarius,
1499 464 1691 528 inscio
1725 463 2094 546 poenitente,
2128 464 2649 548 dispensationem
2678 467 2916 548 peteret
2946 468 3012 532 et
3042 469 3141 533 ob-

682 566 909 631 tineret
939 567 1002 630 in
1037 567 1245 649 aliquo
1277 567 1740 650 impedimento,
1764 567 1840 630 ut
1869 566 2295 631 convalidetur
2325 568 2816 645 matrimonium,
2851 570 3010 634 nihil
3040 590 3141 636 va-

679 667 851 747 lebit,
887 669 1006 733 nisi
1037 668 1356 752 poenitens
1388 689 1527 735 eam
1564 669 1860 752 acceptet.

768 772 903 836 Imo
938 772 1048 836 alii
1078 772 1417 837 extendunt
1446 774 1792 857 generatim
1822 774 1981 838 hanc
2019 792 2319 850 normam,
2353 775 2427 837 ut
2458 773 2833 856 dispensatio
2865 793 3010 838 cum
3041 775 3139 839 ab·

680 874 850 937 sente
897 876 960 938 et
1006 893 1293 940 concessa
1339 876 1570 958 absque
1616 876 1750 940 eius
1787 876 2104 953 mandato,
2138 876 2359 940 debeat
2390 875 2468 938 ab
2499 895 2569 940 eo
2603 877 2944 959 acceptari;
2994 878 3139 958 quia

679 977 884 1060 gratia
918 978 1117 1042 trahit
1139 997 1347 1043 secum
1378 979 1729 1042 imbibitam
1753 978 2188 1043 conditionem.
2225 1004 2259 1036 «
2286 976 2360 1041 Se·
2387 978 2476 1041 sit
2487 977 2737 1058 placita
2766 979 2831 1042 et
2865 982 3055 1060 ,orata
3076 1006 3137 1044 ».

786 1137 1003 1192 XCVHl.
1030 1140 1267 1206 QuaereS,
1292 1142 1383 1200 An,
1409 1145 1631 1191 cessante
1668 1152 1812 1191 causa
1853 1137 2243 1204 dispensationis,
2273 1144 2430 1191 cesset
2468 1138 2616 1204 ipsa?

789 1225 937 1290 Resp.
967 1227 1055 1276 Pro
1088 1228 1182 1277 boc
1219 1222 1436 1277 servient
1473 1230 1734 1289 sequentes
1772 1226 2001 1288 Regulae.

903 1308 950 1359 ¹⁰
975 1307 1027 1361 Si
1053 1314 1236 1361 tantum
1261 1307 1525 1375 impulsiva
1549 1323 1635 1362 seu
1664 1308 1823 1362 minus
1847 1308 2125 1375 principalis
2143 1323 2291 1363 causa
2317 1315 2497 1374 cesset,
2522 1317 2685 1366 manet
2710 1310 3029 1378 dispensatio.

896 1393 951 1445 2ο
975 1392 1074 1446 Etsi
1092 1399 1251 1446 cesset
1277 1407 1391 1459 pars
1412 1407 1587 1447 causae
1613 1392 1830 1447 motivae
1850 1409 1936 1448 seu
1959 1392 2253 1461 principalis,
2273 1401 2432 1448 manet
2452 1393 2779 1461 dispensatio:
2797 1411 2845 1448 v.
2864 1395 3005 1450 Dian.
3027 1412 3074 1464 p.
3089 1400 3140 1450 8.

680 1481 712 1529 t.
740 1478 787 1528 3.
816 1492 854 1529 r.
882 1479 967 1531 62.

895 1565 954 1615 30
975 1562 1043 1624 Si,
1063 1562 1321 1615 commissa
1344 1565 1570 1616 facultate
1590 1562 1919 1628 dispensandi,
1942 1562 2221 1629 priusquam
2251 1563 2570 1630 dispensetur,
2590 1571 2750 1617 cesset
2769 1564 2967 1618 omnino
2994 1580 3138 1618 causa

682 1645 980 1714 principalia,
1006 1649 1136 1702 nulla
1175 1654 1250 1701 est
1287 1646 1607 1714 dispensatio.

896 1731 952 1784 4⁰
977 1732 1046 1795 si,
1073 1732 1436 1799 dispensatione
1462 1734 1659 1786 redacta
1684 1735 1743 1786 ad
1777 1740 1937 1787 actum
1962 1732 2356 1799 irrevocabilem,
2376 1741 2539 1789 cesset
2576 1740 2676 1788 tota
2715 1749 2879 1798 causa,
2907 1750 3003 1788 non
3029 1734 3141 1789 ideo

679 1823 839 1870 cessat
879 1820 957 1870 vel
999 1816 1095 1870 vim
1121 1817 1323 1872 amittit:
1356 1833 1402 1870 v.
1427 1833 1499 1881 gr.
1529 1816 1861 1885 dispensatum
1889 1817 1976 1871 tuit
2000 1817 2050 1872 in
2082 1818 2426 1885 impedimento
2462 1819 2913 1884 consanguinitatis
2947 1828 3142 1887 propter

678 1907 1015 1966 paupertatem
1046 1900 1264 1965 feminae,
1286 1901 1415 1968 licet,
1442 1910 1693 1957 contracto
1722 1901 2048 1967 matrimoniO,
2077 1901 2275 1957 divitias
2300 1903 2535 1966 obtineat,
2560 1918 2655 1956 non
2681 1910 2757 1956 est
2782 1903 2991 1958 irritum.
3013 1907 3143 1957 idem

678 1991 770 2047 est,
798 1984 841 2037 si
867 1985 1154 2039 beneficium
1183 2002 1270 2053 per
1299 1987 1711 2054 dispensationem
1738 1986 2010 2040 obtinueris
2036 1993 2084 2040 et
2112 1993 2282 2054 postea
2310 1995 2469 2041 cesset
2497 2002 2659 2053 causa,
2686 1990 2749 2040 ob
2776 2003 2920 2053 quam
2954 1988 3144 2057 dispen-

675 2075 835 2122 satum
875 2068 978 2123 tuit.

894 2156 950 2209 5⁰
970 2155 1024 2208 Si
1044 2160 1166 2210 tacta
1185 2157 1565 2223 dispensatione,
1584 2164 1742 2212 cesset
1763 2157 1959 2211 omnino
1980 2172 2126 2211 causa
2149 2159 2308 2211 finalis
2332 2165 2382 2212 et
2398 2166 2536 2213 actus
2558 2159 2712 2227 possit
2732 2159 2874 2214 facile
2893 2160 3136 2223 revocari,

681 2253 732 2290 v.
753 2253 827 2304 gr.
850 2240 1182 2307 dispensatum
1209 2250 1284 2297 est
1309 2242 1359 2296 in
1384 2251 1502 2299 voto
1526 2243 1768 2297 castitatis
1794 2251 1993 2311 propter
2021 2246 2335 2297 vehementes
2361 2243 2671 2308 tentationes,
2690 2258 2817 2311 quae
2843 2253 3017 2312 postea
3044 2261 3143 2299 ces-

682 2330 806 2388 sant,
835 2340 892 2377 an
921 2325 1187 2382 reviviscat
1213 2332 1415 2381 votum?
1439 2331 1513 2381 vel
1541 2328 1587 2381 in
1621 2335 1883 2394 praecepto
1909 2326 2148 2381 recitandi
2174 2331 2348 2392 Horas,
2376 2328 2638 2393 ieiunandi,
2666 2337 2760 2383 etc.
2788 2336 2991 2396 propter
3015 2328 3144 2383 intir-

681 2406 898 2464 mitatem
925 2418 972 2463 et
999 2417 1167 2477 postea
1194 2412 1508 2474 convalescit,
1535 2428 1594 2465 an
1635 2420 1859 2466 teneatur
1899 2411 2126 2475 recitare,
2163 2411 2380 2466 ieiunare
2419 2417 2549 2466 etc?
2578 2415 2801 2466 Affirmat
2832 2416 3013 2467 Sanch.
3040 2414 3074 2467 1.
3102 2430 3142 2465 c.

682 2495 807 2562 disp.
824 2499 908 2549 30.
926 2498 1094 2559 Amic„
1117 2500 1296 2552 Portet.
1311 2502 1490 2552 Bonae.
1508 2506 1599 2551 etc.
1613 2513 1627 2565 3
1644 2499 1754 2564 quia
1784 2498 1905 2552 alias
1931 2514 2024 2551 non
2046 2504 2176 2551 esset
2199 2498 2344 2552 iusta.
2367 2497 2646 2563 Negativam
2668 2507 2827 2552 tamen
2849 2499 3142 2552 sententiam

679 2582 981 2647 probabilem
1002 2584 1117 2637 etin
1145 2584 1284 2650 praxi
1312 2591 1461 2637 tutam
1491 2598 1597 2637 esse
1618 2591 1788 2637 censet
1810 2584 1950 2636 Dian.
1965 2600 2012 2651 p.
2036 2587 2083 2637 8.
2100 2590 2133 2637 t.
2157 2587 2204 2637 3.
2226 2598 2268 2637 r.
2294 2584 2377 2637 24.
2399 2599 2461 2638 ex
2483 2586 2743 2638 Sator-an.
2765 2590 2861 2637 etc.
2883 2583 2926 2636 si
2947 2583 3142 2650 quidem

678 2666 978 2733 dispensatio
1017 2668 1163 2722 tuerit
1198 2670 1447 2736 absoluta;
1474 2669 1588 2734 quia
1613 2668 1847 2731 obligatio
1885 2669 2010 2733 legis
2045 2670 2195 2723 semel
2236 2668 2475 2723 exstincta
2511 2683 2606 2722 non
2643 2667 2897 2722 reviviscit
2935 2676 2985 2722 et
3011 2671 3143 2735 quod

677 2752 976 2805 destructum
1015 2759 1107 2819 est,
1134 2767 1228 2806 non
1256 2753 1616 2818 reproducitur,
1646 2753 1738 2806 nisi
1776 2757 1835 2806 ab
1863 2767 1939 2816 e0,
1966 2754 2048 2819 qui
2087 2756 2358 2821 producere
2395 2761 2574 2821 potest.
2604 2753 2716 2809 vid.
2744 2756 2889 2807 Suar.
2922 2752 2992 2808 de
3018 2756 3141 2825 Leq.

679 2850 723 2888 c.
751 2837 834 2888 22.
863 2838 1032 2900 Laym.
1061 2840 1092 2889 l.
1114 2852 1156 2891 c.
1178 2852 1259 2890 nn.
1291 2839 1371 2892 l5.
1402 2840 1484 2891 ⁴6.
1507 2840 1735 2904 Praepos.
1758 2846 1869 2902 etc„
1890 2837 1974 2904 qui
2000 2847 2134 2893 recte
2159 2840 2211 2893 id
2238 2841 2524 2904 concedunt,
2553 2841 2746 2905 quando
2772 2853 2871 2894 non
2897 2848 2974 2894 est
2999 2842 3065 2894 de
3090 2853 3141 2893 re

677 2917 876 2972 dividua
905 2928 951 2973 et
979 2921 1257 2976 successiva
1267 2937 1284 2990 3
1314 2923 1434 2976 alias
1473 2930 1662 2987 negant.
1691 2923 1846 2985 Unde,
1873 2922 2126 2990 supposita
2165 2924 2508 2992 probabilitate
2545 2924 2815 2979 sententiae
2865 2925 3137 2989 negativae,

679 3006 830 3057 Gran.
872 3004 1041 3072 Diana,
1077 3015 1169 3062 etc.
1211 3016 1471 3075 sequentes
1508 3010 1662 3064 Casus
1699 3006 1771 3078 (in
1810 3007 1987 3074 quibus
2026 3016 2187 3064 tamen
2226 3010 2309 3063 alii
2348 3010 2521 3064 melius
2561 3009 2859 3064 contrarium
2903 3011 3137 3074 sentiunt)

678 3092 947 3145 resolvunt.

894 3178 947 3230 ·l⁰
969 3179 1093 3234 Cum
1119 3194 1216 3245 quo
1244 3178 1578 3247 dispensatum
1602 3187 1678 3234 est
1703 3187 1907 3247 propter
1944 3183 2164 3234 morbum
2189 3180 2238 3234 in
2265 3195 2352 3234 esu
2379 3180 2617 3246 carnium,
2646 3187 2809 3247 potest
2837 3182 2995 3244 vesci,
3021 3181 3136 3236 licet

677 3260 872 3313 omnino
911 3266 1238 3317 convalescat.
2154 3285 2163 3290 “

894 3352 947 3405 2Ο
967 3351 1090 3407 Cum
1111 3369 1206 3419 quo
1230 3362 1427 3421 propter
1443 3354 1773 3409 infirmitatem
1795 3354 2124 3421 dispensatum
2145 3354 2286 3408 estin
2313 3361 2427 3408 voto
2450 3353 2716 3420 religionis,
2738 3361 3003 3421 postquam
3031 3371 3139 3410 eon·

679 3435 848 3498 valuit,
878 3452 969 3490 uon
1009 3444 1216 3492 tenetur.
1243 3437 1384 3492 Dian.
1417 3454 1462 3506 p.
1490 3442 1538 3493 6.
1567 3447 1600 3492 t.
1627 3441 1678 3493 7.
1703 3456 1741 3494 r.
1769 3441 1852 3493 45.

891 3525 946 3575 3⁰
972 3523 1094 3576 Cum
1122 3540 1217 3590 quo
1257 3532 1458 3591 propter
1483 3528 1738 3578 oculorum
1778 3524 2106 3578 infirmitatem
2144 3524 2472 3592 dispensatum
2515 3523 2601 3577 tuit
2637 3524 2685 3577 in
2714 3539 2867 3600 onere
2899 3523 3135 3580 recitandi

677 3609 853 3662 Horas.
884 3607 974 3660 etsi
1013 3608 1331 3670 convaluerit,
1361 3623 1453 3661 non
1495 3617 1687 3662 tenetur
1724 3611 1903 3672 legere.

764 3730 925 3804 441.
956 3736 1046 3798 De
1072 3734 1302 3820 regulis
1342 3736 1649 3820 agendum
1683 3737 2060 3815 necessariiS,
2094 3737 2168 3800 ut
2200 3737 2432 3800 sciatur
2465 3755 2543 3800 an
2575 3739 2639 3802 et
2669 3737 2919 3819 quando
2945 3740 3137 3804 cesset

679 3837 1075 3922 dispensatio.

766 3939 825 4004 S.
852 3941 1208 4024 Alphonsus
1234 3961 1303 4005 ex
1328 3941 1640 4006 communi
1668 3941 1947 4005 doctrina
1973 3941 2151 4006 docet
2173 3941 2279 4006 lib.
2327 3942 2382 4005 1.
2418 3962 2477 4005 u.
2525 3942 2669 4006 196.
2708 3943 2912 4009 tribus
2938 3943 3137 4010 modis

676 4062 853 4127 posse
892 4044 1410 4126 dispensationem
1457 4063 1714 4121 cessare,
1756 4044 1821 4106 1Ο
1854 4063 1960 4126 per
2006 4044 2412 4109 cessationem
2443 4063 2685 4122 causae,
2728 4047 2797 4108 20
2831 4067 2940 4131 per
2971 4067 3136 4113 revo-

678 4147 985 4210 cationem
1010 4145 1438 4228 dispensantis,
1467 4147 1538 4209 3⁰
1570 4165 1675 4229 per
1707 4145 2231 4210 renuntiationem
2255 4146 2609 4229 dispensati.
2649 4146 2891 4212 Auctor
2930 4151 3133 4214 tamen

676 4247 750 4310 de
790 4248 987 4328 primo
1014 4248 1262 4311 tantum
1286 4247 1468 4311 modo
1503 4248 1783 4311 disserit:
1812 4247 1885 4310 de
1918 4247 2158 4312 duobus
2192 4248 2330 4312 aliis
2364 4267 2558 4331 pauca
2582 4248 2645 4312 in
2672 4248 2791 4313 fine
2817 4250 3133 4316 addemus.

765 4349 1002 4411 Auctor
1025 4349 1236 4430 itaque
1260 4349 1594 4434 distinguit
1627 4368 1880 4413 causam
1916 4353 2157 4413 tantum
2192 4348 2585 4430 impulsivam
2623 4370 2693 4414 ac
2725 4353 2939 4417 minus
2956 4353 3138 4433 prin-

675 4447 935 4526 cipalem
981 4470 1016 4512 a
1065 4470 1250 4515 causa
1289 4453 1517 4515 motiva
1564 4471 1634 4516 ae
1675 4451 2040 4532 2»·e'nee'palzss,
2089 4472 2277 4535 quam
2317 4453 2706 4517 communius
2746 4454 2882 4518 DD.
2934 4456 3135 4521 solent

678 4551 988 4634 appellare
1020 4571 1272 4616 causam
1300 4553 1574 4633 finalem.
