3529 5158
382 330 532 406 [285]
712 347 796 387 ma
845 347 1317 390 consumunmn
1353 348 1450 389 vis
1486 348 1828 388 initimum.
1867 347 2031 390 cons.
2069 349 2524 391 runmonmms
2739 335 2846 389 309

384 461 715 527 personam
752 444 832 509 ad
876 463 1089 509 veram
1135 447 1197 509 et
1229 445 1577 528 legitimam
1614 446 2060 528 possessionem
2097 450 2435 529 nequeunt3
2479 450 2756 512 attamen
2793 446 2846 510 si

390 548 732 628 utrumque
764 547 919 612 illud
953 547 1230 632 legitime
1262 547 1558 630 probetur
1590 549 1686 612 vel
1719 548 1968 613 aliunde
2003 551 2264 627 constet,
2298 550 2645 613 fundabunt
2682 568 2852 632 prae·

389 648 811 731 sumptionem
855 649 1185 735 privilegii,
1235 652 1309 714 ut
1352 650 1704 714 continuari
1748 651 2104 715 exercitium
2165 652 2317 716 iuris
2372 651 2669 717 hactenus
2714 670 2851 734 pos-

393 750 549 814 sessi
613 752 831 834 possit,
874 752 1063 816 donee
1110 752 1406 834 probetur
1441 753 1842 817 contrarium.
1907 753 1995 816 Ex
2042 753 2159 817 hoe
2205 754 2502 835 sequitur,
2561 753 2853 817 adversus

389 852 696 917 eiusmodi
744 855 991 937 tempus
1021 854 1468 919 immemoriale
1515 856 1706 920 etiam
1737 875 1878 919 cum
1911 855 2078 918 fama
2113 855 2423 939 privilegii
2454 856 2851 919 coniunctum

390 953 644 1018 admitti
660 956 1118 1036 probationem:
1137 957 1423 1038 quamvis
1449 957 1611 1021 enim
1642 958 1877 1021 faciant
1906 958 2489 1039 praesumptionem,
2508 958 2617 1021 illa
2643 960 2853 1021 tamen

391 1058 820 1140 praesumptio
860 1078 933 1122 ex
979 1059 1155 1124 nullo
1194 1061 1372 1124 textu
1417 1060 1572 1123 iuris
1616 1059 1936 1142 probatur,
1971 1058 2135 1140 quod
2182 1059 2265 1123 sit
2311 1059 2465 1122 iuris
2495 1060 2558 1122 et
2596 1058 2670 1122 de
2700 1060 2853 1133 iure,

392 1161 458 1225 et
499 1161 641 1225 hinc
680 1161 734 1225 si
781 1162 1008 1227 vitium
1048 1162 1220 1227 tituli
1267 1163 1332 1227 in
1378 1163 1760 1245 possessione
1807 1161 2111 1226 eiusmodi
2156 1161 2632 1237 demonstretur,
2680 1180 2857 1243 prae-

393 1264 672 1347 sumptio
718 1265 831 1328 illa
877 1264 1122 1330 debebit
1158 1264 1367 1330 cedere
1412 1265 1686 1330 veritati.
1721 1263 2022 1328 Schmalz.
2058 1283 2115 1327 n.
2158 1264 2262 1326 32.

486 1362 666 1436 285.
726 1368 816 1431 1)6
881 1366 1342 1432 consuetudinis
1400 1367 1823 1451 abrogatione.
1888 1365 2066 1445 Quod
2127 1366 2412 1449 abrogari
2476 1366 2854 1430 consuetudo

396 1469 600 1551 possit
645 1488 753 1551 per
782 1469 985 1554 legem
1017 1489 1384 1552 expressam,
1410 1469 1592 1553 plane
1622 1471 1872 1534 constat
1902 1487 1973 1532 ex
2002 1488 2134 1552 cap.
2170 1467 2349 1531 Licet
2381 1469 2438 1531 1.
2479 1467 2554 1530 de
2592 1468 2854 1532 Comae.

389 1571 457 1635 in
493 1571 563 1633 6⁰
601 1572 664 1635 et
693 1591 745 1643 6.
790 1570 947 1636 Cum
992 1571 1476 1636 consuetudinis,
1537 1572 1595 1634 1.
1635 1572 1696 1634 h.
1738 1571 1839 1634 tit.
1890 1573 1952 1634 et
1999 1572 2223 1653 probat
2265 1571 2417 1633 haec
2460 1571 2657 1634 ratio:
2707 1572 2855 1651 quia

389 1675 534 1739 tota
567 1673 660 1737 vis
692 1673 1154 1739 consuetudinis
1192 1676 1287 1738 est
1318 1694 1389 1739 ex
1419 1674 1743 1738 voluntate
1776 1673 2155 1757 legislatoris
2187 1673 2408 1736 saltem
2446 1673 2660 1736 tacita.
2687 1673 2853 1757 Ergo

390 1777 448 1841 si
493 1775 819 1860 legislator
873 1775 1162 1859 disponat
1214 1776 1614 1851 eontrarium,
1664 1775 1757 1838 vis
1805 1794 1917 1839 sua
1966 1774 2200 1858 deperit
2260 1773 2708 1839 consuetudini.
2763 1775 2855 1840 Ut

392 1880 608 1944 autem
656 1879 855 1943 statui
900 1878 1099 1962 possit
1158 1878 1403 1960 quando
1457 1896 1565 1960 per
1607 1877 1808 1962 legem
1864 1878 2167 1960 abrogata
2218 1876 2407 1940 fuerit
2450 1878 2850 1957 consuetudo,

391 1984 721 2064 sequentes
758 1981 1056 2046 tenendae
1093 1981 1241 2045 sunt
1284 1981 1556 2064 regulae.

582 2086 647 2148 1⁰
676 2084 868 2150 Nulla
924 2085 1022 2150 lex
1068 2084 1574 2150 consuetudinem
1636 2084 1920 2167 abrogat,
1968 2082 2088 2146 nisi
2133 2083 2296 2146 clare
2340 2102 2373 2147 e
2418 2083 2720 2148 diametro
2768 2085 2851 2149 sit

392 2190 451 2255 ei
498 2187 829 2254 contraria.
869 2187 1058 2251 Ratio
1106 2190 1220 2264 est,
1252 2187 1400 2268 quia
1445 2184 1826 2250 consuetudo
1873 2187 1967 2249 est
2013 2184 2323 2267 quoddam
2369 2186 2487 2262 ius,
2520 2186 2696 2251 cuius
2728 2206 2857 2251 cor-

392 2291 590 2357 rectio
638 2289 895 2354 vitanda
942 2292 1036 2354 est
1089 2289 1293 2371 quoad
1347 2289 1480 2353 eius
1518 2288 1649 2352 fieri
1696 2288 1913 2370 possit.
1960 2288 2002 2351 l.
2042 2286 2483 2366 Praecipimus
2521 2289 2626 2351 32.
2667 2287 2734 2352 C.
2784 2288 2858 2352 de

394 2391 827 2474 Appellation.

583 2497 653 2558 2⁰
688 2494 853 2578 Lege
891 2493 1230 2558 universali
1277 2495 1619 2576 abrogatur
1680 2491 2061 2558 consuetudo
2109 2512 2301 2574 aeque
2355 2492 2720 2557 universalis
2766 2493 2861 2558 illi

402 2601 712 2685 opposita,
781 2598 900 2663 etsi
945 2599 1008 2662 in
1054 2597 1191 2682 lege
1237 2598 1470 2662 mentio
1517 2597 1703 2661 huius
1749 2597 1917 2660 facta
1962 2615 2083 2660 non
2138 2596 2329 2660 fuerit
2372 2616 2568 2678 neque
2623 2596 2862 2662 adiecta

397 2702 684 2769 clausula
723 2700 933 2782 aliqua
965 2699 1378 2783 derogatoria.
1411 2699 1733 2764 Evincitur
1766 2718 1838 2763 ex
1861 2719 1912 2762 6.
1951 2697 2135 2762 Licet
2167 2699 2223 2761 1.
2264 2697 2338 2761 de
2377 2696 2637 2763 Conste't.
2670 2699 2735 2764 in
2768 2699 2857 2779 6⁰,

404 2806 515 2872 ubi
562 2805 766 2869 solum
814 2802 1226 2887 singularium
1273 2801 1743 2866 consuetudines
1782 2802 2074 2866 dicuntur
2119 2820 2237 2866 non
2287 2801 2577 2887 abrogari
2628 2823 2737 2886 per
2780 2803 2862 2868 le-

399 2930 542 2996 gem
591 2905 960 2994 generalem.
1009 2906 1218 2983 Ratio,
1253 2906 1399 2987 quia
1445 2905 1824 2970 consuetudo
1872 2905 2236 2969 universalis
2274 2925 2395 2969 non
2444 2907 2862 2988 praesumitur

401 3013 695 3098 ignorata
743 3030 779 3075 a
815 3008 1120 3093 principe:
1155 3027 1296 3072 cum
1326 3027 1472 3092 ergo
1517 3007 1721 3091 legem
1766 3007 1861 3070 illi
1908 3008 2282 3071 contrariam
2333 3009 2580 3085 statuit,
2637 3009 2863 3072 intelli-

400 3116 576 3201 gitur
621 3112 778 3177 velle
814 3112 872 3178 ei
907 3111 1222 3195 derogare.

584 3216 656 3279 3⁰
686 3214 850 3299 Lege
881 3212 1217 3290 universali
1248 3230 1371 3276 non
1418 3213 1700 3275 censetur
1739 3209 2029 3294 abrogari
2059 3208 2436 3272 consuetudo
2471 3209 2863 3291 particularis

410 3320 675 3384 alicuius
697 3317 839 3394 loci,
865 3316 985 3380 nisi
1017 3315 1128 3379 illa
1161 3314 1348 3377 huius
1379 3313 1756 3376 mentionem
1787 3311 1999 3388 faciat,
2035 3310 2130 3374 vel
2163 3310 2385 3374 saltem
2418 3310 2683 3374 addatur
2707 3311 2871 3376 clau-

297 3495 309 3507 ,
407 3423 548 3487 sula
596 3419 900 3506 generalis
931 3417 1326 3503 derogatoria
1356 3415 1798 3496 cuiuscumque
1829 3412 2291 3478 consuetudinis
2321 3413 2687 3477 contrariae.
2714 3411 2869 3478 Con-

406 3528 537 3591 stat
585 3545 655 3589 ex
702 3523 808 3588 cit.
858 3542 909 3586 c.
949 3520 1131 3584 Licet
1175 3522 1238 3584 et
1283 3518 1446 3583 ratio
1492 3516 1720 3582 ibidem
1767 3516 1987 3593 datur3
2037 3515 2183 3597 quia
2228 3515 2401 3599 Papa
2448 3517 2546 3581 vel
2590 3518 2868 3601 princeps

406 3627 565 3713 legis
604 3626 889 3692 conditor
937 3623 1210 3687 locorum
1254 3619 1618 3701 specialium
1650 3622 1710 3681 et
1725 3638 2149 3699 personarum
2184 3617 2608 3703 sinyulam'mn
2631 3640 2877 3685 consue-

413 3729 724 3794 tudines...
751 3730 963 3808 potest
993 3722 1412 3806 probabiliter
1458 3722 1749 3805 iynorare
1789 3723 1851 3784 et
1896 3722 2221 3805 propterea
2251 3721 2408 3800 ipsis
2429 3742 2547 3801 per
2582 3724 2875 3786 constitu-

414 3834 642 3899 tionem
688 3852 726 3895 a
775 3851 842 3895 sc
879 3830 1121 3895 noviter
1167 3825 1417 3899 editam,
1457 3825 1588 3888 nisi
1632 3843 1917 3904 expresse
1965 3826 2255 3887 caveatur
2299 3823 2370 3886 in
2416 3824 2576 3902 ipSa,
2622 3844 2748 3887 non
2785 3825 2879 3888 in-

412 3937 721 4020 alligitur
764 3935 837 3997 in
880 3932 1093 4013 aliquo
1129 3930 1446 4011 deroyare.

593 4040 664 4102 4ο
690 4037 856 4120 Lege
905 4033 1155 4118 speciali
1201 4032 1368 4096 facta
1401 4050 1437 4094 a
1483 4029 1753 4113 principe
1802 4028 2104 4111 superiori
2139 4047 2198 4090 v.
2232 4047 2325 4111 gr.
2359 4027 2530 4110 Papa
2564 4028 2658 4091 vel
2704 4029 2874 4115 Rege

413 4164 524 4229 pro
573 4142 790 4223 aliqua
837 4137 1093 4202 civitate
1123 4135 1221 4200 vel
1252 4133 1566 4217 provincia
1598 4151 1746 4196 suae
1771 4130 2045 4207 ditioniS,
2080 4129 2392 4213 probabile
2431 4132 2525 4194 est
2558 4149 2678 4194 non
2704 4131 2878 4197 abro-

414 4246 552 4334 gari
599 4243 701 4308 vel
739 4240 1026 4325 derogari
1071 4235 1500 4303 consuetudini
1531 4232 1895 4317 particulari
1925 4232 2198 4296 eiusdem
2230 4232 2598 4315 provinciae,
2632 4233 2753 4298 nisi
2783 4254 2879 4299 ex-

415 4370 622 4435 presse
674 4343 941 4409 addatur
985 4340 1265 4407 clausula
1312 4336 1725 4423 derogatoria,
1788 4337 1862 4399 ut
1916 4354 1987 4399 ex
2043 4336 2409 4419 argumento
2456 4335 2627 4418 prius
2683 4337 2875 4403 allato

415 4453 662 4538 colligit
701 4447 935 4513 Palaus
963 4446 1008 4509 l.
1049 4465 1100 4509 e.
1134 4465 1194 4508 n.
1246 4442 1307 4505 6.
1344 4441 1559 4523 Neque
1607 4441 1836 4513 obstat,
1886 4439 1973 4502 sic
2018 4439 2219 4522 legem
2265 4437 2397 4502 fieri
2441 4439 2876 4521 frustraneam,

414 4557 581 4643 quod
612 4552 926 4620 neminem
953 4549 1136 4633 liget,
1177 4546 1325 4629 quia
1359 4545 1476 4609 hoc
1507 4543 1579 4607 fit
1610 4562 1715 4626 per
1753 4541 2030 4606 accidens
2063 4542 2139 4606 ob
2171 4542 2675 4607 consuetudinem
2707 4544 2880 4628 igno-

412 4662 641 4727 ratam.
684 4651 991 4718 SchmaIZ.
1024 4670 1084 4715 n.
1133 4650 1238 4713 37.
