3529 5158
377 369 523 445 [668]
941 385 1023 424 An
1062 384 1321 429 vanains
1356 383 1589 430 1>QO
1623 383 1860 427 nonnus
1897 384 2278 426 amru-unam
2716 366 2823 421 587

378 480 630 555 tendae3
670 480 775 545 sed
805 480 971 546 dicta
1018 481 1462 549 diuturnitas...
1503 483 1600 547 est
1642 483 1895 548 tantum
1940 482 2412 547 circumstantia
2459 497 2828 566 aggravans.

375 583 542 668 Ergo
587 584 653 648 in
698 582 1077 649 confessione
1122 583 1375 649 minime
1409 584 1736 667 aperienda
1767 585 1888 649 erit
1919 610 1980 648 ».

467 687 551 750 Et
593 685 806 753 subdit
848 686 1011 752 idem
1057 686 1259 753 Diana
1303 687 1451 753 ibid.
1500 708 1560 753 n.
1610 690 1702 752 4.:
1744 713 1780 747 «
1810 687 2006 752 Notet
2058 688 2175 752 hoc
2228 686 2637 752 confessarius
2683 687 2748 749 et
2795 702 2832 747 a

378 790 597 857 multis
628 789 936 872 scrupulis
972 790 1267 858 immunis
1296 790 1449 866 erit3
1483 809 1628 854 nam
1659 791 1980 873 poenitens
2002 790 2067 855 in
2097 789 2475 855 confessione
2507 785 2833 861 satisfacit,

378 895 630 959 tantum
675 911 740 957 se
778 891 1141 969 accusando,
1182 911 1303 957 non
1334 892 1681 957 restituisse
1718 912 1851 957 rem
1888 893 2187 957 alienam:
2222 912 2331 957 nec
2360 889 2838 975 interrogandus

379 997 476 1061 est
517 995 592 1059 de
639 997 914 1078 tempore
960 998 1025 1060 et
1068 995 1142 1059 de
1188 995 1603 1060 diuturnitate
1649 996 2011 1060 retentionis
2057 996 2150 1060 vel
2201 995 2276 1059 de
2319 1012 2576 1059 numero
2625 1010 2838 1075 pecca-

381 1099 610 1176 torum,
658 1115 818 1180 quae
865 1097 1060 1180 aliqui
1103 1098 1168 1162 in
1213 1097 1331 1162 tali
1375 1097 1788 1163 diuturnitate
1836 1098 2145 1162 committi
2197 1098 2452 1180 putant3
2502 1093 2837 1159 dummodo

372 1204 454 1267 ‚nt
498 1201 766 1266 diximus
812 1220 935 1266 non
982 1201 1372 1285 proposuerit
1415 1200 1743 1265 restituere
1791 1203 1855 1264 et
1900 1203 2115 1283 postea
2161 1201 2408 1265 mutato
2458 1199 2684 1274 animo,
2734 1198 2838 1261 de-

383 1304 810 1377 terminaverit
855 1303 1122 1386 amplius
1166 1303 1630 1369 restitutionem
1674 1322 1797 1389 non
1845 1302 2067 1367 facere:
2116 1321 2276 1385 quae
2315 1301 2522 1366 omnia
2567 1299 2843 1365 notanda

385 1409 553 1483 sunt,
600 1406 748 1488 quia
791 1406 1065 1471 multum
1111 1405 1539 1488 practicabilia
1570 1430 1634 1468 ».

475 1505 645 1580 88⁸1.
679 1508 1022 1574 Dicendum
1057 1509 1309 1573 tandem
1340 1507 1414 1572 de
1451 1527 1709 1571 numero
1737 1510 2136 1586 peccatorum
2167 1506 2237 1568 in
2265 1505 2617 1569 actionibus
2648 1506 2846 1566 exter-

386 1613 511 1685 nis,
551 1612 624 1675 de
655 1630 780 1692 qua
810 1629 877 1674 re
907 1610 981 1674 A.
1017 1610 1153 1692 agit
1183 1613 1246 1675 et
1281 1610 1346 1674 in
1378 1610 1585 1674 Resol.
1622 1611 1682 1672 3.

380 1764 391 1771 .
478 1714 716 1778 Auctor
761 1712 1013 1776 unicum
1059 1711 1315 1775 modum
1349 1711 1601 1787 indicat,
1641 1729 1764 1793 quo
1812 1710 2019 1793 plures
2067 1712 2243 1774 actus
2289 1708 2522 1773 externi
2554 1709 2618 1771 in
2649 1726 2845 1772 unum

388 1814 714 1901 peccatum
758 1813 1153 1891 reducuntur,
1203 1812 1447 1894 quando
1478 1831 1695 1895 nempe
1743 1813 1950 1895 plures
1997 1811 2288 1888 actioneS‚
2328 1811 2474 1875 licet
2520 1809 2848 1874 distinctae

389 1935 670 1993 numero,
719 1916 929 1981 tamen
972 1915 1036 1979 in
1083 1933 1274 1979 unam
1317 1915 1714 1997 principalem
1764 1915 2072 1979 actionem
2118 1914 2313 1978 veluti
2359 1915 2423 1977 in
2470 1913 2654 1977 finem
2700 1911 2848 1975 diri-

388 2019 650 2103 guntur.

484 2120 851 2203 Exemplum
887 2119 1066 2202 ponit
1107 2120 1365 2202 copulae
1400 2120 1686 2198 carnalis,
1722 2121 1799 2184 ad
1829 2140 2020 2203 quam
2064 2120 2444 2185 reducuntur
2490 2117 2720 2192 oscula,
2760 2117 2852 2179 ta-

392 2229 551 2303 ctus,
592 2224 777 2289 verba
815 2222 1127 2307 impudica
1173 2224 1288 2287 etc.
1338 2223 1437 2287 vel
1482 2223 1907 2305 praecedentia
1955 2224 2052 2287 vel
2096 2222 2464 2287 comitantia
2501 2222 2600 2286 vel
2646 2220 2850 2285 subse-

386 2328 649 2413 quentia
678 2327 881 2409 ipsam
916 2326 1224 2409 copulam‚
1265 2326 1361 2390 uti
1390 2325 1664 2390 eiusdem
1695 2326 2147 2409 complementa
2177 2328 2241 2390 et
2277 2310 2658 2408 appendices
2692 2323 2854 2386 Hinc

390 2432 659 2500 sufficiet
704 2429 985 2494 confiteri
1029 2429 1336 2511 copulam,
1383 2428 1639 2510 reliquis
1685 2429 2154 2511 praetermissiS‚
2202 2447 2400 2510 neque
2446 2428 2519 2491 de
2565 2426 2662 2490 his
2709 2444 2845 2489 con·

396 2534 687 2603 fessarius
733 2533 914 2599 debet
958 2533 1374 2618 interrogarez
1425 2531 1572 2614 quia
1618 2532 1863 2598 etiamsi
1913 2531 2220 2608 affuerint,
2269 2531 2591 2597 moraliter
2621 2530 2686 2594 in
2716 2529 2849 2612 ipso

398 2639 725 2725 principali
768 2637 1019 2721 peccato
1065 2636 1387 2701 uniuntur.

489 2740 707 2821 Quoad
730 2759 821 2816 ea,
846 2758 1007 2821 quae
1030 2739 1267 2804 Auctor
1288 2738 1441 2803 dicit
1460 2739 1913 2822 complementa
1938 2741 2000 2802 et
2024 2738 2406 2821 appendices,
2433 2756 2481 2801 s.
2500 2737 2857 2820 Alphonsus

402 2846 598 2912 allata
634 2842 940 2908 sententia
987 2841 1306 2918 aientium,
1339 2860 1462 2906 non
1491 2841 1870 2906 confitendos
1918 2842 2125 2908 tactus
2171 2842 2309 2919 etc„
2360 2841 2413 2905 si
2457 2839 2860 2904 intendantur

400 2948 574 3014 velut
603 2945 1125 3029 complementum
1152 2945 1377 3028 prioris
1406 2945 1785 3027 voluptatis:
1821 2963 1995 3008 secus
2032 2963 2198 3021 vero,
2247 2944 2300 3008 si
2344 2944 2409 3008 in
2441 2943 2528 3007 eis
2561 2945 2860 3023 tanquam

400 3052 467 3118 in
503 3069 667 3116 nova
697 3048 1020 3130 voluptate
1050 3047 1339 3118 sistatur:
1390 3047 1601 3111 subdit
1630 3068 1689 3109 n.
1726 3048 1869 3110 41.:
1912 3070 1946 3105 «
1977 3045 2095 3110 Sed
2125 3064 2249 3109 non
2281 3045 2486 3107 minus
2524 3041 2861 3125 probabilis

405 3157 500 3220 est
545 3153 731 3218 tertia
778 3151 1082 3216 sententia
1114 3150 1447 3215 Busembai
1486 3168 1629 3212 cum
1676 3149 1943 3232 Lugo...‚
1977 3148 2084 3229 qui
2115 3167 2255 3210 cum
2289 3146 2599 3210 communi
2626 3144 2859 3218 dicunt,

400 3274 619 3322 omnes
662 3256 778 3322 hos
823 3254 1020 3328 actus
1052 3253 1217 3317 sicut
1262 3253 1325 3316 et
1370 3250 1882 3332 complacentiam
1914 3249 1987 3313 de
2023 3249 2246 3331 copula
2291 3248 2527 3322 habita,
2562 3247 2615 3308 si
2645 3244 2864 3309 statim

410 3358 569 3443 post·
594 3357 883 3440 copulam
926 3355 1274 3420 habeantur
1317 3354 1382 3416 et
1427 3352 1679 3417 minime
1726 3352 1803 3416 ad
1851 3371 2077 3417 novam
2107 3351 2395 3434 copulam
2441 3347 2862 3425 intendantur,

406 3480 531 3527 non
562 3480 693 3526 esse
722 3478 957 3524 novum
985 3458 1305 3541 peccatum
1337 3481 1400 3521 ».
1435 3456 1505 3518 In
1538 3455 1713 3538 praxi
1743 3473 1891 3539 ergo
1923 3474 1997 3517 ne
2029 3453 2102 3518 de
2134 3454 2229 3519 his
2262 3453 2510 3535 quidem
2547 3451 2867 3535 quidpiam

402 3564 918 3649 interrogandum
955 3562 1068 3626 est.
1102 3559 1243 3623 Vid.
1278 3561 1341 3623 et
1372 3557 1573 3623 Diana
1606 3559 1758 3623 tom.
1798 3559 1853 3620 1.
1887 3559 1968 3621 tr.
2009 3558 2070 3620 7.
2107 3575 2222 3621 reS.
2259 3556 2364 3621 91.
2398 3557 2463 3620 et
2497 3555 2644 3620 119.

496 3665 674 3740 668.
708 3666 856 3731 Tria
886 3668 1095 3730 tamen
1119 3661 1323 3744 quoad
1346 3661 1409 3726 id
1434 3663 1582 3726 sunt
1611 3660 2004 3725 advertenda.
2032 3660 2271 3724 Primo:
2306 3657 2523 3742 regula
2554 3654 2870 3740 praedicta

412 3792 533 3840 non
556 3771 745 3849 valet,
773 3770 825 3834 si
849 3769 1061 3849 aliqua
1082 3786 1155 3831 ex
1179 3764 1526 3831 actionibus
1559 3763 1861 3829 ordinatis
1886 3763 1958 3827 ad
1989 3763 2197 3827 actum
2221 3760 2622 3844 principalem
2647 3757 2873 3821 diversi

414 3877 654 3960 generis
700 3873 1010 3938 malitiam
1040 3871 1228 3952 atqoe
1276 3867 1426 3933 adeo
1472 3867 1831 3932 distinctam
1863 3885 1899 3928 a
1930 3865 2176 3929 malitia
2226 3864 2424 3946 operis
2457 3859 2873 3926 consummati

416 3979 747 4044 contineat.
774 3977 949 4039 Tunc
970 3973 1135 4039 enim
1156 3972 1315 4035 istae
1339 3970 1612 4034 actiones
1637 3967 1997 4050 aperiendae
2029 3967 2234 4030 essent
2253 3966 2318 4028 in
2344 3963 2740 4027 confessione.
2769 3960 2871 4024 Ita

417 4102 476 4147 v,
524 4101 617 4167 gr.
665 4079 776 4161 qui
829 4077 1078 4142 furatur
1130 4073 1440 4157 pecunias,
1490 4073 1564 4135 ut
1607 4069 1948 4134 fornicandi
1994 4066 2267 4133 medium
2321 4067 2567 4142 habeat,
2624 4063 2874 4128 tenetur

418 4183 659 4248 furtum
704 4180 1072 4263 exprimere:
1106 4178 1198 4240 ita
1243 4176 1434 4240 etiam
1467 4174 1520 4236 si
1556 4173 1696 4254 quis
1741 4173 1904 4235 inter
1949 4170 2230 4254 praevios
2277 4170 2485 4232 tactus
2517 4166 2876 4251 procuraret

417 4285 861 4370 pollutionem3
902 4280 1065 4363 quod
1098 4280 1257 4345 foret
1294 4278 1615 4361 peccatum
1647 4274 2012 4339 adiunctum
2043 4273 2260 4338 contra
2290 4271 2600 4335 naturam.
2635 4268 2869 4333 Idcirco

416 4388 599 4454 dicit:
641 4384 840 4452 Modo
874 4404 1002 4449 non
1032 4381 1306 4447 habeant
1338 4378 1651 4443 malitiam
1680 4376 2047 4440 distinctam
2079 4376 2194 4440 etc.

422 4543 432 4557 .
509 4489 818 4556 Secundo:
842 4488 897 4552 si
921 4488 1078 4568 quia,
1105 4487 1180 4550 ut
1192 4485 1288 4548 ait
1304 4502 1353 4547 s,
1372 4482 1556 4565 Alph.
1575 4480 1683 4545 lib.
1705 4481 1764 4544 5.
1785 4500 1843 4542 n.
1865 4479 1994 4551 43„
2016 4478 2247 4542 habens
2273 4477 2503 4554 oscula,
2530 4478 2739 4541 tactus
2756 4477 2872 4540 etc.

423 4592 727 4658 noluisset
756 4591 835 4655 ab
871 4589 1051 4653 initio
1088 4587 1395 4670 copulam,
1430 4584 1536 4649 sed
1566 4583 1783 4666 postea
1814 4580 1894 4646 ob
1933 4582 2183 4645 auctam
2227 4578 2544 4644 libidinem
2590 4579 2879 4662 copulam
