3529 5158
336 383 437 459 [23]
474 399 560 438 nn
599 395 995 440 vonumfflo
1034 394 1275 450 norro,
1313 395 1582 437 mom:
1620 396 1727 443 Qm
1762 397 1978 451 raom,
2008 396 2390 439 consumma·
2427 401 2700 444 vrm-:rnn
2740 388 2808 441 19

341 496 612 561 scientia.
646 494 811 558 Hinc
843 492 974 576 {eye
1008 493 1227 571 prima
1258 490 1324 555 C.
1351 492 1426 555 de
1458 491 1898 566 19ον0ήί3ίῶ110,
1929 494 2037 558 111).
2073 495 2133 557 3.
2166 496 2268 559 tit.
2303 496 2439 559 34.:
2471 522 2506 553 α
2540 495 2605 561 Si
2650 518 2805 579 quas

343 598 611 663 actiones
645 596 939 660 adversus
963 614 1124 669 eum,
1153 595 1261 675 qui
1284 594 1631 659 aedificium
1654 597 1870 659 contra
1894 598 2162 660 veterem
2185 596 2449 661 formam
2481 600 2799 677 exstruxit,

340 702 410 765 ut
454 698 797 763 luminibus
844 698 973 762 tuis
1022 696 1311 774 officeret,
1346 700 1690 780 competere
1722 698 1838 762 tibi
1880 699 2216 779 existimas,
2248 720 2419 766 more
2464 702 2651 767 solito
2698 722 2804 786 per

341 801 603 867 iudicem
636 819 909 865 exercere
939 819 1061 864 non
1093 799 1452 882 prohiberis.
1484 800 1567 875 Is,
1602 800 1707 881 qui
1740 800 1921 864 iudex
1953 801 2090 875 erit,
2122 802 2295 886 longi
2340 806 2636 887 temporis
2666 824 2804 870 con-

341 904 728 969 suetudinem
758 903 956 967 vicem
987 902 1305 967 servitutis
1351 902 1627 967 obtinere
1673 903 1858 979 sciet3
1891 902 2076 968 modo
2109 904 2183 981 is,
2217 905 2326 986 qui
2355 907 2660 988 pulsatur,
2694 927 2802 972 nec

341 1006 401 1070 vi
429 1024 542 1070 nec
572 1006 737 1070 clam
767 1024 879 1069 nec
907 1004 1179 1088 precario
1213 1004 1485 1086 possidet
1516 1030 1577 1067 ».

421 1106 714 1172 Ceterum
762 1106 1065 1189 patientia
1109 1107 1250 1171 inde
1296 1106 1451 1171 satis
1497 1107 1820 1179 evincitur,
1868 1107 2033 1187 quod
2079 1107 2189 1188 qui
2234 1109 2492 1191 patitur,
2534 1110 2801 1184 sciverit,

341 1209 659 1291 quidpiam
704 1209 771 1273 in
801 1207 1245 1292 praeiudicium
1276 1227 1461 1272 suum
1492 1208 1597 1291 agi
1628 1210 1691 1272 et
1720 1226 1844 1272 non
1881 1209 2330 1274 reclamaverit.
2363 1209 2490 1274 Cur
2533 1213 2715 1289 enim,
2749 1214 2803 1275 si

338 1311 482 1394 quid
531 1312 667 1393 pati
711 1310 928 1388 nollet,
960 1328 1082 1375 non
1113 1311 1410 1375 clamaret
1439 1329 1581 1374 cum
1610 1312 1866 1393 posset?
1897 1310 2033 1374 Hac
2080 1311 2151 1375 de
2198 1331 2386 1377 causa
2416 1313 2515 1378 ius
2562 1314 2803 1379 amittit

338 1413 621 1487 creditor,
655 1414 710 1478 si
755 1413 904 1479 fisco
948 1433 1080 1477 rem
1124 1413 1471 1496 hypotheca
1504 1412 1847 1496 obligatam
1887 1413 2286 1488 distrahente,
2318 1415 2449 1498 ipse
2494 1416 2695 1494 sileat,
2727 1418 2803 1479 ut

336 1517 509 1599 patet
539 1534 611 1579 ex
643 1515 688 1577 l.
724 1516 785 1577 8.
824 1513 976 1578 Cod.
1010 1513 1086 1578 de
1114 1513 1507 1577 Rcmzlssione
1538 1512 1869 1595 Papum-is,
1900 1515 2008 1579 lib.
2044 1517 2103 1579 8.
2138 1516 2239 1581 tit.
2274 1518 2379 1579 26.
2413 1518 2648 1582 aiente:
2681 1542 2718 1576 «
2749 1521 2802 1582 si

334 1617 714 1702 hypothecas
744 1616 893 1687 fisco
940 1616 1340 1690 distrahente,
1372 1615 1702 1681 creditores
1734 1616 1981 1681 silentio
2012 1617 2413 1699 prodiderunt
2457 1620 2799 1703 negotium,

331 1722 539 1805 palam
586 1724 683 1786 est
728 1721 977 1804 (etiam)
1025 1721 1331 1785 actionem
1377 1739 1558 1784 suam
1603 1720 1883 1784 amisisse
1930 1739 2055 1794 eoS‚
2101 1740 2293 1801 quam
2336 1723 2401 1785 in
2447 1742 2576 1786 rem
2622 1723 2803 1787 habe-

334 1824 486 1889 bant
516 1849 579 1886 ».
612 1824 749 1887 Imo
782 1823 1087 1905 patientia
1119 1823 1383 1888 habetur
1412 1824 1487 1886 ut
1516 1821 1903 1893 ratihabitio,
1936 1824 2010 1886 ut
2040 1826 2216 1905 patet
2246 1842 2319 1888 ex
2349 1823 2479 1906 leye
2516 1825 2617 1888 12.
2646 1825 2706 1908 ἓ.
2740 1828 2800 1889 2.

331 1925 487 2008 Diq.
522 1926 652 1990 Tit.
684 1945 819 1989 rem
847 1929 1060 1989 ratam
1104 1924 1342 1998 haberi,
1373 1924 1480 1988 lib.
1514 1924 1621 1988 46.
1654 1925 1754 1989 tit.
1791 1925 1851 1987 8.
1884 1924 2045 2003 Quin
2077 1925 2203 1990 imo
2234 1926 2481 1991 etiamsi
2513 1928 2592 1991 ab
2619 1929 2801 1993 initio

330 2028 620 2095 dominus
663 2028 1115 2105 reclamaverit,
1149 2027 1255 2093 sed
1301 2027 1498 2091 altero
1543 2026 1867 2091 resistente
1912 2029 1976 2091 et
2023 2027 2334 2111 allegante
2377 2028 2539 2109 qnod
2582 2032 2803 2094 utatur

331 2132 465 2196 inre
510 2150 649 2209 suc,
684 2131 1083 2214 postmodum
1114 2132 1321 2195 taceat
1351 2132 1416 2194 et
1445 2129 1743 2211 patiatur,
1777 2130 2176 2194 taciturnitas
2208 2149 2317 2195 seu
2347 2132 2650 2214 patientia
2698 2135 2802 2198 ha-

329 2234 511 2299 betur
540 2252 651 2316 pro
684 2251 1006 2299 consensu.

416 2335 849 2400 Veruntamen
891 2334 1049 2398 illud
1081 2334 1427 2399 addendum
1474 2337 1587 2409 est,
1620 2335 1685 2399 in
1732 2334 1996 2407 casibus,
2028 2334 2094 2399 in
2124 2335 2350 2416 quibus
2394 2337 2493 2400 ius
2539 2338 2801 2420 speciale

332 2437 655 2521 quidpiam
701 2456 825 2501 non
871 2439 1121 2509 statuit,
1166 2436 1449 2520 regulam
1506 2454 1636 2500 esse
1681 2435 2050 2520 generalem,
2098 2436 2261 2519 quod
2306 2437 2376 2501 in
2421 2440 2692 2504 onerosis
2738 2442 2802 2503 et

332 2541 601 2606 maxime
630 2539 697 2604 in
729 2538 1154 2624 obligantibus
1185 2556 1510 2621 personam
1533 2538 1708 2620 (nam
1736 2538 1888 2603 haec
1918 2557 2213 2622 personae
2244 2540 2545 2625 obligatio
2577 2542 2799 2608 merito

333 2647 613 2708 censetur
656 2643 930 2728 gravior,
964 2662 1024 2705 v.
1057 2661 1150 2725 gr.
1184 2642 1239 2706 si
1269 2642 1408 2723 quis
1453 2641 1808 2706 nominetur
1838 2644 2227 2726 procurator)
2257 2645 2468 2709 tacens
2498 2644 2802 2710 habeatur

334 2763 447 2829 pro
476 2745 951 2810 contradicente.
975 2744 1139 2808 Hinc
1171 2743 1487 2828 obligatur
1514 2744 1734 2824 utique
1764 2743 1950 2822 filius,
1985 2745 2039 2808 si
2070 2762 2192 2810 non
2222 2745 2606 2811 contradicat
2636 2748 2800 2830 patri

333 2847 722 2914 contrahenti
753 2864 866 2929 pro
898 2847 1033 2928 ipso
1065 2845 1412 2929 sponsalia:
1447 2849 1517 2909 at
1545 2864 1669 2911 non
1702 2846 2020 2930 obligatur
2047 2847 2268 2926 minor,
2301 2849 2355 2913 si
2385 2868 2496 2932 pro
2543 2868 2615 2914 eo
2662 2870 2801 2915 con-

330 2951 542 3015 trahat
587 2952 843 3015 curator
887 2950 1000 3014 aut
1031 2947 1193 3014 alius
1224 2947 1486 3028 quilibet
1515 2967 1587 3013 ex
1619 2949 1896 3034 agnatis:
1930 2949 2078 3030 (11113
2122 2950 2221 3014 lex
2266 2951 2472 3033 quoad
2516 2956 2799 3034 parentes

332 3072 450 3118 non
481 3056 579 3117 ost
608 3051 987 3116 extendenda
1021 3050 1097 3114 ad
1131 3050 1307 3126 alica,
1342 3069 1413 3114 00
1444 3050 1610 3131 (111οᾶ
1640 3051 1726 3115 sit
1757 3051 1989 3116 odiosa.

417 3152 546 3225 23.
565 3153 743 3233 Quod
771 3172 916 3219 vero
948 3154 1190 3235 spectat
1220 3152 1299 3216 ad
1330 3153 1526 3216 alium
1548 3171 1763 3217 casum
1793 3153 1858 3217 in
1889 3153 2106 3237 regula
2137 3154 2401 3218 secunda
2427 3173 2797 3236 expressum,

335 3258 565 3323 scilicet
595 3257 673 3322 de
718 3256 967 3321 silentio
999 3256 1133 3319 eius
1176 3255 1289 3335 qui
1335 3257 1578 3317 tenetur
1620 3253 2045 3316 contradicere
2090 3257 2154 3316 et
2169 3253 2520 3332 prohibere,
2553 3274 2625 3318 ex
2668 3256 2801 3318 iure

337 3357 641 3424 Canonico
673 3359 1019 3422 consentire
1048 3359 1372 3422 censentur
1401 3356 1464 3419 in
1496 3374 1685 3439 grave
1722 3355 2114 3420 subditorum
2145 3355 2587 3437 praeiudicium
2618 3375 2799 3441 supe-

337 3462 540 3538 riores,
572 3462 684 3543 qui
712 3479 858 3525 cum
888 3460 1148 3542 possint,
1180 3478 1304 3525 non
1342 3457 1792 3524 contradicunt.
1825 3455 1926 3522 Sic
1954 3458 2017 3521 in
2048 3477 2181 3522 can.
2212 3458 2443 3523 Error.
2476 3459 2620 3525 dist.
2654 3460 2794 3525 83.:

350 3589 387 3622 ‹
416 3582 595 3640 error,
625 3565 729 3628 cui
761 3581 885 3628 non
916 3562 1249 3636 resistitur,
1283 3560 1661 3645 approbatur
1705 3563 1771 3625 et
1815 3561 2064 3638 veritas,
2098 3580 2258 3643 qnae
2285 3562 2539 3628 minime
2585 3582 2801 3647 appro-

340 3666 539 3740 batur,
570 3667 967 3751 opprimitur.
998 3664 1327 3749 Negligere
1373 3662 1618 3746 quippe,
1659 3683 1802 3727 cum
1848 3663 2046 3746 possis
2092 3663 2415 3729 deturbare
2461 3684 2797 3748 perversos

338 3769 489 3834 nihil
517 3770 690 3835 aliud
721 3771 819 3835 est
849 3787 1042 3850 quam
1078 3767 1303 3833 fovere.
1336 3766 1463 3831 Nec
1493 3767 1661 3831 caret
1691 3766 1981 3849 scrupulo
2013 3767 2329 3831 societatis
2361 3768 2659 3842 occultae,
2693 3770 2800 3850 qui

336 3872 661 3937 manifesto
692 3871 956 3936 facinori
986 3869 1211 3935 desinit
1243 3869 1491 3933 obviare
1516 3893 1576 3929 ».
1602 3868 1685 3931 Et
1714 3886 1849 3932 can.
1882 3867 2248 3932 Consentire
2270 3869 2415 3933 dist.
2442 3871 2578 3933 83.:
2602 3895 2640 3928 «
2663 3889 2802 3935 con-

333 3975 553 4038 sentire
594 3973 842 4039 videtur
880 3972 1130 4045 erranti,
1165 3971 1276 4054 qui
1314 3970 1394 4035 ad
1430 3968 1777 4043 resecanda,
1817 3988 1976 4050 quae
2014 3970 2241 4054 corrigi
2278 3970 2518 4044 debent,
2550 3989 2673 4037 non
2706 3990 2801 4036 oc-

332 4081 521 4144 currit
552 4105 614 4142 ».

417 4179 865 4265 Excipiendum
908 4182 1141 4252 tamen,
1174 4180 1230 4244 si
1275 4179 1554 4262 superior
1595 4197 1719 4243 non
1759 4177 2146 4242 contradicat
2189 4180 2254 4243 in
2299 4197 2466 4258 casu,
2499 4199 2624 4262 quo
2671 4183 2802 4247 sine

332 4301 558 4368 magna
603 4282 987 4358 turbatione,
1021 4283 1153 4347 sine
1197 4283 1464 4365 strepitu
1494 4283 1743 4347 externo
1777 4282 1889 4345 aut
1918 4281 2166 4364 proprio
2197 4283 2376 4366 gravi
2405 4280 2632 4349 damno
2663 4304 2802 4350 con·

334 4385 627 4451 tradicere
657 4404 785 4450 non
818 4387 1057 4467 posset3
1085 4386 1235 4449 tunc
1256 4385 1423 4450 enim
1452 4402 1577 4450 non
1605 4385 1890 4449 censetur
1918 4384 2038 4466 ipsi
2070 4384 2281 4449 adesse
2311 4384 2504 4450 libera
2533 4386 2800 4452 facultas

336 4488 716 4571 prohibendi.
748 4487 891 4552 Huc
937 4490 1178 4570 spectat
1207 4508 1337 4569 rey.
1371 4489 1478 4552 50.
1508 4486 1665 4569 Diy.
1699 4486 1775 4550 de
1805 4485 2076 4568 Reyzdis
2119 4489 2324 4552 iwris:
2354 4512 2390 4546 «ι
2420 4489 2601 4572 culpa
2632 4495 2802 4556 caret

335 4593 439 4675 qui
466 4594 604 4672 scit,
630 4591 741 4658 sed
772 4591 1092 4674 prohibere
1114 4611 1237 4657 non
1269 4595 1476 4674 potest
1498 4617 1560 4653 ».
1584 4591 1726 4655 Huc
1757 4591 1948 4655 etiam
1972 4591 2123 4656 facit
2153 4591 2319 4673 quod
2349 4591 2688 4678 Gregorius
2711 4595 2799 4658 M.

337 4699 597 4784 scripsit,
614 4697 937 4763 declarans
960 4712 1082 4760 non
1102 4695 1455 4761 habendum
1477 4714 1589 4760 0011
1611 4712 1996 4773 consensum,
2016 4694 2181 4777 quod
2204 4695 2334 4778 ipse
2358 4713 2478 4762 non
2503 4697 2800 4780 obstaret,
