3529 5158
729 341 836 396 516
1086 354 1297 396 rnAc‘r.
1336 355 1414 395 ιν.
1455 353 1539 392 mn
1575 351 1881 392 moenis,
1920 349 2121 393 cavum
2156 350 2222 390 ιι.
2259 349 2401 391 nun.
2439 349 2506 389 11.
2545 350 2681 391 Art-r.
2722 351 2785 390 11.
3041 336 3186 411 [567]

728 454 972 535 ceptam
1008 451 1238 515 habeat
1281 451 1345 514 et
1389 449 1509 514 sibi
1553 449 1823 533 gratam,
1863 447 2047 530 culpa
2089 446 2282 511 etiam
2327 465 2451 511 non
2497 449 2714 511 vacat:
2761 447 2911 512 licet
2947 446 3180 512 nullius

727 553 983 618 alterius
1007 552 1242 635 peccati
1265 551 1609 634 periculum
1630 549 1820 615 vidua
1843 550 2138 614 incurrat.
2164 549 2252 614 At
2283 568 2427 614 vero
2450 549 2511 612 si
2531 548 2724 612 vidua
2740 548 2945 613 solum
2972 553 3183 613 ratum

728 658 791 718 et
815 655 1071 736 pinnum
1097 658 1214 718 aut
1231 656 1421 718 etiam
1448 657 1704 736 pratum
1722 656 1787 716 et
1811 655 2126 735 acceptum
2153 649 2383 716 habeat
2405 654 2614 715 acham
2633 651 3026 734 coniuyalem
3049 653 3185 732 pri-

726 758 981 831 etiamn,
1019 777 1097 821 ex
1126 777 1246 839 quo
1283 756 1434 821 olim
1478 755 1944 819 ἅεῐεοᾱιῦἰοηεηι
1964 754 2277 834 percepit:
2326 756 2472 817 tunc
2514 753 2763 818 nullam
2806 753 3054 834 culpam
3088 775 3187 818 su-

726 861 929 940 scipit,
961 858 1209 923 nulbum
1224 861 1551 939 peccabam
1578 855 1910 934 coner-altit,
1944 857 2103 919 etin
2133 855 2243 920 hoc
2259 856 2479 935 prima
2508 856 2718 936 opinio
2747 854 2950 920 locum
2985 855 3184 931 habet,

725 982 884 1044 quac
920 961 1076 1026 dicit
1116 981 1253 1025 eam
1281 982 1410 1025 non
1425 980 1687 1040 peccare
1704 980 1728 1037 ‚·
1771 959 1922 1040 quia
1958 957 2160 1022 solum
2181 957 2396 1038 placet
2436 959 2497 1021 ci
2536 962 2736 1032 actae-9,
2775 961 2889 1040 qui
2925 961 3186 1024 transiit

725 1068 787 1129 et
828 1066 940 1146 qui
980 1064 1107 1144 fuit
1150 1065 1345 1128 bonus
1374 1069 1559 1144 atque
1609 1062 1925 1145 leyitimus
1954 1066 2017 1125 et
2046 1065 2174 1125 tota
2210 1060 2532 1125 delectatio
2575 1081 2654 1125 ex
2698 1065 2844 1126 actu
2881 1062 3038 1125 bono
3064 1061 3190 1141 linit

723 1170 871 1231 ante
902 1170 1198 1247 percepta
1229 1191 1290 1230 ».

813 1266 985 1340 587.
1020 1269 1350 1353 Allegatur
1394 1270 1458 1332 et
1503 1268 1733 1332 Palaus
1782 1270 1964 1331 tract.
1999 1270 2059 1331 2.
2109 1266 2264 1350 disp.
2301 1268 2360 1330 2.
2401 1269 2610 1349 punct.
2656 1268 2756 1330 10.
2800 1267 2858 1349 g.
2909 1268 2970 1330 2.
3020 1288 3080 1331 ιι.
3124 1268 3180 1332 7.

724 1373 841 1438 Sed
887 1392 962 1437 ne
1006 1372 1108 1435 hic
1143 1370 1391 1453 quidem
1437 1369 1783 1434 doctrinam
1818 1369 2026 1446 habet,
2066 1388 2257 1450 quam
2301 1368 2820 1434 salmanticenses
2867 1370 2964 1434 illi
3011 1370 3182 1435 affin-

719 1478 899 1561 gunt,
931 1476 1078 1540 licet
1125 1473 1400 1555 alioquin
1430 1472 1706 1537 fateatur
1733 1472 1882 1536 ibid.
1922 1492 1981 1536 n.
2019 1473 2078 1536 5.
2115 1473 2200 1549 6.,
2233 1491 2297 1536 se
2329 1473 2544 1536 contra
2572 1471 2843 1537 Sanchez
2878 1493 3173 1557 pugnare,

720 1579 946 1662 quippe
976 1577 1348 1642 sententiam
1380 1575 1649 1640 Sanchez
1687 1593 1810 1639 non
1849 1574 2093 1639 videtur
2124 1574 2278 1638 satis
2312 1576 2630 1639 assecutus
2662 1574 2874 1640 fuisse.

808 1681 980 1745 Haec
1022 1681 1219 1764 igitur
1264 1679 1495 1743 Palaus
1524 1678 1566 1741 l.
1602 1697 1689 1741 c.:
1725 1702 1760 1734 «
1794 1675 2070 1741 Secundo
2102 1676 2316 1753 insere,
2358 1695 2478 1741 non
2514 1695 2650 1741 esse
2685 1677 2925 1742 licitam
2971 1679 3174 1744 viduis

719 1782 1189 1847 delectationem
1226 1784 1360 1846 tam
1391 1781 1756 1856 voluntatis,
1791 1799 1980 1861 quam
2012 1779 2325 1861 appetitus
2356 1778 2635 1844 sensitivi
2668 1782 2873 1844 ortam
2911 1800 2984 1845 ex
3008 1783 3176 1866 cogi-

717 1885 956 1949 tatione
985 1885 1243 1967 copulae
1273 1883 1523 1947 habitae
1570 1884 1847 1964 tempore
1882 1882 2287 1958 matrimonii,
2318 1900 2515 1963 neque
2551 1883 2793 1964 sponsis
2840 1884 2916 1947 de
2959 1885 3172 1950 futuro

714 1986 1008 2051 delectari
1037 1986 1111 2049 de
1133 1985 1357 2068 copula
1380 1984 1659 2048 habenda
1690 1986 1968 2067 tempore
1998 1984 2301 2067 coniugii3
2327 1984 2476 2065 quia
2506 1984 2655 2048 talis
2687 1984 3023 2051 delectatio
3053 2007 3174 2052 non

716 2088 913 2152 sumit
955 2107 1136 2151 suam
1180 2088 1525 2152 bonitatem
1571 2087 1671 2151 vel
1700 2086 2013 2150 malitiam
2044 2087 2123 2150 ab
2156 2086 2416 2161 obiecto,
2449 2085 2615 2167 quod
2647 2086 2880 2151 bonum
2926 2089 3174 2170 quidem

714 2191 830 2263 est,
856 2189 963 2253 sed
992 2208 1062 2253 ex
1094 2190 1480 2273 oppositione
1511 2208 1701 2270 quam
1731 2187 1806 2253 de
1837 2188 2148 2271 praesenti
2178 2189 2368 2252 habet
2397 2207 2539 2252 cum
2571 2190 2806 2254 virtute
2837 2191 3169 2268 castitatis,

710 2310 783 2356 eo
814 2292 979 2374 quod
1016 2290 1090 2356 de
1126 2292 1433 2375 praesenti
1464 2291 1689 2355 excitet
1734 2293 1799 2355 et
1843 2292 2233 2355 commoveat
2278 2290 2538 2373 spiritus
2569 2291 3026 2357 subservientes
3072 2312 3173 2376 gc-

710 2396 1016 2461 nerationi
1059 2396 1125 2460 et
1168 2396 1531 2478 pollutionis
1577 2396 1677 2458 vel
1706 2395 1909 2459 coitus
1940 2394 2280 2477 praesentis
2325 2394 2579 2458 initium
2613 2394 2729 2471 sit;
2764 2397 2830 2459 et
2864 2397 2959 2461 ita
3006 2398 3173 2462 tenet

707 2497 975 2562 Sanchez
1024 2499 1229 2581 plures
1275 2497 1539 2562 referens
1586 2497 1660 2560 de
1699 2495 1991 2560 Ματιήνη.
2024 2497 2132 2561 lib.
2169 2497 2230 2561 9.
2266 2496 2422 2578 disp.
2464 2496 2570 2560 47.
2613 2517 2672 2560 n.
2708 2497 2770 2560 4.
2804 2497 2897 2561 Ex
2942 2499 3169 2581 quibus

709 2603 901 2683 patet,
920 2601 1184 2665 Palaum
1208 2601 1341 2664 heic
1364 2602 1671 2665 rationem
1692 2601 1984 2665 habuisse
2008 2599 2438 2665 delectationis
2468 2599 2653 2664 istius
2677 2600 2742 2664 in
2766 2619 2830 2665 se
2855 2604 3170 2684 spectatae

711 2703 775 2766 et
820 2704 993 2766 ortae
1030 2721 1102 2766 ex
1147 2692 1453 2784 praesenti
1497 2702 1879 2786 cogitatione
1923 2703 2212 2785 copulae3
2252 2701 2438 2783 idque
2484 2701 2796 2767 evidenter
2842 2705 3170 2769 confirmat

710 2804 1007 2888 allegatio
1054 2803 1321 2868 Sanchez
1354 2794 1559 2886 (cuius
1606 2804 1794 2868 verba
1829 2805 2111 2887 superius
2157 2825 2217 2869 n.
2257 2806 2403 2869 143.
2441 2805 2819 2887 retulimus),
2854 2825 2980 2871 non
3029 2827 3170 2874 vero

710 2906 844 2969 heic
867 2907 971 2990 agi
999 2907 1073 2970 de
1103 2907 1529 2983 delectatione,
1556 2926 1716 2988 quae
1737 2906 2040 2971 consistat
2060 2908 2124 2970 in
2158 2907 2601 2989 approbatione
2630 2926 2802 2972 mera
2834 2911 3037 2987 actus,
3062 2912 3168 2993 qui

710 3008 824 3072 aut
857 3008 980 3074 fuit
1025 3012 1139 3074 aut
1184 3010 1302 3072 erit
1346 3010 1542 3073 bonus
1589 3009 1777 3090 atque
1823 3009 2139 3085 honestnS,
2172 3028 2362 3091 quam
2396 3009 2664 3074 diximus
2701 3008 3169 3077 delectationem

706 3112 1097 3176 rationalem.
1132 3111 1638 3195 Quandoquidem
1685 3113 2034 3190 delectatio,
2068 3132 2256 3195 quam
2297 3114 2527 3178 Palaus
2557 3114 2868 3191 describit,
2910 3136 3037 3183 non
3073 3126 3168 3183 cst

706 3213 826 3278 nisi
861 3217 1071 3279 motus
1102 3214 1491 3279 libidinosae.

793 3313 1249 3381 Concludamus
1285 3317 1500 3401 igitur,
1540 3335 1613 3381 ex
1648 3317 1783 3381 sola
1816 3316 2397 3381 Salmanticensium
2445 3317 2882 3384 testificatione
2926 3322 3164 3386 factum

703 3437 854 3495 esse,
879 3422 1190 3484 utcontra
1227 3419 1572 3483 doctrinam
1597 3419 1670 3483 de
1706 3419 1879 3483 licita
1917 3419 2323 3483 delectatione
2355 3418 2660 3483 rationali
2690 3422 2828 3484 tum
2860 3422 2923 3485 in
2959 3423 3163 3487 viduis

702 3520 895 3584 relate
933 3521 1009 3584 ad
1054 3522 1342 3604 copulam
1375 3522 1793 3603 praeteritam,
1829 3523 1966 3586 tum
2011 3523 2075 3585 in
2114 3523 2354 3604 sponsis
2392 3522 2587 3587 relate
2619 3522 2696 3587 ad
2727 3523 3026 3599 futuram,
3059 3527 3162 3590 tot

702 3622 836 3684 DD.
871 3640 909 3685 a
954 3642 1003 3685 s.
1036 3623 1353 3704 Alphonso
1401 3623 1839 3707 allegarentur,
1872 3642 2016 3688 cum
2051 3627 2260 3688 tamen
2305 3624 2494 3689 iidem
2539 3624 2677 3689 DD.
2711 3646 2823 3709 pro
2882 3627 3016 3709 ipsa
3062 3627 3170 3692 do-

698 3723 899 3787 ctrina
944 3725 1264 3790 unanimes
1311 3727 1619 3809 pugnent3
1659 3726 1884 3807 quibus
1931 3726 2145 3790 deinde
2194 3725 2339 3790 addi
2384 3725 2695 3791 debebunt
2742 3729 3000 3811 plurimi
3049 3730 3163 3809 illi,

699 3845 854 3908 quos
884 3826 1071 3892 iidem
1101 3826 1614 3892 Salmanticenses
1646 3828 1821 3909 (nam
1852 3828 1916 3892 et
1944 3828 2066 3911 ipsi
2095 3829 2137 3891 l.
2163 3848 2214 3892 c.
2248 3849 2308 3891 n.
2345 3828 2449 3892 57.
2485 3828 2838 3894 doctrinam
2865 3832 3160 3898 Auctoris

698 3932 1111 4015 propugnant,
1147 3934 1211 3994 et
1255 3930 1517 3995 ulterius
1563 3931 1689 3994 imo
1737 3931 2236 4014 progrediuntur,
2277 3931 2428 3995 adeo
2476 3933 2551 3995 ut
2593 3931 2876 4009 doceant,
2915 3934 3156 4000 licitam

698 4050 827 4097 esse
857 4034 1049 4097 etiam
1080 4034 1550 4097 delectationem
1580 4034 1912 4112 appetitus,
1946 4033 2278 4098 dummodo
2327 4034 2492 4097 absit
2526 4036 2783 4116 quaevis
2820 4038 3160 4104 commotio

696 4134 1051 4217 libidinosa)
1083 4136 1320 4200 addunt
1349 4137 1529 4217 quasi
1560 4136 1623 4199 hi
1655 4138 2002 4220 repugnent
2030 4136 2552 4219 praecedentibus.

786 4233 957 4307 588.
979 4240 1263 4321 Demptis
1287 4238 1767 4303 auctoritatibus
1793 4239 1977 4320 (quas
2002 4257 2052 4302 s.
2068 4237 2424 4321 Alphonsus
2455 4258 2528 4303 ex
2558 4237 3160 4307 Salmanticensibus

696 4342 1040 4422 acceperat)
1063 4339 1141 4404 ad
1167 4340 1586 4417 evincendum,
1612 4340 1899 4405 illicitam
1922 4359 2053 4404 esse
2077 4339 2545 4406 delectationem
2567 4362 2735 4406 merc
2755 4343 3156 4419 rationalem,

694 4439 900 4502 solum
930 4443 1208 4523 superest
1238 4441 1419 4518 ratio,
1440 4461 1628 4523 quam
1651 4442 1997 4527 Roncaglia
2021 4442 2303 4525 protulit,
2331 4464 2547 4526 nempe
2574 4444 2810 4510 malam
2834 4465 2969 4512 esse
3002 4446 3158 4511 dele-

696 4544 1050 4623 ctationem,
1083 4546 1309 4629 quippe
1339 4565 1498 4629 quae
1529 4547 1645 4611 sibi
1677 4547 1881 4612 reddit
1911 4567 2195 4630 praesens
2231 4549 2574 4614 obiectum:
2606 4568 2791 4633 porro
2842 4552 3152 4617 obiectum
