3529 5158
694 216 802 270 352
1239 229 1451 271 'mac-r.
1491 230 1579 270 111.
1617 229 1702 268 Dr:
1739 228 2021 271 neamus·
2061 230 2259 271 CAPUT
2294 230 2359 271 11.
2398 232 2540 273 nun.
2579 233 2620 272 1.
3018 219 3165 294 [347]

694 329 957 409 utroque
989 328 1173 392 modo
1214 328 1497 411 privatur
1543 327 1972 391 iurisdictione
2002 327 2065 391 111
2105 347 2247 407 eum
2277 328 2487 392 locum
2518 327 2864 404 Fra-elatus,
2907 349 2942 392 a
2982 329 3162 395 cuius

695 434 1003 514 potestate
1034 432 1207 496 locus
1247 431 1541 495 eximitur
1571 432 1686 494 etc.
1715 455 1778 494 ».

781 533 864 597 Et
894 534 1009 597 hoc
1049 533 1296 615 quidem
1328 518 1510 616 pacto
1544 532 1781 597 Sunmz.
1816 532 2099 596 Silvestr.
2134 533 2212 597 V.
2247 534 2828 598 Excontmunicate'o
2860 536 2935 599 Π.
2964 556 3025 599 11.
3054 537 3158 599 12.

692 638 983 701 conciliat
1029 637 1188 714 DD.,
1240 655 1506 718 quorum
1555 636 1663 699 alii
1711 636 2042 721 negabant,
2094 637 2202 702 alii
2238 639 2577 703 tuebantur
2615 638 2919 703 eiusmodi
2958 658 3163 703 exem-

692 740 988 824 ptionem.
1043 765 1079 798 «
1120 740 1344 804 Petrus
1391 741 1600 804 tamen
1648 739 1720 803 de
1766 738 2139 803 Ancharano
2189 740 2291 818 (in
2337 739 2398 803 d.
2446 760 2580 819 cap.
2620 743 2696 803 ut
2736 741 3162 822 Anima-rum)

692 842 1024 907 concordat
1055 843 1170 906 hoc
1209 843 1423 918 modo;
1451 843 1598 924 quia
1632 842 1682 905 si
1723 842 2050 906 Praelatus
2074 843 2195 907 loci
2220 843 2486 926 exempti
2512 862 2582 908 ex
2613 843 2816 907 forma
2848 843 3163 927 privilegii

693 945 881 1009 habet
911 946 1399 1011 iurisdictionem
1438 945 1849 1029 episcopalem
1894 946 1957 1009 in
1997 965 2109 1010 suo
2143 946 2277 1011 loco
2312 949 2614 1029 exempto,
2650 949 2747 1010 est
2774 965 2919 1009 vera
2950 946 3162 1028 opinio

693 1049 942 1112 Ioannis
975 1049 1048 1112 de
1081 1048 1362 1133 Lignano
1412 1048 1905 1130 (affirmantis)...
1957 1050 2020 1112 et
2066 1049 2477 1130 sequentium.
2512 1047 2577 1112 Si
2614 1067 2760 1112 vero
2792 1068 2916 1113 nou
2950 1049 3159 1126 habet,

693 1151 789 1214 est
825 1159 970 1214 vera
1003 1151 1210 1233 opinio
1252 1151 1581 1216 aliorum...
1632 1150 1714 1213 Et
1760 1169 1868 1234 per
1900 1151 2016 1215 hoc
2052 1152 2248 1233 patet,
2288 1151 2597 1233 quomodo
2638 1152 2795 1236 liget
2840 1153 3159 1215 statutum

693 1252 1036 1318 dioecesani
1068 1252 1423 1317 mandantis
1448 1253 1564 1318 sub
1589 1270 1785 1336 poena
1810 1254 2482 1330 excommunicationis,
2509 1273 2583 1319 ne
2607 1254 2748 1336 quis
2770 1253 3163 1338 ingrediatur

693 1356 1139 1420 monasterium
1187 1356 1553 1420 monialium
1601 1357 2028 1438 exemptarum
2054 1380 2115 1419 ».
2150 1356 2233 1419 Et
2277 1376 2386 1440 pro
2434 1357 2647 1421 eadem
2685 1357 2801 1420 hac
2851 1356 3163 1420 sententia

694 1459 1047 1544 allegantur
1078 1456 1352 1524 Coninck
1390 1461 1454 1523 et
1491 1456 1789 1523 Corneius
1826 1459 1942 1522 etc.

781 1561 908 1626 Alii
945 1564 1156 1626 tamen
1205 1564 1434 1640 tenent,
1485 1563 1675 1627 etiam
1722 1564 2103 1630 monasteria
2135 1567 2198 1628 et
2244 1563 2529 1628 ecclesias
2561 1563 2974 1648 Regularium
3019 1583 3164 1627 cen-

692 1666 909 1730 sendas
958 1685 1088 1730 esse
1136 1666 1299 1730 inter
1343 1666 1480 1731 loca
1528 1669 1831 1750 exempta.
1883 1668 1983 1731 Ita
2031 1665 2545 1730 Salmanticenses
2594 1665 2667 1728 de
2714 1665 2867 1746 Lea.
2910 1685 3042 1749 cap.
3092 1667 3158 1729 3.

690 1789 751 1831 n.
803 1767 907 1830 64.
957 1770 1020 1831 et
1068 1768 1142 1830 cle
1199 1765 1499 1830 Consu-ris
1535 1788 1668 1850 cap.
1722 1772 1779 1833 1.
1821 1790 1879 1832 n.
1926 1769 2072 1831 114.
2123 1787 2192 1832 ac
2239 1768 2560 1852 Laymann
2607 1768 2713 1831 lib.
2769 1770 2825 1829 1.
2867 1769 3050 1831 tract.
3092 1770 3158 1831 4.

692 1889 823 1952 cap.
863 1873 964 1933 11.
1000 1890 1058 1933 11.
1097 1873 1178 1947 5.,
1214 1870 1323 1951 qui
1354 1870 1512 1933 hanc
1544 1872 1917 1935 sententiam
1950 1871 2068 1934 sibi
2100 1869 2347 1935 videtur
2378 1869 2822 1953 deprehendere
2870 1870 3062 1933 etiam
3094 1869 3161 1932 in

691 1971 947 2035 Summa
995 1969 1374 2035 Silvestrina
1422 1972 1492 2053 (l.
1542 1991 1591 2035 c.
1632 1993 1692 2037 n.
1738 1974 1889 2056 13.),
1942 1973 2186 2054 quando
2235 1973 2403 2050 dicit,
2452 1991 2573 2037 non
2613 1971 2846 2035 incurri
2894 1990 3161 2054 poenam

690 2074 1343 2139 excommunicationis
1407 2076 1484 2138 ab
1529 2075 1913 2160 ingrediente
1967 2076 2414 2141 monasterium
2476 2077 2849 2157 exemptum,
2901 2075 2955 2140 si
3000 2075 3162 2138 hanc

690 2196 951 2260 poenam
996 2177 1620 2260 Episcopus·statuit
1663 2177 2010 2262 generatim
2057 2181 2273 2242 contra
2320 2177 2732 2263 ingredientes
2778 2176 3163 2242 monasteria

689 2280 1055 2345 monialium
1104 2280 1238 2362 (qui
1287 2278 1536 2361 quidem
1567 2299 1748 2345 casus
1797 2282 1939 2363 post
1985 2280 2415 2345 Tridentinum
2447 2299 2569 2345 non
2625 2281 2954 2363 contingit,
3010 2280 3164 2362 quia

687 2383 1208 2447 monasteriorum
1242 2383 1434 2447 etiam
1474 2383 1900 2466 exemptorum
1943 2383 2267 2447 clausurae
2296 2382 2628 2466 invigilare
2658 2385 2922 2465 possunt
2967 2384 3032 2447 et
3060 2382 3163 2447 de·

689 2487 835 2550 bent
879 2486 1169 2569 Episcopi
1216 2505 1329 2551 ceu
1375 2486 1664 2570 Delegati
1711 2483 1884 2550 Sedis
1929 2486 2373 2570 Apostolicae).
2434 2486 2515 2550 Et
2558 2487 2828 2551 cumbis
2877 2487 3159 2552 sentiunt

687 2587 999 2653 Candidus
1031 2588 1207 2653 Vinc.
1257 2587 1795 2671 Disquisitionum
1830 2588 2073 2654 Moral.
2108 2590 2263 2671 disq.
2298 2591 2403 2654 22.
2436 2592 2557 2655 art.
2599 2590 2704 2654 26.
2744 2589 2889 2653 dub.
2926 2590 3012 2666 3.,
3053 2588 3160 2654 Sa-

687 2711 835 2777 yrus
882 2691 957 2753 de
1012 2690 1274 2756 Censur.
1322 2693 1429 2756 lib.
1485 2693 1539 2756 1.
1575 2710 1708 2775 cap.
1766 2693 1821 2756 1.
1864 2712 1922 2756 n.
1967 2694 2095 2768 40.‚
2137 2693 2286 2757 etsi
2322 2692 2473 2774 quid
2504 2693 2672 2757 valet
2708 2711 2890 2757 casus
2929 2692 3038 2756 ille
3082 2692 3156 2757 de

687 2795 970 2878 ingressu
1001 2795 1384 2870 monasterii,
1421 2793 1682 2858 addendi
1706 2796 1889 2859 erunt
1914 2795 2184 2859 Tabiena
2210 2795 2286 2858 V.
2319 2794 2791 2859 Excommum'c.
2825 2794 2939 2858 IV.
2972 2814 3034 2858 n.
3068 2796 3154 2873 4.,

685 2896 949 2961 Armilla
982 2896 1060 2960 V.
1109 2895 1691 2960 Eoecommunicatio
1738 2917 1798 2961 n.
1840 2897 1969 2970 30„
2018 2895 2370 2979 Stephanus
2408 2896 2481 2962 de
2525 2896 2710 2961 Avila
2758 2894 2832 2959 de
2889 2894 3153 2960 (lemur.

687 3001 846 3082 part.
883 3002 942 3062 2.
979 3020 1111 3084 cap.
1147 3001 1206 3065 3.
1243 3000 1387 3065 dub.
1432 3002 1492 3064 5.
1527 3003 1590 3065 et
1621 3000 1970 3081 Henriquez
2003 2999 2109 3063 lib.
2150 2999 2250 3062 13.
2284 3016 2418 3082 cap.
2448 2998 2552 3062 26.
2585 3018 2645 3062 11.
2684 2999 2743 3062 2.

771 3103 901 3168 Abs
932 3122 998 3168 re
1009 3106 1221 3168 tamen
1236 3104 1527 3168 videntur
1543 3104 1664 3167 huc
1688 3102 1894 3168 afferri
1919 3102 2103 3166 verba
2130 3121 2199 3165 ex
2225 3120 2358 3185 cap.
2387 3104 2448 3165 5.
2475 3101 2549 3165 de
2565 3100 2847 3179 Reform.
2872 3119 3018 3166 sess.
3048 3103 3151 3164 14.

684 3205 916 3290 Synodi
948 3205 1365 3281 Tridentinae,
1406 3225 1565 3287 quae
1600 3205 1803 3270 afferri
1833 3204 2041 3269 innuit
2078 3204 2269 3269 etiam
2316 3224 2363 3268 S.
2398 3205 2583 3288 Alph.
2623 3225 2683 3269 n.
2729 3206 2876 3269 156.
2910 3206 2977 3270 in
3022 3204 3152 3279 fin„

684 3308 865 3389 quasi
896 3310 1178 3391 exempta
1211 3308 1300 3372 ibi
1338 3308 1525 3372 simul
1557 3311 1621 3373 et
1643 3309 1779 3373 loca
1829 3310 1892 3371 et
1928 3324 2222 3390 personae
2255 3307 2678 3372 decernantur.
2713 3307 2921 3372 Verba
2968 3309 3151 3372 sunt:

691 3435 726 3469 «
761 3410 1216 3474 Universitates
1242 3412 1452 3474 autem
1481 3410 1799 3493 generales
1832 3430 1903 3474 ac
1936 3408 2224 3494 Collegia
2255 3411 2599 3477 Doctorum
2630 3429 2739 3475 seu
2772 3411 3153 3476 scholarium

684 3514 748 3576 et
794 3512 1106 3596 regularia
1138 3512 1275 3576 loca
1324 3531 1432 3576 nec
1465 3531 1586 3578 non
1633 3513 1972 3596 hospitalia
2012 3514 2155 3578 actu
2189 3513 2686 3597 hospitalitatem
2717 3512 3034 3577 servantia
3079 3530 3156 3576 ac

684 3614 1184 3691 universitatum,
1235 3614 1659 3700 collegiorum,
1709 3617 1987 3681 locorum
2036 3618 2101 3680 et
2144 3615 2553 3699 hospitalium
2608 3615 2969 3680 huiusmodi
3023 3633 3158 3698 per·

683 3735 870 3782 sonae
893 3718 956 3781 in
991 3717 1300 3801 praesenti
1337 3736 1568 3783 canone
1599 3717 1854 3782 minime
1884 3718 2501 3800 comprehendantur,
2536 3717 2638 3783 sed
2673 3719 2991 3800 exemptae
3026 3735 3157 3781 om·

681 3823 828 3887 nino
877 3822 1004 3886 sint
1050 3824 1113 3885 et
1159 3840 1290 3885 esse
1337 3820 1773 3905 intelligantur
1804 3846 1865 3884 ».
1901 3819 1990 3885 Ut
2036 3821 2199 3885 enim
2231 3822 2424 3904 patet,
2459 3821 2575 3884 hoc
2612 3819 2797 3884 nimis
2837 3820 3150 3902 probaret,

682 3925 812 3989 scil.
847 3925 1060 3990 eodem
1093 3924 1418 4008 privilegio
1466 3924 1736 4009 gaudere
1784 3923 1920 3987 loca
1953 3925 2015 3988 et
2062 3942 2354 4005 personas
2386 3923 2473 3986 ibi
2505 3922 2857 3987 recensitas.
2907 3920 3022 3986 Sed
3059 3923 3156 3984 at-

682 4028 984 4092 tendenda
1008 4031 1186 4091 erant
1217 4027 1403 4092 verba
1431 4027 1500 4089 in
1523 4025 1632 4090 hoc
1655 4044 1924 4102 canmw5
1958 4025 2184 4090 titulus
2216 4025 2380 4090 enim
2411 4023 2651 4108 Capitis
2682 4027 2777 4089 est
2808 4052 2841 4081 «
2890 4021 3157 4087 Comer-

681 4133 964 4192 vatorum
995 4129 1349 4193 iecrisdae'ctio
1373 4129 1560 4192 certis
1582 4127 1820 4208 fiinibus
1852 4126 2248 4193 concluditur
2270 4148 2339 4190 »ε
2363 4126 2652 4192 videlicet
2687 4126 2900 4210 agitur
2936 4125 3011 4189 de
3050 4125 3153 4201 iis,

680 4233 906 4314 quibus
939 4232 1216 4315 permitti
1252 4232 1473 4296 debeat
1504 4250 1709 4307 necno,
1751 4233 1824 4295 ut
1854 4232 1919 4295 in
1951 4230 2170 4296 litibus
2201 4229 2433 4295 iudices
2469 4229 2692 4294 habere
2724 4227 2965 4310 possint
3000 4245 3155 4292 suos

680 4334 1159 4401 Conservatores
1191 4337 1256 4399 et
1287 4353 1409 4399 non
1450 4334 1847 4399 Ordinarium
1870 4335 2010 4399 loci.
2046 4334 2210 4420 Ergo
2244 4333 2401 4398 nihil
2434 4332 2507 4398 ad
2540 4352 2672 4398 rem
2703 4332 2870 4397 facit.

769 4437 1078 4520 Quidquid
1127 4438 1230 4513 sit,
1282 4457 1330 4501 s,
1379 4437 1736 4520 Alphonsus
1786 4439 1921 4502 tum
1968 4437 2076 4501 lib.
2132 4438 2187 4500 1.
2224 4457 2282 4501 n.
2325 4436 2470 4500 156.
2504 4436 2568 4499 in
2600 4434 2702 4500 fin.
2751 4436 2886 4497 tum
2928 4432 3037 4497 lib.
3085 4432 3152 4499 7.
