3529 5158
920 354 1408 397 PROPOSITIONUM
1447 356 1898 413 DAMNATARUM,
1937 358 1978 397 A
2017 358 2118 398 1²10
2156 359 2236 399 lx.
2597 357 2804 399 Lxxxv

352 462 481 515 tem
528 471 783 515 errores
833 456 1116 515 Antonii
1166 455 1497 534 Giinther,
1530 457 1646 532 qui
1683 458 2091 518 damnantur
2122 457 2194 517 in
2222 458 2436 532 Epist.
2484 457 2569 516 ad
2604 457 2798 518 Card.

350 545 663 620 ArchIep.
726 544 1067 605 Colonien.
1119 545 1445 604 Eat-imiam
1494 552 1670 605 tuam
1720 549 1824 607 15.
1876 547 2058 606 Iunii
2098 550 2292 607 1847.
2341 551 2410 606 et
2454 547 2526 605 in
2577 547 2797 621 Epist.

346 633 429 694 ad
474 634 697 709 Episc.
742 633 1241 695 Wratislavien.
1277 635 1517 694 Dolore
1554 635 1724 694 haud
1756 637 2054 695 mediocri
2078 638 2184 696 30.
2220 635 2482 710 Aprilis
2516 638 2708 696 1860.

1465 815 1524 891 ξ.
1561 815 1690 874 III.

948 937 999 998 I
998 939 1079 997 nd
1086 938 1448 1014 {fferenticm
1460 957 1548 1017 us,
1585 939 1681 997 La
1691 940 2224 999 t-c'tudimcrismuc.

435 1087 538 1143 15.
590 1083 903 1142 Liberum
951 1082 1193 1157 cuique
1238 1082 1492 1141 homini
1540 1088 1643 1141 est
1689 1098 1834 1142 eam
1882 1084 2193 1159 amplecti
2240 1088 2311 1144 et
2359 1085 2653 1160 profiteri
2702 1102 2806 1145 re-

344 1172 683 1249 ligionem,
733 1188 934 1246 quam
986 1171 1265 1231 rationis
1312 1171 1565 1230 lumine
1602 1172 1755 1246 quis
1788 1172 2033 1233 ductus
2072 1189 2298 1234 veram
2346 1175 2710 1248 putaverit.

524 1261 685 1321 Litt.
729 1263 970 1336 Apost.
1012 1259 1401 1337 Multiplices
1436 1261 1603 1319 inter
1638 1263 1740 1321 10.
1803 1262 1986 1321 Iunii
2035 1265 2227 1323 1851.
2272 1295 2354 1307 —-
2390 1264 2606 1324 Alloc.
2659 1263 2806 1323 Ma-

344 1352 514 1409 xima
564 1349 811 1425 quidem
861 1353 919 1409 9.
959 1349 1140 1416 Iunii
1175 1351 1368 1409 1862.

435 1442 539 1499 16.
578 1439 901 1498 Homines
932 1438 1001 1498 in
1053 1438 1355 1498 cuiusvis
1388 1438 1732 1513 religionis
1763 1438 1954 1498 cultu
1984 1440 2162 1499 viam
2203 1444 2517 1501 aeternae
2563 1441 2806 1503 salutis

346 1529 635 1604 reperire
680 1532 1153 1604 aeternamque
1200 1528 1484 1587 salutem
1530 1528 1796 1603 assequi
1845 1533 2143 1603 possunt.

525 1617 740 1691 Epist.
776 1616 1026 1693 encycl.
1070 1616 1504 1693 Quipluribus
1544 1622 1603 1676 9.
1641 1618 2039 1676 Novembris
2073 1620 2264 1677 1846.
2304 1651 2384 1663 --
2421 1619 2638 1678 Α1100.
2687 1618 2808 1678 Ubi

600 1706 889 1783 primum
929 1707 1033 1765 17.
1090 1704 1480 1764 Decembris
1530 1708 1724 1765 1847.
1785 1740 1866 1749 -
1919 1706 2134 1780 Epist.
2175 1708 2421 1782 encycl.
2473 1706 2809 1783 Sinyulari

610 1795 857 1871 quidem
906 1797 1010 1854 17.
1056 1793 1283 1853 Martii
1312 1796 1503 1853 1856.

434 1888 538 1946 17.
576 1884 828 1944 Saltem
866 1884 1037 1943 bene
1072 1882 1473 1957 sperandum
1507 1887 1610 1943 est
1640 1883 1722 1942 de
1757 1886 2031 1943 aeterna
2061 1884 2326 1944 illorum
2376 1884 2669 1943 omnium
2702 1900 2807 1944 sa-

345 1975 500 2054 lute,
542 1973 660 2049 qui
707 1972 775 2031 in
809 1988 972 2032 vera
1005 1972 1258 2033 Christi
1295 1971 1594 2032 Ecclesia
1619 1988 2040 2047 nequaquam
2083 1977 2459 2034 versantur.

525 2062 742 2122 Alloc.
782 2061 1114 2138 Sinyoetlari
1146 2062 1418 2136 quadam
1441 2064 1500 2121 9.
1536 2062 1924 2121 Decembris
1952 2064 2145 2124 1854.
2182 2095 2264 2106 ——
2301 2063 2517 2138 Epist.
2551 2063 2805 2138 encycl.

619 2150 869 2226 Quanto
902 2150 1313 2227 conficio-mur
1348 2153 1451 2210 17.
1494 2151 1794 2226 Augusti
1847 2153 2040 2211 1863.
2323 2228 2329 2234 .

431 2246 536 2303 18.
589 2239 1194 2300 Protestant-ismus
1240 2255 1375 2298 non
1408 2239 1592 2298 aliud
1630 2243 1735 2300 est
1766 2257 1966 2315 quam
2000 2240 2271 2301 diversa
2300 2256 2464 2300 vera
2508 2241 2804 2300 eiusdem

342 2331 745 2392 christianae
780 2328 1155 2405 Religionis
1186 2328 1418 2405 forma,
1455 2328 1523 2387 in
1574 2346 1709 2403 qua
1753 2346 1967 2404 aeque
2013 2346 2091 2389 ac
2128 2330 2194 2387 in
2249 2329 2549 2389 Ecclesia
2578 2329 2808 2389 catho-

345 2422 471 2482 lica
518 2421 664 2479 Deo
710 2419 972 2494 placere
1004 2418 1237 2477 (latum
1276 2421 1400 2476 est.

522 2508 739 2584 Epist.
788 2508 1041 2584 encycl.
1078 2506 1361 2565 Nescitis
1393 2511 1453 2564 et
1478 2504 1818 2566 Nobiscum
1854 2509 1913 2566 8.
1951 2507 2339 2567 Decembris
2372 2509 2566 2567 1849.

1458 2707 1516 2783 §-
1568 2705 1689 2765 iv.

639 2831 1069 2908 Sodali-smus,
1111 2830 1637 2906 Communis-mus,
1673 2831 2012 2892 Societatec
2059 2832 2507 2908 clandestinae,

762 2920 1100 2980 Societates
1133 2919 1412 2998 biblicae,
1449 2921 1788 2981 Societatem
1820 2921 2389 2982 clerice-liberales.

430 3081 779 3142 Eiusmodi
827 3085 1052 3156 pestes
1099 3097 1297 3156 saepe
1342 3082 1894 3157 gravissimisque
1945 3084 2296 3143 verborum
2352 3083 2652 3143 formulis
2700 3102 2801 3143 re-

344 3172 716 3247 probantur
747 3170 819 3231 in
868 3170 1082 3245 Epist.
1132 3170 1380 3246 encycl.
1430 3171 1552 3244 Qui
1590 3171 1890 3247 pluribus
1939 3175 1998 3231 9.
2040 3173 2438 3232 Novembris
2487 3175 2679 3231 1846.
2731 3174 2802 3231 in

348 3261 562 3322 Alloc.
607 3259 845 3334 Quibus
877 3259 1247 3335 quantisque
1284 3261 1388 3319 20.
1446 3259 1704 3333 Aprilis
1754 3262 1943 3319 1849.
1989 3261 2052 3318 iu
2109 3259 2325 3335 Epist.
2369 3261 2618 3336 encycl.
2678 3259 2804 3318 No-

342 3351 515 3408 ecitic
563 3355 623 3408 et
672 3347 1015 3408 Nobiscum
1057 3351 1114 3408 8.
1154 3347 1542 3408 Decembris
1580 3351 1772 3407 1849.
1815 3348 1886 3406 in
1913 3348 2129 3408 Alloc.
2168 3349 2500 3425 Simulare·
2532 3348 2808 3426 quadam

345 3445 400 3498 9.
438 3436 833 3501 Decembris
869 3441 1063 3498 1854.
1112 3437 1181 3496 in
1214 3437 1427 3513 Epist.
1464 3437 1713 3512 encycl.
1777 3437 2027 3513 Qua-nto
2066 3439 2477 3515 conjiciamur
2525 3455 2804 3499 moerore

347 3531 442 3588 15.
488 3528 796 3604 Augusti
836 3529 1027 3587 1863.

1486 3707 1544 3785 ξ.
1582 3708 1662 3767 V.

905 3850 1181 3909 Error-es
1229 3851 1302 3908 cle
1350 3850 1635 3910 Ecclesia
1684 3852 1932 3927 eiusque
1978 3853 2243 3911 iuribus.

432 4017 533 4073 19.
570 4011 874 4072 Ecclesia
921 4028 1051 4071 non
1087 4015 1192 4072 est
1221 4028 1385 4071 vera
1414 4012 1849 4086 perfectaque
1874 4012 2157 4072 societas
2192 4012 2392 4086 plane
2439 4013 2650 4072 libera
2683 4029 2806 4073 nec

346 4103 546 4176 pollet
569 4101 718 4162 suis
742 4100 1031 4176 propriis
1062 4104 1132 4162 et
1170 4101 1640 4161 constantibus
1666 4101 1927 4161 iuribus
1959 4101 2090 4160 sibi
2127 4119 2168 4160 a
2199 4100 2430 4161 divino
2469 4119 2590 4162 suo
2623 4103 2807 4162 Fun-

346 4189 568 4252 datore
616 4189 901 4263 collatis,
928 4190 1047 4250 sed
1070 4190 1293 4250 civilis
1317 4191 1673 4265 potcstatis
1706 4193 1812 4251 est
1845 4190 1971 4250 defi
1984 4190 2142 4267 nire,
2192 4207 2364 4265 quae
2410 4192 2548 4252 sint
2581 4193 2806 4252 Eccle-

352 4280 481 4341 siae
527 4281 683 4340 iura
731 4294 810 4338 ac
856 4279 1118 4356 limites,
1169 4280 1351 4338 intra
1398 4295 1565 4354 quos
1610 4279 1841 4339 eadem
1889 4280 2037 4339 iura
2068 4296 2373 4340 exercere
2419 4286 2642 4356 queat.

518 4369 745 4429 Alloc.
782 4367 1111 4444 Sinqulari
1142 4369 1417 4444 quadam
1457 4373 1515 4428 9.
1559 4369 1945 4430 Decembris
1973 4372 2165 4430 1854.
2203 4402 2286 4412 —
2323 4370 2538 4431 Alloc.
2575 4370 2806 4430 Multis

602 4456 1025 4535 yrun-ibasque
1060 4461 1163 4518 17.
1200 4457 1591 4517 Decembris
1626 4462 1820 4519 1860.
1881 4493 1945 4502 -
1981 4459 2200 4519 Α1100.
2237 4458 2528 4519 Marciam
2560 4459 2807 4536 quidem

606 4551 668 4607 9.
708 4545 889 4605 Iunii
925 4549 1117 4606 1862.
