3529 5158
403 287 550 363 [289]
1147 304 1234 344 nn
1272 302 1735 344 acorem-anona
1772 303 1952 344 macas
1987 301 2118 343 mc.
2763 285 2871 339 313

496 399 600 477 Et,
635 401 709 463 ut
740 400 910 464 brevi
955 419 1085 464 rem
1123 400 1369 466 conficit
1414 400 1567 465 Voit
1615 401 1736 464 vol.
1776 401 1833 463 1.
1868 421 1929 464 n.
1968 401 2134 476 144„
2184 401 2237 464 si
2283 400 2497 483 populi
2528 398 2870 482 acceptatio

404 502 829 583 requireretur
875 501 953 565 ad
999 505 1330 568 essentiam
1361 503 1537 587 legis,
1575 503 1776 567 omnis
1810 503 2021 586 legum
2069 504 2411 567 auctoritas
2459 522 2530 566 ac
2559 502 2875 585 legislato-

404 624 551 668 rum
583 605 862 686 potestas
909 605 1090 686 plane
1136 605 1498 681 concideret,
1549 607 1770 688 utpote
1816 606 1925 687 qui
1972 606 2111 689 plus
2142 625 2265 671 non
2297 607 2547 687 possent
2578 605 2870 681 evincere,

405 726 599 789 quam
646 706 882 771 subditi
914 707 1177 784 vellent,
1226 708 1289 771 id
1337 711 1550 773 autem
1594 726 1717 772 non
1748 708 1909 773 foret
1954 728 2164 792 regere
2212 707 2315 771 sed
2360 707 2511 791 regi.

500 805 675 878 289.
726 808 1228 874 Fundamentum
1277 811 1598 894 oppositae
1644 810 1988 875 sententiae
2053 809 2472 892 praecipuum,
2535 810 2608 872 ut
2670 809 2874 890 inquit

405 910 731 994 Laymann
757 910 831 974 dc
863 910 1016 993 Ley.
1051 932 1183 994 cap.
1220 914 1280 976 3.
1321 934 1379 976 n.
1409 915 1468 976 2.
1505 913 1619 977 1100
1650 914 1763 988 031,
1793 911 1959 994 quod
1988 912 2155 995 leges
2181 914 2546 975 censeantur
2581 910 2725 974 ferri
2756 910 2874 974 hac

403 1013 604 1076 tacita
630 1011 1003 1090 conditione,
1030 1014 1084 1077 si
1117 1014 1194 1077 ab
1232 1015 1366 1097 ipso
1405 1015 1634 1098 populo
1668 1014 1767 1078 vel
1797 1014 2033 1079 maiore
2070 1014 2294 1077 saltem
2326 1016 2502 1096 parte
2527 1015 2612 1094 (v.
2640 1013 2876 1077 Navar-

406 1133 549 1178 rum
566 1114 608 1177 l.
629 1116 712 1197 c.)
743 1114 975 1178 fuerint
1007 1118 1380 1198 acceptatae,
1401 1117 1677 1198 alioquin
1709 1117 1950 1180 nullam
1982 1117 2110 1180 vim
2140 1115 2487 1180 habiturae.
2507 1115 2626 1194 Qui
2648 1115 2871 1180 modus

407 1219 483 1281 ut
530 1218 639 1281 alii
687 1219 884 1296 aiunt,
924 1221 988 1284 et
1025 1221 1277 1285 suavior
1309 1223 1402 1284 est
1434 1224 1498 1285 et
1537 1220 1741 1303 aptior
1774 1221 2025 1302 popu10‚
2051 1221 2115 1284 in
2147 1220 2324 1285 cuius
2356 1221 2588 1285 bonum
2608 1220 2823 1284 fertur.

497 1320 587 1383 At
617 1319 767 1384 bene
815 1322 1141 1404 respondet
1186 1321 1490 1387 Schmalz.
1523 1323 1565 1386 l.
1594 1341 1682 1387 c.:
1724 1323 2001 1405 regimen
2049 1322 2236 1385 simul
2283 1321 2462 1386 debet
2508 1341 2637 1386 esse
2683 1341 2873 1385 suave

407 1424 473 1484 et
501 1423 769 1501 efficax:
817 1423 944 1488 tale
983 1427 1194 1488 autem
1241 1443 1362 1489 non
1410 1424 1590 1500 foret,
1640 1424 1694 1488 si
1740 1425 1806 1487 in
1853 1424 2111 1488 arbitrio
2161 1423 2553 1489 subditorum
2600 1424 2875 1506 positum

404 1529 591 1602 esset,
620 1526 847 1590 vellent
863 1546 1049 1591 necne
1075 1528 1340 1610 obligari
1356 1528 1599 1612 legibus
1626 1547 1661 1590 a
1688 1528 1959 1610 principe
1984 1527 2257 1590 sancitis.
2286 1525 2462 1606 Quod
2478 1545 2619 1590 vero
2647 1526 2873 1589 dicitur

405 1627 483 1692 de
517 1627 623 1692 illa
657 1629 1028 1707 conditione,
1069 1630 1414 1714 generatim
1461 1629 1692 1694 falsum
1739 1630 1836 1694 est
1881 1631 1944 1693 et
1992 1628 2169 1692 unice
2216 1628 2527 1710 praesumi
2571 1627 2876 1692 eiusmodi

403 1730 835 1795 conditionata
866 1731 1157 1813 principis
1205 1732 1497 1795 voluntas
1534 1732 1786 1814 poterit,
1828 1731 2074 1813 quando
2113 1731 2344 1795 censeri
2373 1732 2581 1811 queat,
2615 1730 2875 1793 difficul-

405 1836 576 1898 tates
609 1834 869 1916 principi
906 1834 1320 1916 incompertas
1352 1835 1562 1910 fuisse,
1598 1836 1671 1898 ut
1718 1834 1880 1898 infra
1929 1834 2195 1908 dicetur3
2229 1833 2293 1897 in
2340 1851 2461 1914 quo
2509 1851 2658 1896 casu
2702 1832 2755 1895 si
2787 1831 2875 1895 di-

403 1938 589 2000 catur
620 1935 910 2018 suspendi
942 1936 1265 2018 obligatiO,
1314 1936 1376 2000 id
1407 1955 1530 2000 non
1577 1935 1832 2020 profluit
1868 1956 1941 2000 ex
1969 1936 2334 2001 necessitate
2365 1934 2825 2016 acceptationis

498 2038 693 2103 Obiic.
729 2038 894 2120 quod
924 2039 1017 2102 ait
1055 2037 1396 2104 Gratianus
1447 2039 1524 2102 ad
1570 2058 1704 2103 can.
1742 2037 1825 2101 In
1850 2039 1994 2102 istis
2025 2039 2085 2102 3.
2119 2037 2263 2101 dist.
2298 2038 2359 2100 4.
2382 2085 2397 2100 .
2444 2062 2479 2095 «
2516 2036 2712 2119 Leges
2735 2055 2875 2101 con·

405 2140 784 2216 stituuntur,
818 2159 960 2204 cum
999 2141 1514 2224 promulgantur:
1554 2140 1906 2217 firmantur,
1939 2160 2082 2204 cum
2118 2140 2395 2204 moribus
2427 2139 2741 2203 utentium
2773 2159 2877 2221 ap-

410 2242 756 2324 probantur
801 2265 878 2306 »t
919 2263 1077 2324 quae
1125 2245 1312 2308 verba
1358 2247 1506 2308 sunt
1554 2263 1603 2308 s.
1655 2243 2019 2328 Augustini,
2086 2245 2248 2307 certe
2294 2262 2417 2307 non
2464 2241 2875 2324 praevidentis

410 2346 678 2409 abusum
701 2345 887 2410 huius
921 2346 1286 2410 sententiae.
1319 2347 1675 2429 Respondet
1702 2346 1863 2410 Viva
1891 2345 1969 2409 ad
1986 2364 2158 2428 prop.
2179 2347 2284 2408 28.
2310 2345 2482 2408 Alex.
2500 2344 2638 2407 Vll.
2660 2365 2718 2407 n.
2736 2344 2872 2408 XL:

408 2448 572 2512 Dist.
612 2447 943 2511 firmantur
988 2447 1287 2512 firmitate
1331 2448 1502 2523 facti,
1543 2445 1626 2526 C3
1689 2447 1986 2511 firmitate
2031 2447 2207 2525 iuria,
2255 2445 2332 2509 N.
2388 2447 2548 2511 Item
2600 2447 2751 2510 bene
2798 2446 2875 2509 ad

406 2555 558 2619 haec
607 2553 758 2620 Voit
804 2573 877 2619 ex
920 2554 1264 2640 Laymam,
1311 2555 1455 2620 hinc
1485 2555 1752 2637 probari,
1787 2554 1951 2637 quod
1984 2573 2106 2619 11011
2137 2552 2386 2636 quidem
2434 2552 2510 2617 ad
2558 2552 2685 2617 vim
2719 2552 2875 2619 obli-

406 2658 706 2743 gationis,
755 2658 863 2721 sed
909 2657 988 2725 ad
1034 2658 1428 2723 durationem
1475 2660 1538 2722 et
1571 2658 1988 2723 stabilitatem
2020 2657 2175 2741 legis
2196 2676 2318 2736 per
2346 2654 2634 2719 accidens
2677 2675 2878 2720 110003-

403 2760 573 2824 saria
622 2760 706 2824 sit
753 2760 1095 2843 acceptatio
1144 2760 1358 2844 populi
1405 2779 1514 2824 seu
1542 2760 1766 2825 melius
1797 2760 2192 2824 observantia
2238 2758 2433 2840 leqv's:
2465 2758 2614 2840 quia
2660 2777 2875 2842 nempe

401 2882 647 2928 cessare
693 2883 766 2927 ex
812 2861 1211 2928 desuetudine
1259 2863 1560 2947 obligatio
1609 2866 1835 2947 potest.

497 2967 663 3030 Hinc
710 2968 884 3048 patet
929 2965 1247 3048 responsio
1297 2965 1374 3030 ad
1421 2966 1577 3031 alias
1623 2966 2028 3039 ratiunculas
2079 2985 2136 3028 v.
2171 2985 2266 3048 gr.
2305 2962 2369 3027 1⁰
2413 2964 2591 3042 Quod
2637 2966 2875 3028 multae

400 3069 892 3134 constitutiones
939 3068 1291 3151 pontificiae
1336 3068 1402 3131 in
1448 3067 1823 3150 quibusdam
1867 3066 2021 3130 locis
2067 3084 2190 3129 non
2247 3065 2542 3147 obligent,
2577 3065 2743 3143 qnod
2788 3085 2878 3128 re—

399 3174 624 3254 ceptae
671 3189 794 3235 non
825 3171 1079 3235 fuerunt
1109 3172 1172 3235 et
1204 3169 1447 3236 decreta
1481 3168 1757 3233 Trident.
1791 3165 2251 3230 reformationis
2299 3163 2377 3226 ad
2423 3164 2695 3227 multum
2727 3166 2880 3227 tem-

401 3294 526 3358 pus
543 3275 806 3357 -recepta
851 3274 916 3338 in
948 3272 1171 3338 Galliis
1196 3291 1319 3337 non
1351 3271 1617 3336 fuerint:
1653 3272 1722 3332 2⁰
1759 3267 1938 3348 Quod
1963 3267 2175 3349 legum
2208 3264 2654 3347 obligationem
2689 3265 2880 3330 tollat

397 3375 830 3442 consuetudo:
880 3377 951 3438 3⁰
998 3375 1160 3458 quod
1211 3371 1612 3456 supplicando
1661 3371 1762 3435 vel
1809 3366 2173 3453 appellando
2223 3366 2524 3450 obligatio
2570 3365 2728 3449 legis
2782 3385 2881 3431 su·

396 3479 624 3563 spendi
671 3479 891 3562 possit.

497 3583 664 3647 Nam
703 3581 976 3665 primum
1006 3599 1132 3644 non
1157 3578 1400 3662 probat,
1427 3595 1552 3642 non
1575 3593 1855 3659 peccasse
1888 3593 2012 3649 003,
2031 3572 2143 3654 qui
2172 3570 2462 3654 primitus
2493 3571 2661 3655 leges
2684 3572 2886 3635 trans-

399 3687 608 3772 gressi
655 3685 804 3749 sunt
837 3683 985 3766 (nisi
1030 3681 1338 3765 quaedam
1371 3680 1494 3744 alia
1528 3695 1712 3742 causa
1739 3678 1883 3741 illos
1923 3673 2355 3754 excusaverit),
2388 3673 2495 3737 sed
2540 3672 2744 3737 solum
2776 3692 2884 3753 per

399 3787 779 3852 diuturnam
809 3803 934 3850 non
967 3784 1427 3850 observantiam
1459 3782 1523 3845 in
1556 3780 1930 3862 quibusdam
1962 3777 2113 3843 locis
2148 3774 2428 3839 sublatas
2458 3774 2626 3856 leges
2663 3772 2883 3835 fuisse:

403 3891 483 3953 2⁰
513 3887 918 3953 Consuetudo
965 3887 1259 3969 supponit
1300 3884 1705 3948 intentionem
1738 3880 1998 3946 tollendi
2028 3875 2479 3958 obligationem
2510 3874 2698 3951 atque
2730 3870 2885 3935 adeo

404 3993 617 4075 ipsam
650 3989 1104 4075 obligationem
1136 3987 1453 4071 supponit,
1489 3988 1562 4049 ut
1588 3985 1746 4048 alias
1779 3983 2065 4046 diximus.
2102 3978 2173 4039 3⁰
2203 3973 2270 4038 Si
2301 3972 2411 4034 fiat
2445 3971 2780 4054 appellatio
2813 3990 2889 4035 ex

400 4095 578 4159 iusta
611 4112 829 4170 causa,
855 4090 1176 4174 suspendit
1193 4110 1271 4153 ex
1303 4090 1438 4152 iure
1456 4086 1903 4171 obligationem
1926 4080 2119 4164 legis:
2149 4078 2217 4139 at
2240 4073 2611 4155 supplicatio
2636 4071 2891 4136 tantum

403 4216 517 4281 per
562 4216 628 4262 se
675 4215 802 4261 non
836 4193 1008 4258 tollit
1054 4192 1374 4256 inductam
1408 4188 1875 4273 obligationem,
1908 4182 2056 4247 licet
2089 4176 2371 4259 speretur
2402 4192 2440 4237 a
2472 4172 2742 4256 principe
2771 4174 2895 4237 tol-

400 4300 624 4377 lenda;
662 4297 956 4381 quocirca
1004 4295 1267 4359 durante
1315 4291 1787 4376 supplicatione,
1838 4284 1995 4350 nihil
2040 4274 2391 4344 faciendum
2425 4275 2521 4337 est
2565 4274 2898 4385 001111310-

399 4423 568 4489 gem,
602 4401 732 4466 nisi
765 4418 875 4482 per
907 4398 1212 4482 epikeiam
1259 4394 1574 4479 praesumi
1623 4390 1841 4474 possit,
1891 4383 2326 4469 legislatorem
2358 4375 2437 4439 ob
2471 4375 2759 4439 adiuncta
2806 4393 2901 4437 in·

399 4506 590 4570 terim
639 4521 770 4568 non
819 4499 1060 4584 exigere
1107 4498 1585 4564 observantiam.
