3529 5158
375 394 478 469 [61]
1130 410 1646 453 conconsomzrm
1685 408 2086 450 aurncmmsus
2762 398 2831 451 59

374 512 523 571 tum.
560 505 683 578 Sic‚
701 506 926 588 inquit,
960 505 1185 570 Suarez
1218 507 1281 570 in
1318 508 1374 570 1.
1396 509 1455 569 2.
1475 509 1656 571 tract.
1680 509 1739 569 2.
1760 506 1915 589 disp.
1943 508 2004 569 3.
2024 509 2170 571 sect.
2191 508 2251 569 3.
2279 528 2337 570 n.
2361 509 2454 571 1.:
2489 533 2524 565 «
2555 507 2835 572 homines

369 608 645 675 studiose
677 609 950 672 excitant
984 609 1048 672 in
1074 629 1137 673 se
1162 608 1396 673 similes
1432 610 1705 681 affectus,
1733 608 1812 672 ad
1834 610 2056 673 melius
2081 610 2441 673 exercendas
2467 611 2738 674 actiones
2772 612 2834 674 et

370 713 441 777 de
487 713 606 777 hoc
651 711 808 776 dixit
839 711 1205 776 Aristoteles
1239 712 1299 774 3.
1333 711 1488 775 Etic.
1522 730 1655 794 cap.
1692 713 1788 775 8.:
1830 712 2083 794 Operari
2131 732 2201 777 ex
2247 712 2340 776 ira
2387 732 2507 776 non
2542 732 2672 776 esse
2719 711 2836 775 viri

372 814 566 887 fortiS,
602 813 710 877 sed
739 813 1004 877 excitare
1050 814 1112 877 in
1146 832 1210 876 se
1239 813 1399 876 iram
1430 832 1537 895 per
1568 814 1867 877 virtutem
1898 805 2306 887 fortitudinis,
2342 818 2415 879 ut
2443 815 2667 878 melius
2702 833 2838 897 ope-

369 920 535 980 retur
582 919 647 979 et
692 914 932 999 inducit
976 913 1320 979 Homerum
1365 915 1702 980 dicentem:
1754 917 1977 978 virtuti
2019 918 2283 979 immitte
2327 916 2606 995 fiee-orem
2651 918 2714 980 et
2759 916 2833 979 de

367 1020 479 1082 hac
493 1017 894 1102 Augustinus
931 1016 1005 1079 dc
1051 1016 1182 1080 Οἰυ.
1208 1016 1337 1080 Dei
1365 1018 1471 1081 lib.
1511 1018 1611 1080 14.
1645 1037 1777 1100 cap.
1820 1021 1879 1081 9.
1916 1018 2085 1095 dicit,
2113 1021 2454 1101 sapientem
2494 1038 2617 1083 non
2650 1038 2828 1101 posse

370 1120 430 1184 in
466 1120 587 1184 hae
618 1121 751 1183 vita
785 1120 986 1182 vivere
1024 1119 1153 1183 sine
1200 1120 1295 1184 his
1335 1119 1663 1183 affectibus
1696 1146 1756 1182 ».

473 1304 688 1356 ΧΧΧΙΙ.
703 1301 828 1355 Cum
841 1317 992 1355 conen
1001 1301 1233 1367 piscentia
1247 1304 1536 1356 antecedens
1556 1302 1742 1355 minuat
1758 1317 1844 1356 seu
1860 1302 2093 1370 impediat
2112 1302 2343 1357 iudicium
2362 1303 2582 1369 rationis,
2603 1319 2645 1357 S.
2656 1307 2833 1360 Thom.

378 1388 449 1453 (1.
478 1391 527 1441 2.
555 1404 605 1452 q.
633 1387 720 1439 77.
750 1394 841 1440 art.
870 1388 911 1440 ⁴.
939 1394 1001 1439 ct.
1031 1390 1119 1453 2.),
1145 1401 1321 1439 causae
1358 1394 1518 1439 autem
1557 1401 1681 1451 quae
1719 1387 1994 1441 diminuunt
2031 1387 2263 1441 iudicium
2306 1389 2525 1453 rationis,
2565 1389 2831 1443 diminuant

376 1480 425 1525 et
448 1471 784 1525 voluntarium
818 1474 963 1536 (1.2.
985 1487 1030 1536 q.
1052 1472 1138 1524 73.
1159 1486 1203 1525 a.
1226 1473 1299 1535 6.)
1325 1486 1382 1524 ac
1419 1471 1626 1537 denique
1663 1480 1803 1526 actus
1839 1471 1887 1525 in
1916 1480 2101 1526 tantum
2133 1474 2195 1526 sit
2229 1481 2494 1540 peceatum,
2526 1474 2575 1527 in
2600 1482 2832 1540 quantum

374 1564 447 1611 est
486 1556 793 1610 voluntarius
820 1557 891 1621 (Ι.
915 1558 962 1608 2.
981 1571 1027 1621 q.
1050 1555 1136 1608 77.
1159 1571 1201 1609 a.
1224 1558 1297 1623 6.)
1328 1555 1441 1608 ideo
1479 1556 1889 1623 eoncupiscentia,
1923 1555 1963 1609 si
1992 1556 2040 1610 in
2068 1571 2212 1610 causa
2253 1574 2348 1611 non
2378 1557 2523 1611 tuerit
2551 1559 2827 1612 voluntaria

376 1645 446 1707 (1.
467 1645 516 1694 2.
539 1657 585 1705 q.
605 1641 695 1695 77.
715 1656 760 1693 a.
782 1642 876 1706 7.)‚
903 1640 950 1693 in
989 1647 1219 1706 quantum
1258 1638 1428 1692 minuit
1469 1640 1813 1704 voluntarium,
1842 1641 2010 1694 minuit
2053 1650 2303 1709 peceatum
2342 1643 2460 1696 ibid.
2491 1650 2585 1695 art.
2610 1644 2658 1692 6.
2687 1650 2832 1708 atque

376 1729 495 1779 adeo
534 1724 619 1778 ubi
645 1725 798 1779 maior
821 1739 877 1778 ac
905 1725 1075 1778 tortior
1101 1732 1176 1778 est
1206 1724 1617 1790 concupiscentia,
1645 1727 1805 1779 minus
1832 1733 1904 1779 est
1935 1734 2186 1791 peccatum
2213 1729 2285 1793 (Ι.
2308 1730 2356 1781 2.
2379 1743 2426 1792 q.
2452 1728 2538 1780 73.
2561 1742 2606 1779 a.
2629 1728 2678 1778 6.
2702 1730 2764 1780 ad
2785 1731 2834 1781 2.

376 1810 512 1865 etde
536 1810 667 1868 Mal.
696 1826 742 1875 q.
771 1812 822 1863 3.
846 1817 941 1863 art.
977 1812 1054 1863 Η.
1079 1811 1158 1863 ad.
1187 1810 1260 1876 3.)
1279 1823 1293 1875 ;
1329 1809 1428 1861 imo
1468 1808 1662 1874 penitus
1700 1825 1726 1863 a
1767 1817 1967 1877 peccato
2007 1817 2223 1873 excusat,
2251 1810 2292 1865 si
2325 1811 2538 1865 totaliter
2580 1827 2721 1866 usum
2759 1827 2833 1866 ra-

375 1895 520 1950 tionis
558 1899 750 1948 auferat
789 1896 861 1961 (1.
885 1898 933 1947 2.
957 1910 1003 1960 q.
1024 1895 1111 1947 77.
1133 1901 1225 1948 art.
1249 1894 1343 1960 7.).

459 2037 562 2111 61.
596 2039 976 2105 Antecedens
1007 2039 1501 2122 concupiscentia
1547 2040 1775 2104 minuit
1821 2044 2160 2123 peccatum.
2196 2042 2277 2106 Et
2314 2061 2459 2106 sane
2490 2044 2718 2108 minuit
2747 2045 2840 2108 iu-

371 2143 599 2207 dicium
647 2142 927 2206 rationis.
962 2143 1062 2205 Ita
1095 2161 1143 2204 s.
1179 2141 1471 2215 Thomas,
1496 2144 1565 2232 ,1.
1604 2145 1663 2205 2.
1696 2163 1757 2225 q.
1796 2144 1895 2206 77.
1933 2163 1987 2207 a.
2027 2145 2085 2207 7.
2120 2144 2216 2208 ad.
2256 2146 2348 2208 l.:
2392 2170 2426 2203 «
2458 2144 2576 2210 Per
2607 2148 2837 2228 passio-

371 2266 508 2311 nem
558 2245 873 2328 appetitus
906 2243 1186 2308 sensitivi
1217 2244 1291 2307 fit
1321 2244 1531 2325 aliqua
1578 2245 1936 2309 immutatio
1970 2247 2130 2309 cirea
2159 2246 2458 2311 iudicium
2489 2247 2563 2311 de
2597 2249 2835 2313 obiecto

370 2348 714 2414 voluntatis
746 2370 806 2408 ».
848 2347 930 2410 Et
960 2345 1034 2408 de
1058 2345 1244 2409 Malo
1266 2366 1325 2428 q.
1360 2349 1420 2409 3.
1457 2366 1513 2409 a.
1544 2347 1681 2409 11.:
1725 2374 1759 2404 ‹
1793 2347 2008 2411 Passio
2041 2347 2335 2413 diminuit
2373 2351 2678 2414 rationem
2709 2371 2831 2415 me-

370 2453 474 2517 riti
522 2454 586 2516 et
633 2449 942 2521 demeriti:
984 2449 1131 2531 quia
1177 2450 1469 2513 meritum
1517 2451 1580 2512 et
1620 2448 1987 2513 demeritum
2033 2451 2097 2513 in
2147 2450 2443 2515 electione
2488 2452 2838 2517 consistunt

369 2575 438 2621 ex
482 2554 727 2619 ratione
773 2551 1153 2637 procedente.
1188 2552 1404 2617 Passio
1453 2553 1664 2616 autem
1703 2552 2030 2617 obnubilat
2074 2553 2171 2617 vel
2218 2553 2380 2638 ligat
2411 2553 2708 2619 iudicium
2741 2575 2835 2620 ra-

374 2659 575 2722 tionis.
610 2654 860 2735 Quanto
909 2659 1120 2719 autem
1152 2654 1449 2719 iudicium
1482 2657 1742 2720 rationis
1777 2656 1962 2720 fuerit
1994 2658 2228 2739 puriuS,
2270 2660 2451 2723 tanto
2485 2659 2703 2724 electio
2743 2664 2837 2724 est

376 2760 780 2844 perspicacior
810 2758 887 2822 ad
916 2758 1274 2823 merendum
1306 2759 1403 2822 vel
1436 2758 1868 2823 demerendum
1901 2785 1961 2821 ».

457 2863 714 2945 Triplici
761 2864 973 2926 autem
1019 2861 1201 2924 modo
1235 2861 1325 2942 (l.
1360 2863 1420 2923 2.
1454 2881 1512 2943 q.
1548 2863 1652 2925 37.
1702 2881 1757 2925 a.
1796 2863 1887 2944 2.)
1934 2863 2140 2944 passio
2187 2864 2447 2946 impedit
2493 2866 2834 2931 considera·

373 2967 630 3031 tionem.

458 3070 672 3134 Primo
704 3087 811 3151 per
841 3067 1151 3149 quandam
1197 3066 1679 3129 destructionem.
1713 3068 1805 3130 De
1837 3086 1979 3148 qua,
2014 3068 2161 3130 ibid.
2197 3087 2252 3131 a.
2291 3069 2347 3131 1.
2398 3070 2486 3133 sic
2530 3071 2834 3151 loquitur,

374 3192 597 3238 vocans
631 3172 1145 3236 abstractionem:
1201 3195 1235 3227 ‹<
1267 3170 1482 3233 Passio
1516 3170 1830 3252 appetitus
1864 3171 2205 3232 sensitivi...
2243 3173 2449 3250 potest
2481 3173 2723 3234 trahere
2757 3191 2826 3236 ac

374 3296 617 3341 movere
664 3275 1117 3340 voluntatem...
1173 3273 1464 3338 indirecte
1512 3274 1574 3334 et
1620 3272 1736 3334 hoc
1782 3271 2136 3354 dupliciter:
2188 3290 2309 3335 uno
2357 3272 2604 3353 quidem
2650 3274 2834 3337 modo

375 3378 710 3443 secundum
734 3376 1068 3460 quamdam
1101 3375 1599 3440 abstractionem.
1627 3370 1784 3435 Cum
1817 3374 1980 3436 enim
2012 3392 2221 3437 omnes
2246 3374 2560 3457 potentiae
2586 3375 2827 3439 animae

381 3482 439 3543 in
484 3500 607 3544 una
654 3479 923 3543 essentia
969 3479 1209 3542 animae
1255 3475 1627 3548 radicentur,
1673 3493 1915 3539 necesse
1955 3477 2264 3558 estquod,
2299 3476 2544 3560 quando
2580 3497 2702 3541 una
2733 3497 2837 3560 po·

378 3582 571 3647 tentia
616 3580 963 3646 intenditur
1006 3581 1067 3644 in
1117 3599 1229 3644 suo
1279 3581 1443 3651 actu,
1484 3578 1680 3642 altera
1710 3577 1774 3641 in
1808 3597 1918 3641 suo
1952 3581 2096 3642 actu
2129 3581 2489 3644 remittatur
2519 3581 2616 3644 vel
2649 3581 2840 3644 etiam

375 3685 657 3749 totaliter
702 3683 766 3747 in
799 3701 911 3747 suo
945 3685 1090 3746 actu
1130 3681 1536 3764 impediatur;
1573 3682 1709 3743 tum
1756 3681 1904 3762 quia
1952 3682 2152 3746 omnis
2199 3683 2398 3746 virtus
2446 3683 2718 3765 dispersa
2764 3683 2838 3747 fit

376 3788 590 3862 minor,
633 3786 795 3849 unde
825 3805 857 3848 e
894 3785 1204 3849 contrario
1243 3783 1487 3866 quando
1528 3783 1870 3847 intenditur
1915 3785 2076 3848 circa
2122 3805 2335 3860 unum,
2386 3785 2592 3848 minus
2625 3788 2833 3866 potest

378 3890 449 3953 ad
488 3891 614 3955 alia
646 3889 937 3972 dispergi,
979 3891 1118 3952 tum
1155 3887 1299 3970 quia
1337 3888 1400 3950 in
1440 3887 1722 3969 operibus
1757 3888 1998 3951 animae
2031 3888 2367 3968 requiritur
2413 3888 2719 3968 quaedam
2758 3889 2844 3950 in·

375 3994 586 4068 tentio,
627 4010 789 4073 quae
835 3990 984 4054 dum
1030 3991 1419 4055 vehementer
1457 3989 1807 4072 applicatur
1853 3989 1929 4052 ad
1977 4008 2173 4051 unum
2229 4008 2350 4052 non
2400 3990 2608 4071 potest
2657 3989 2843 4053 alteri

377 4095 764 4159 vehementer
808 4093 1140 4157 attendere.
1193 4092 1271 4156 Et
1319 4091 1653 4155 secundum
1700 4091 1863 4154 hunc
1907 4090 2183 4167 modum,
2233 4109 2340 4172 per
2384 4091 2698 4171 quandam
2745 4091 2837 4154 di.

376 4199 790 4270 stractimwm,
824 4194 1072 4278 quando
1119 4197 1328 4258 motus
1389 4195 1704 4277 appetitus
1760 4192 2038 4256 sensitivi
2085 4192 2459 4256 fortificatur
2506 4195 2840 4258 secundum

375 4319 823 4382 quamcumque
862 4299 1230 4382 passionem,
1265 4316 1504 4361 necesse
1544 4299 1638 4360 est
1675 4295 1841 4377 quod
1881 4296 2240 4360 remittatur
2272 4296 2370 4360 vel
2404 4298 2690 4362 totaliter
2721 4299 2831 4361 im-

375 4402 654 4484 pediatur
697 4404 911 4466 motus
950 4401 1231 4484 proprius
1266 4400 1580 4482 appetitus
1619 4399 1967 4472 rationaliS,
2007 4399 2114 4481 qui
2162 4401 2256 4462 est
2289 4400 2586 4464 voluntas
2623 4429 2682 4462 ».

461 4503 738 4569 Secundo
800 4504 1006 4586 passio
1064 4502 1323 4586 impedit
1384 4501 1938 4566 considerationem
1992 4521 2099 4583 per
2158 4502 2682 4565 contrarietatem.
2745 4503 2844 4565 Ita

381 4627 424 4671 s.
462 4608 734 4673 Thomas
772 4605 849 4669 de
889 4604 1070 4668 Malo
1101 4625 1159 4686 q.
1200 4605 1259 4667 3.
1296 4623 1352 4667 a.
1394 4607 1485 4668 9.:
1535 4629 1568 4662 «
1601 4604 1927 4668 Passiones
1975 4605 2236 4678 animae,
2270 4624 2413 4668 cum
2461 4606 2587 4668 sint
2618 4604 2678 4666 in
2731 4624 2839 4685 ap-
