3529 5158
978 395 1465 439 PROPoslTIONUM
1504 396 1951 438 DAMNATARUM.
1994 399 2122 437 BAII
2699 401 2802 440 XIX

442 498 503 555 3.
555 495 647 555 Et
678 495 874 555 bonis
905 495 1164 571 angelis
1196 499 1265 556 et
1304 494 1520 572 primo
1565 496 1840 571 homini,
1891 497 1944 555 si
1995 496 2062 556 in
2105 502 2284 557 statu
2335 497 2450 557 illo
2497 516 2801 573 perseve-

351 588 565 646 rasset
589 601 801 661 usque
827 585 910 644 ad
942 585 1251 645 ultimum
1285 586 1489 655 vitae,
1517 583 1804 644 felicitas
1828 590 2005 645 esset
2035 603 2284 646 merces
2308 593 2378 646 et
2397 604 2528 647 non
2564 590 2800 663 gratia.

442 680 504 735 4.
541 675 707 735 Vita
742 680 1019 734 aeterna
1050 674 1301 734 homini
1335 675 1599 749 integro
1630 680 1700 732 et
1744 675 1985 749 angelo
2015 676 2340 750 promissa
2371 675 2504 736 fuit
2550 678 2800 737 intuitu

356 764 677 824 bonorum
718 780 994 839 operum
1025 768 1096 823 et
1126 764 1300 823 bona
1345 778 1546 838 opera
1591 780 1672 821 ex
1721 763 1870 839 lege
1904 768 2183 824 naturae
2215 765 2298 824 ad
2347 764 2530 824 illam
2578 783 2803 826 conse-

354 853 684 929 quendam
715 869 836 928 per
872 867 943 912 se
975 853 1330 912 sufficiunt.

442 947 502 1003 5.
540 944 620 1001 In
660 940 1096 1017 promissione
1143 941 1322 1001 fact-a
1352 942 1592 1017 angelo
1624 945 1690 1000 et
1737 942 1953 1017 primo
1987 942 2234 1002 homini
2277 943 2660 1004 continetur
2690 961 2806 1004 na-

354 1031 593 1091 turalis
639 1031 943 1092 iustitiae
990 1031 1403 1105 constitutio,
1437 1048 1571 1105 qua
1608 1047 1729 1106 pro
1773 1032 1960 1090 bonis
1993 1032 2325 1107 operibus,
2361 1033 2505 1092 sine
2538 1035 2669 1093 alio
2707 1050 2805 1094 re-

354 1126 609 1198 spectu,
642 1122 787 1180 vita
818 1125 1092 1180 aeterna
1121 1120 1319 1179 iustis
1354 1120 1792 1195 promittitur.

443 1213 502 1269 6.
518 1210 820 1269 Naturali
858 1211 1002 1287 lege
1027 1209 1467 1269 constitutum
1494 1208 1626 1267 fuit
1658 1208 1931 1281 homini,
1962 1213 2056 1281 ut,
2077 1209 2218 1268 siin
2246 1210 2627 1271 obedientia
2655 1228 2804 1287 per-

357 1304 713 1372 severaret,
752 1299 836 1357 ad
872 1315 1015 1358 eam
1063 1300 1273 1357 vitam
1305 1298 1766 1375 pertransiret,
1802 1299 1870 1356 in
1905 1314 2038 1373 qua
2067 1299 2232 1357 mori
2266 1316 2395 1359 nou
2436 1308 2682 1375 posset.

447 1391 504 1448 7.
542 1388 748 1446 Primi
797 1387 1085 1449 hominis
1123 1387 1368 1462 integri
1418 1389 1658 1447 merita
1688 1388 1967 1448 fuerunt
1998 1388 2248 1463 primae
2275 1390 2630 1450 creationis
2660 1408 2804 1449 mu-

355 1494 542 1537 nera:
591 1476 704 1534 sed
755 1476 946 1536 iuxta
1005 1477 1273 1535 modum
1329 1477 1649 1551 loquendi
1719 1477 2105 1553 scripturae
2166 1493 2389 1538 sacrae
2443 1495 2576 1539 non
2626 1484 2805 1539 recte

357 1568 685 1626 vocantur
730 1566 979 1641 gratia3
1030 1582 1163 1640 quo
1211 1566 1304 1643 fit,
1354 1572 1433 1624 ut
1481 1569 1746 1625 tantum
1811 1567 2067 1642 merita,
2120 1583 2249 1626 non
2315 1567 2514 1627 etiam
2565 1571 2801 1642 gratia,

353 1657 639 1715 debeant
667 1655 1061 1730 nuncupari.

443 1750 501 1804 8.
555 1746 637 1804 In
684 1744 1047 1819 redemptis
1104 1760 1221 1819 per
1278 1745 1563 1817 gratiam
1621 1742 1871 1803 Christi
1923 1745 2184 1802 nullum
2241 1745 2535 1803 inveniri
2581 1748 2806 1820 potest

356 1834 598 1893 bonum
647 1833 979 1909 meritum,
1020 1834 1197 1908 quod
1233 1833 1323 1892 sit
1355 1833 1564 1907 grat-is
1603 1832 1885 1909 indigno
1917 1834 2251 1892 collatum.

442 1929 501 1983 9.
544 1924 740 1983 Dona
784 1938 1094 1984 concessa
1139 1922 1387 1981 homini
1437 1923 1701 1997 integro
1748 1927 1819 1981 ct
1864 1923 2106 1997 angelo
2166 1921 2445 1983 forsitan
2495 1940 2627 1983 non
2684 1924 2806 1984 im-

355 2012 695 2089 probanda
742 2012 997 2073 ratione
1044 2018 1329 2086 possunt
1374 2010 1507 2069 dici
1546 2011 1793 2087 gratia;
1834 2011 1950 2070 sed
1998 2012 2175 2085 quia,
2211 2014 2574 2071 secundum
2607 2030 2800 2073 usum

354 2118 578 2162 sacrae
628 2101 1031 2177 scripturae,
1067 2102 1333 2159 nomine
1382 2099 1635 2173 gratiae
1681 2116 1759 2158 ea
1805 2103 2066 2159 tantum
2101 2117 2380 2160 munera
2413 2102 2804 2177 intelligun-

355 2196 483 2268 tur,
523 2207 696 2266 quae
741 2207 860 2266 per
909 2191 1127 2249 Iesum
1180 2190 1517 2249 Christum
1567 2189 1737 2247 male
1774 2189 2188 2247 merentibus
2220 2197 2288 2250 et
2322 2189 2621 2263 indignis
2651 2208 2804 2251 con-

352 2283 679 2356 seruntur,
723 2279 874 2339 ideo
920 2296 1138 2354 neque
1186 2278 1423 2338 merita
1467 2294 1686 2352 neque
1733 2293 2004 2347 merces,
2054 2294 2226 2352 quae
2288 2280 2423 2338 illis
2477 2279 2801 2355 redditur,

352 2371 568 2447 gratia
613 2369 743 2429 dici
776 2368 994 2427 debet.

444 2463 546 2519 lo.
599 2458 860 2517 Solutio
915 2472 1168 2534 poenae
1223 2457 1628 2531 temporalis,
1693 2471 1867 2530 quae
1935 2461 2208 2530 peccato
2272 2455 2546 2516 dimisso
2607 2474 2804 2533 saepe

352 2549 594 2626 manet,
630 2553 699 2608 et
744 2546 1038 2622 corporis
1069 2545 1465 2606 resurrectio
1510 2545 1778 2621 proprie
1815 2544 2082 2605 nonnisi
2116 2545 2373 2606 meritis
2407 2545 2657 2607 Christi
2690 2549 2805 2607 ad-

350 2638 700 2698 scribenda
731 2643 853 2696 est.

446 2730 547 2786 11.
575 2727 769 2800 Quod
817 2726 925 2801 pie
972 2727 1041 2785 et
1086 2726 1261 2784 iuste
1312 2723 1380 2782 in
1411 2723 1538 2783 hac
1572 2723 1715 2783 vita
1744 2725 2011 2785 mortali
2045 2741 2260 2800 usque
2296 2724 2364 2783 in
2398 2727 2596 2785 finem
2621 2726 2805 2785 vitae

352 2818 726 2878 conversati
775 2817 983 2876 vitam
1019 2814 1489 2889 consequimur
1533 2819 1893 2888 aeternam,
1933 2815 1997 2872 id
2049 2832 2178 2873 non
2234 2817 2501 2890 proprie
2548 2817 2806 2892 gratiae

352 2908 497 2982 Dei,
547 2905 664 2966 sed
711 2903 1113 2966 ordinationi
1162 2903 1452 2962 naturali
1500 2904 1725 2963 statim
1767 2902 1965 2962 initio
1994 2904 2351 2963 creationis
2397 2906 2806 2965 constitutae

350 2997 529 3056 iusto
577 2995 705 3055 Dei
752 2995 999 3053 iudicio
1044 2992 1499 3067 deputandum
1549 2998 1652 3051 est
1699 3009 1919 3068 neque
1951 2993 2021 3050 in
2055 2993 2179 3052 hac
2212 2993 2657 3054 retributione
2691 2994 2804 3053 bo·

351 3102 580 3144 norum
632 3084 717 3143 ad
750 3083 998 3144 Christi
1040 3082 1350 3141 meritum
1382 3081 1759 3156 respicitur,
1804 3080 1920 3140 sed
1960 3087 2222 3140 tantum
2264 3082 2347 3140 ad
2385 3084 2662 3155 primam
2702 3085 2804 3140 in-

347 3174 767 3234 stitutionem
801 3171 1064 3248 generis
1098 3169 1391 3245 humani,
1426 3171 1493 3228 in
1529 3187 1662 3244 qua
1695 3170 1841 3242 lege
1883 3170 2174 3228 naturali
2209 3171 2648 3227 constitutum
2677 3175 2799 3242 est,

348 3269 424 3322 ut
447 3264 630 3322 iusto
656 3262 779 3321 Dei
807 3260 1051 3321 iudicio
1070 3259 1488 3318 obedieutiae
1513 3259 1976 3316 mandatorum
2001 3258 2144 3313 vita
2165 3263 2440 3314 aeterna
2463 3256 2799 3316 reddatur.

437 3354 543 3410 12.
582 3351 841 3426 Pelagii
880 3349 1214 3408 sententia
1245 3352 1377 3406 est:
1404 3363 1572 3420 opus
1599 3346 1866 3420 bonum,
1891 3344 2060 3402 citra
2098 3344 2384 3418 gratiam
2421 3344 2803 3419 adoptionis

348 3439 618 3518 factum,
654 3457 789 3499 nou
819 3445 923 3498 est
967 3439 1154 3512 regni
1196 3435 1503 3496 caelestis
1540 3434 1972 3493 meritorium.

444 3530 543 3590 13.
581 3530 805 3605 Opera
834 3529 1027 3600 bona,
1076 3544 1116 3586 a
1160 3527 1318 3585 filiis
1364 3523 1746 3598 adoptionis
1795 3522 1993 3600 facta,
2041 3540 2176 3583 non
2212 3521 2556 3600 accipiunt
2600 3521 2803 3584 ratio·

349 3635 499 3678 nem
548 3617 771 3678 meriti
817 3633 899 3677 ex
946 3632 1024 3676 eo
1071 3615 1249 3691 quod
1297 3615 1463 3673 fiant
1492 3630 1615 3688 per
1659 3613 1970 3687 spiritum
2007 3613 2388 3688 adoptionis
2420 3615 2803 3673 inhabitan-

348 3714 480 3769 tem
522 3708 724 3767 corda
769 3706 1053 3766 filiorum
1087 3704 1241 3772 Dei;
1279 3703 1396 3763 sed
1441 3710 1706 3762 tantum
1755 3719 1834 3761 eo
1872 3704 2053 3777 quod
2084 3704 2222 3762 sint
2258 3702 2622 3762 conformia
2669 3704 2797 3776 legi

352 3797 668 3873 quodque
697 3812 817 3871 per
862 3812 942 3855 ea
986 3797 1368 3870 praestetur
1400 3791 1784 3852 obedientia
1822 3793 1974 3866 legi.

438 3889 545 3946 14.
598 3887 820 3960 Opera
849 3885 1027 3944 bona
1056 3884 1384 3943 iustorum
1416 3898 1545 3940 non
1597 3881 1930 3955 accipient
1978 3881 2043 3938 in
2094 3878 2201 3939 die
2239 3879 2470 3939 iudicii
2520 3881 2798 3938 extremi

348 3975 717 4036 mercedem
751 3973 1158 4050 ampliorem,
1194 3988 1391 4046 quam
1424 3971 1604 4030 iusto
1630 3970 1757 4028 Dei
1790 3969 2039 4028 iudicio
2071 3978 2452 4027 mereantur
2483 3968 2798 4041 accipere.

440 4069 544 4124 15.
584 4062 781 4122 Ratio
830 4062 1050 4120 meriti
1087 4077 1222 4120 non
1270 4060 1578 4120 consistit
1623 4061 1693 4117 in
1742 4076 1839 4132 eo,
1881 4057 2062 4132 quod
2108 4058 2221 4132 qui
2275 4057 2442 4116 bene
2489 4062 2805 4131 operatur

350 4153 598 4214 habeat
644 4151 928 4229 matiam
990 4154 1059 4209 et
1113 4149 1603 4208 inhabitantem
1674 4148 1998 4222 Spiritum
2053 4146 2394 4219 Sanctum,
2444 4147 2560 4205 sed
2608 4147 2677 4204 in
2725 4163 2802 4204 eo

347 4243 582 4320 solum,
622 4240 800 4317 quod
832 4239 1060 4299 obedit
1090 4238 1363 4297 divinae
1399 4238 1551 4314 legi.

440 4335 545 4391 16.
597 4329 748 4390 Non
780 4335 885 4389 est
913 4344 1074 4388 vera
1113 4328 1279 4402 legis
1313 4325 1711 4399 obedientia,
1748 4340 1920 4400 quae
1952 4324 2028 4383 fit
2062 4326 2205 4384 sine
2239 4325 2535 4384 caritate.

439 4423 544 4480 17.
587 4416 909 4479 Sentiunt
932 4433 1081 4477 cum
1122 4416 1415 4494 PelagiO,
1464 4416 1579 4490 qui
1626 4415 1887 4486 dicunt,
1928 4429 2071 4472 esse
2106 4414 2549 4474 necessarium
2582 4414 2666 4472 ad
2701 4431 2803 4472 ra-

351 4510 601 4570 tionem
648 4508 894 4580 meriti,
941 4512 1021 4565 ut
1067 4507 1260 4564 homo
1308 4504 1389 4563 de
1437 4503 1654 4578 gratia
1699 4503 2083 4577 adoptionis
2116 4504 2515 4562 sublimetur
2550 4503 2632 4562 ad
2667 4510 2800 4561 sta-

351 4607 492 4658 tum
528 4597 861 4658 deificum.
