3529 5158
682 402 792 456 470
1231 409 1441 450 τΒΑοΤ.
1479 410 1559 449 1v.
1598 409 1685 448 nn
1720 407 2024 451 PmoA'rls.
2063 411 2264 453 cAPn‘r
2305 414 2344 453 1.
2382 413 2525 454 Dus.
2568 414 2607 453 1.
3006 397 3153 474 [500]

685 531 805 577 non
835 509 1095 575 retinere
1128 507 1426 571 memoria
1458 505 1724 590 vestigia
1746 507 2139 591 cognitionis,
2166 529 2359 591 quam
2389 511 2545 574 satis
2578 512 2764 574 antea
2796 510 3155 574 habuerunt

684 616 758 679 de
787 614 1057 697 peccato,
1094 611 1190 674 vel
1223 610 1557 693 vestigium
1603 628 1734 673 esse
1784 608 1936 673 adeo
1974 610 2128 686 leve,
2167 613 2240 675 ut
2275 612 2647 696 interrogati
2690 612 2872 676 facile
2909 631 3158 695 respon-

686 716 872 780 deant
902 733 966 779 se
996 732 1117 778 non
1154 711 1525 786 advertisse,
1560 713 1784 775 cautus
1825 729 1968 775 vero
2000 712 2432 788 confessarius,
2475 713 2584 790 ait,
2622 731 2742 777 non
2790 713 2977 778 debet
3005 714 3156 796 ipsis

687 818 869 882 fidem
891 818 1224 900 praestare.
1252 812 1368 878 Sed
1401 815 1464 878 et
1495 814 1663 877 aliud
1689 812 2055 890 addendum,
2081 814 2284 898 reipsa
2317 815 2523 896 quoad
2558 816 2737 879 actus
2761 817 3157 880 externarum

686 921 1063 986 facultatum
1109 917 1350 983 evenire
1395 936 1592 999 posse,
1642 918 1718 981 ut
1762 917 1890 980 sint
1935 918 2109 1000 plene
2157 918 2567 993 indeliberati,
2618 919 2783 982 sicut
2829 920 2893 982 et
2923 920 3159 1003 cogita-

689 1025 888 1088 tiones
923 1043 979 1086 v.
1014 1042 1106 1104 gr.
1134 1024 1345 1102 turpes
1378 1019 1470 1082 vel
1508 1018 1650 1096 odii,
1684 1019 1971 1096 invidiae,
2008 1020 2348 1102 superbiae.
2382 1018 2597 1102 Neque
2627 1023 2839 1084 tamen
2872 1023 3155 1104 sequitur

690 1125 1008 1207 quidpiam
1052 1125 1268 1188 contra
1314 1140 1703 1185 communem
1748 1120 2113 1185 doctrinam.
2165 1122 2401 1186 Beatus
2458 1123 2694 1186 scilicet
2740 1142 2862 1187 non
2916 1124 3149 1198 aberit;

690 1230 828 1291 tum
859 1227 1008 1307 quia
1038 1227 1244 1290 status
1276 1224 1380 1287 ille
1410 1223 1832 1287 distractionis
1866 1226 1929 1288 et
1958 1224 2135 1306 pravi
2165 1224 2418 1288 habitus
2452 1225 2842 1289 voluntarius
2872 1228 2988 1303 est,
3017 1228 3152 1290 tum

692 1329 839 1411 quia
877 1328 1178 1412 obligatio
1211 1326 1387 1391 adest
1418 1325 1743 1409 vigilandi:
1777 1345 1936 1407 quae
1976 1325 2387 1410 obligationes
2419 1347 2560 1391 cum
2607 1327 2925 1410 profluant
2973 1348 3045 1392 ex
3076 1328 3158 1392 le-

691 1432 894 1516 gibus
929 1449 1088 1512 quae
1125 1428 1530 1493 habitualiter
1575 1428 1892 1492 violantur
1937 1428 2128 1493 etiam
2167 1448 2273 1511 per
2304 1431 2480 1493 actus
2519 1429 2661 1493 illos
2693 1429 3152 1506 indeliberatOS,

694 1552 765 1598 eo
802 1534 937 1616 ipso
975 1535 1188 1598 contra
1218 1532 1359 1595 illas
1397 1532 1704 1613 peccatur.
1738 1529 1881 1594 Vid.
1915 1530 2094 1614 Lugo
2127 1530 2201 1593 de
2233 1529 2484 1593 Poenit.
2520 1531 2674 1614 disp.
2715 1533 2817 1594 16.
2855 1553 2914 1596 n.
2957 1534 3103 1596 185.

785 1633 963 1708 500.
990 1636 1144 1700 Η310
1173 1635 1353 1699 iuvat
1382 1633 1734 1698 meminisse
1770 1683 1784 1706 ,
1812 1652 2001 1713 quam
2030 1632 2251 1696 misere
2283 1632 2613 1716 impegerit
2644 1632 2957 1717 Georgius
2989 1633 3161 1698 Guil-

694 1740 917 1803 lelmus
942 1738 1138 1801 Ward
1163 1738 1225 1800 in
1251 1735 1479 1801 litteris
1503 1735 1667 1798 datis
1697 1735 1798 1798 18.
1824 1735 1954 1799 Ian.
1988 1736 2176 1798 1854.
2205 1735 2280 1797 ad
2306 1735 2625 1819 egregium
2658 1735 2861 1800 virum
2889 1737 2966 1800 D.
3003 1737 3163 1800 Hen-

695 1845 891 1909 ricum
924 1843 1244 1925 Manning.
1280 1840 1441 1904 Nam
1474 1859 1615 1923 pag.
1653 1841 1758 1902 25.
1794 1842 1856 1903 et
1885 1839 2008 1902 ista
2042 1839 2284 1903 scribit:
2311 1863 2346 1898 ‹
2370 1840 2589 1904 Potest
2620 1858 2765 1923 ergo
2806 1840 2901 1903 vir
2934 1841 3166 1905 morta·

696 1948 839 2011 liter
884 1964 1152 2027 peccare,
1201 1942 1349 2024 quin
1389 1942 1664 2022 aliquam
1713 1941 1785 2005 de
1833 1943 2082 2023 peccato
2132 1941 2239 2005 illo
2287 1942 2696 2024 suspicionem
2744 1941 3060 2025 concipiat
3105 1945 3167 2006 et

697 2047 1038 2112 certissime
1069 2045 1265 2128 igitur
1297 2044 1426 2107 sine
1459 2044 1589 2106 ulla
1622 2044 1870 2107 omnino
1906 2043 1982 2106 ad
2028 2044 2340 2108 malitiam
2376 2045 2507 2108 eius
2541 2044 2930 2108 advertentia
2958 2069 3024 2108 ».
3051 2043 3165 2108 Sed

700 2171 820 2217 non
876 2147 1238 2212 advertebat
1289 2146 1484 2209 bonus
1537 2146 1655 2218 vir,
1704 2145 2172 2222 Bellarminum,
2223 2166 2255 2210 e
2302 2148 2480 2211 cuius
2532 2147 2813 2211 doctrina
2863 2147 3162 2211 absonam

699 2258 856 2320 hanc
885 2250 1339 2316 conclusionem
1370 2248 1637 2324 deducit,
1669 2250 1942 2312 tractare
1979 2249 2052 2312 de
2091 2250 2355 2326 homine,
2391 2250 2500 2331 qui
2530 2250 2773 2314 laboret
2806 2250 3162 2333 ignorantia

698 2376 904 2423 crassa
952 2375 1023 2420 ac
1059 2353 1299 2436 supina,
1339 2351 1585 2434 quando
1624 2351 1753 2415 scil.
1789 2353 2001 2415 reatus
2033 2371 2152 2416 non
2186 2353 2247 2415 in
2282 2355 2427 2416 actu
2458 2352 2662 2433 posito
2696 2371 2766 2415 ex
2804 2352 3162 2436 ignorantia

700 2460 943 2535 residet,
979 2458 1082 2522 sed
1114 2458 1176 2521 in
1210 2474 1418 2531 causa,
1458 2454 1618 2517 idest
1653 2454 1718 2516 in
1749 2453 1929 2536 gravi
1960 2455 2361 2538 negligentia.

789 2562 1024 2626 Verum
1049 2558 1363 2625 verissime
1395 2555 1702 2620 scribebat
1731 2556 1862 2639 ipse
1891 2557 1947 2638 ξ.
1969 2556 2044 2620 V.
2064 2575 2204 2641 pag.
2227 2556 2331 2619 21.
2359 2579 2394 2614 «
2417 2556 2553 2620 Hoc
2583 2556 2852 2641 ingenue
2885 2557 3164 2622 confiteri

704 2667 865 2741 volo,
889 2684 989 2727 me
1011 2679 1404 2743 nequaquam
1427 2659 1550 2721 ista
1576 2657 1940 2722 eruditionis
1965 2661 2028 2722 et
2059 2658 2348 2722 scientiae
2373 2658 2550 2741 copia
2579 2659 2829 2741 pollere.
2856 2680 2984 2741 qua
3012 2680 3164 2743 opus

703 2769 866 2832 esset
898 2765 974 2828 ad
1004 2783 1134 2827 rem
1165 2763 1323 2825 hanc
1355 2779 1464 2843 pro
1503 2779 1619 2824 sua
1656 2759 1963 2843 dignitate
1995 2762 2333 2825 ornandam
2368 2763 2432 2825 et
2460 2762 2904 2826 conficiendam
2937 2788 3001 2827 ».
3043 2763 3168 2827 Me·

701 2871 825 2933 lius
861 2867 1052 2933 etiam
1097 2865 1378 2929 dixisset:
1412 2862 1501 2926 ad
1542 2883 1676 2926 rem
1703 2862 1865 2926 hanc
1905 2863 2338 2927 tractandam:
2368 2883 2492 2928 non
2524 2866 2703 2945 quasi
2752 2866 2924 2930 rudis
2976 2867 3061 2931 sit
3107 2870 3168 2930 et

703 2970 933 3056 ingenii
965 2969 1028 3032 vi
1057 2967 1432 3039 destitutusz
1468 2966 1573 3029 sed
1620 2985 1761 3029 cum
1799 2966 2195 3030 institutione
2245 2966 2532 3043 caruerit,
2570 2987 2641 3031 ne
2681 2968 2881 3050 prima
2915 2970 3165 3051 quidem

704 3075 889 3138 huius
935 3071 1292 3153 disciplinae
1325 3069 1628 3133 elementa
1661 3069 1780 3131 rite
1813 3069 2057 3149 assequi
2097 3069 2298 3133 valuit
2335 3089 2444 3132 nec
2482 3069 2831 3153 intelligere
2863 3072 2984 3135 rite
3032 3091 3168 3136 sen-

705 3176 934 3242 tentias
968 3176 1333 3238 Doctorum.

793 3277 1152 3362 Speciminis
1185 3276 1383 3338 instar
1414 3274 1499 3337 sit
1531 3277 1989 3357 argumentum,
2010 3273 2173 3354 quod
2199 3292 2309 3355 pro
2334 3293 2449 3337 sua
2483 3274 2590 3337 illa
2624 3275 2787 3338 thesi
2813 3275 3060 3339 deducit
3091 3293 3163 3339 ex

704 3401 753 3446 3.
781 3381 1039 3444 Τ1101113.
1068 3378 1313 3442 Etenim
1338 3397 1395 3458 p.
1422 3377 1661 3439 31.-32.
1690 3394 1800 3458 pro
1827 3376 1932 3438 illa
1960 3376 2135 3440 affert
2160 3376 2273 3438 has
2307 3376 2587 3461 Angelici
2621 3379 2991 3442 sententias:
3022 3379 3080 3441 1.
3102 3380 3161 3441 2.

706 3504 765 3564 q.
803 3483 904 3544 71.
933 3501 989 3543 a.
1018 3481 1077 3542 6.
1104 3504 1139 3538 «
1171 3479 1379 3542 Habet
1411 3482 1586 3542 actus
1634 3480 1964 3551 humanus»,
1999 3478 2164 3559 quod
2198 3478 2283 3541 sit
2313 3478 2541 3552 11131113,
2576 3498 2647 3542 ex
2685 3498 2756 3543 eo
2798 3479 2967 3560 quod
2998 3486 3165 3544 caret

706 3583 913 3648 debita
944 3581 1541 3646 commensuratione
1574 3606 1608 3637 »
1645 3582 1699 3643 1.
1738 3583 1798 3643 2.
1836 3600 1893 3661 q.
1933 3581 2032 3643 75.
2069 3600 2124 3643 a.
2160 3581 2200 3643 l.
2235 3606 2271 3639 «
2296 3581 2591 3643 Provenit
2622 3579 2901 3645 defectus
2937 3582 3164 3646 ordinis

706 3686 770 3750 in
796 3686 942 3748 actu
972 3703 1042 3747 ex
1074 3684 1314 3747 defectu
1345 3683 1696 3747 directionis
1729 3684 1790 3745 in
1827 3683 2149 3747 voluntate
2174 3708 2208 3741 »
2246 3685 2300 3746 1.
2333 3685 2391 3746 2.
2430 3703 2487 3764 q.
2520 3683 2621 3745 74.
2651 3702 2707 3746 a.
2744 3683 2804 3745 6.
2840 3708 2875 3740 «
2908 3684 3166 3764 Quando

705 3788 912 3853 deficit
940 3787 1102 3851 ratio
1150 3786 1213 3849 in
1259 3785 1592 3849 directione
1638 3785 2004 3849 interiorum
2042 3786 2421 3868 passionum,
2459 3784 2687 3848 dicitur
2733 3788 3062 3867 peccatum
3108 3788 3167 3850 in

708 3892 947 3957 ratione
981 3914 1015 3949 »
1063 3890 1117 3952 l.
1154 3890 1213 3951 2.
1249 3908 1306 3968 q.
1348 3888 1449 3950 75.
1493 3890 1610 3950 art.
1655 3890 1712 3949 2.
1747 3912 1783 3944 «
1815 3885 2018 3951 Causa
2066 3888 2300 3970 peccati
2347 3890 2443 3951 est
2486 3887 2738 3968 aliquod
2787 3888 3025 3953 bonum
3073 3910 3169 3971 ap-

708 4014 927 4078 parens
949 3994 1258 4058 motivum
1278 3991 1435 4072 (scil.
1464 3992 1902 4065 111ον3113)011111
1928 3991 2167 4055 defectu
2194 3991 2384 4054 debiti
2409 3991 2630 4055 motivi
2647 3990 2809 4073 (scil.
2830 3995 3170 4069 moventis)

708 4098 837 4163 scil.
871 4096 1122 4180 regulae
1152 4093 1415 4158 rationis
1451 4093 1546 4156 vel
1578 4093 1734 4175 legis
1769 4092 2011 4156 divinae
2043 4116 2104 4156 »z
2140 4094 2365 4174 quibus
2397 4093 2457 4156 in
2488 4092 2641 4156 locis
2675 4095 2875 4158 bonus
2912 4097 3009 4159 vir
3039 4115 3170 4161 con·

705 4199 909 4264 fundit
956 4195 1382 4276 iynorantiam
1425 4195 1677 4277 regulae
1708 4214 1852 4257 cum
1885 4192 2121 4271 defecta
2163 4193 2600 4273 conformandi
2643 4198 2853 4258 actum
2900 4218 3044 4260 cum
3087 4218 3174 4260 re-

710 4300 881 4382 qula,
930 4300 1001 4363 de
1048 4318 1170 4380 quo
1218 4316 1266 4361 3.
1317 4297 1606 4360 Τ11011133.
1662 4298 1916 4378 Insuper
1960 4298 2108 4360 ibid.
2156 4317 2298 4380 pag.
2350 4298 2454 4360 31.
2504 4300 2707 4380 putat,
2756 4318 2822 4362 se
2868 4300 3174 4365 invenisse

713 4404 1153 4485 argumentum
1199 4418 1307 4481 pro
1354 4418 1467 4462 sua
1500 4398 1661 4461 thesi
1708 4399 1768 4461 in
1802 4418 1893 4475 ec,
1933 4400 2097 4480 quod
2137 4420 2184 4463 s.
2227 4400 2499 4464 Thomas
2537 4400 2706 4474 dicit,
2746 4401 3171 4486 ignorantiam

712 4503 1229 4569 concomitantem
1274 4518 1395 4563 non
1441 4500 1715 4564 minuere
1747 4521 1856 4564 nec
1889 4520 2114 4585 augere
2146 4504 2498 4585 peccatum,
2535 4503 2700 4584 quod
2731 4523 2879 4568 sane
2929 4506 3168 4589 probat,

712 4607 942 4671 bouum
982 4605 1183 4669 virum
1216 4602 1372 4665 nihil
1405 4601 1477 4665 de
1508 4602 1606 4665 his
1636 4603 1917 4668 materiis
1957 4604 2352 4668 intellexisse.
2388 4603 2504 4668 Sed
2538 4605 2610 4668 de
2641 4605 2738 4669 his
2770 4608 2965 4681 satis;
3001 4611 3170 4671 101113

712 4709 874 4775 3111111
906 4706 1154 4773 libellus
1186 4703 1288 4786 (de
1312 4705 1589 4784 peccatis
1621 4704 2095 4790 obduratorum)
2127 4709 2222 4771 est
2253 4706 2526 4770 eiusdem
2559 4706 2804 4771 3010113.
