3529 5158
746 398 833 439 Lu
1577 393 1790 434 §muns
1828 390 2187 433 CHRONOLOG
2194 391 2296 431 ch

746 516 997 575 Verum
1021 514 1091 573 in
1126 514 1251 573 hac
1272 514 1418 588 ipsa
1450 511 1668 571 oneris
1692 510 2049 587 gravitate,
2077 527 2250 584 quae
2281 509 2573 569 humeris
2600 510 2848 570 nostris
2879 510 3194 586 imposita

741 608 864 682 est,
889 603 1200 681 portandi
1232 618 1425 660 onera
1456 600 1735 659 omnium
1768 600 1875 675 qui
1902 604 2279 675 yram-ntur,
2316 614 2450 673 quo
2481 598 2697 675 magis
2728 600 2972 659 conscii
2999 601 3192 661 nobis

737 710 967 752 sumus
1012 689 1425 751 infirmitatis
1471 694 1759 763 nostrae,
1809 704 1887 748 eo
1934 688 2289 747 firmiorem
2343 687 2415 745 111
2471 704 2656 763 spem
2703 687 2906 764 erigit
2953 706 3074 749 nos
3121 694 3193 751 et

737 781 1049 841 sublevat
1095 778 1445 854 apostolici
1491 777 1768 837 huiusce
1813 776 2109 836 muneris
2157 776 2227 835 in
2261 793 2545 851 persona
2577 777 2755 837 beati
2795 778 2982 837 Petri
3014 778 3191 839 divi-

737 871 921 930 nitus
953 868 1271 929 instituta
1307 866 1499 942 ratio,
1533 869 1631 943 ut,
1666 866 1785 942 qui
1819 866 2022 927 semel
2054 865 2304 925 tradita
2330 864 2456 926 sibi
2485 882 2525 925 a
2550 866 2820 926 Christo
2852 868 3190 929 Ecclesiae

738 959 1191 1035 gubernacula
1222 973 1566 1032 nunquam
1591 954 2034 1015 derelicturus
2057 958 2221 1031 erat,
2247 954 2391 1029 ipse
2424 955 2828 1030 apostolicae
2859 956 3190 1033 guberna·

738 1049 943 1109 tionis
966 1064 1166 1108 onera
1190 1047 1260 1106 in
1287 1046 1421 1105 illis
1443 1048 1711 1120 portare
1727 1060 1862 1103 non
1886 1043 2241 1122 desineret,
2258 1060 2427 1119 quos
2451 1043 2511 1103 ei
2539 1044 2723 1103 Deus
2739 1045 3189 1121 protegendos

736 1141 1063 1213 perpetua
1094 1135 1510 1196 successione
1540 1151 1616 1193 ac
1647 1133 1934 1193 tuendos
1965 1132 2243 1193 heredes
2274 1132 2588 1192 dedisset.

829 1226 920 1286 Et
962 1226 1034 1285 in
1082 1224 1263 1284 hisce
1311 1222 1579 1298 quidem
1626 1221 1985 1299 aerumnis,
2034 1238 2206 1297 quae
2252 1221 2552 1295 undique
2598 1221 3053 1299 circumstant,
3102 1224 3189 1283 ad

737 1320 1105 1375 ceterarum
1136 1312 1595 1373 molestiarum
1641 1312 1831 1371 velut
1862 1312 2200 1371 cumulum
2231 1310 2532 1388 accessit,
2573 1314 2669 1388 ut,
2704 1311 2884 1371 unde
2915 1316 3188 1388 oportu-

734 1408 881 1464 erat
904 1421 1025 1463 nos
1058 1402 1370 1478 gaudere,
1397 1400 1712 1460 maiorem
1745 1400 1902 1459 inde
1928 1399 2275 1459 tristitiam
2295 1399 2732 1460 hauriremus.
2781 1398 3022 1478 Quippe
3045 1418 3186 1461 cum

738 1493 973 1568 aliquis
1004 1495 1442 1552 sacrosanctae
1472 1489 1792 1549 Ecclesiae
1823 1488 1948 1548 Dei
1969 1488 2373 1564 praepositus
2405 1489 2515 1548 sub
2561 1489 2904 1548 sacerdotis
2940 1491 3190 1551 immine

735 1582 944 1658 ipsum
980 1580 1219 1640 Chr-isti
1237 1580 1550 1657 populum
1581 1596 1623 1637 a
1650 1578 1906 1637 tramite
1936 1578 2226 1636 ‘veritatis
2254 1578 2324 1637 in
2348 1595 2647 1654 praeceps
2680 1577 2893 1637 deviae
2919 1596 3187 1655 persua-

735 1670 933 1730 sionis
965 1669 1195 1729 avertit
1226 1676 1285 1727 ct
1332 1668 1443 1727 hoc
1479 1668 1550 1727 tn
1581 1667 1976 1743 ampliss-ima
2035 1664 2196 1727 Urbe
2205 1687 2230 1742 ,-
2272 1671 2406 1725 tam
2441 1666 2640 1743 plane
2670 1671 2760 1727 est
2806 1668 3186 1742 ycminanda

738 1758 1105 1818 lamentatio
1143 1763 1202 1817 ct
1240 1757 1445 1816 maior
1482 1756 1844 1815 sollicitudo
1882 1755 2235 1815 adhibenda
2267 1753 2370 1833 (a).

824 1848 987 1907 Fuit
1013 1862 1172 1907 sane
1195 1863 1328 1906 non
1354 1846 1425 1905 in
1448 1845 1707 1906 ultimis
1730 1845 1949 1922 terris,
1983 1862 2216 1905 verum
2241 1844 2314 1903 in
2346 1844 2564 1903 media
2595 1845 2742 1904 11100
2775 1844 3031 1921 Italiae,
3057 1846 3185 1906 sub

733 1936 944 1996 0011118
969 1935 1175 1996 Urbis
1197 1940 1265 1995 et
1294 1951 1501 2009 prope
1534 1935 2011 2010 Apostolorum
2048 1932 2298 2012 limina,
2335 1932 2468 1993 fuit
2492 1933 2865 2009 Episcopus
2895 1933 3186 2009 duplicis

736 2024 930 2085 Sedis
962 2024 1211 2083 honore
1240 2023 1529 2098 insignis
1577 2023 1826 2098 (Scipio
1873 2023 1955 2082 de
2002 2022 2267 2098 Ricciis,
2307 2026 2508 2082 antea
2555 2021 2927 2097 Episcopus
2965 2023 3184 2084 Pisto-

733 2113 972 2174 riensis
1017 2116 1087 2173 et
1134 2111 1523 2187 Pratensis)‚
1571 2129 1770 2187 quem
1815 2111 1902 2170 ad
1949 2128 2070 2170 nos
2117 2128 2237 2185 pro
2276 2110 2608 2171 Pastorali
2654 2129 2928 2172 munere
2974 2113 3183 2173 susci-

733 2202 978 2279 piendo
1002 2201 1424 2262 accedentem
1459 2207 1739 2276 paterna
1786 2200 2062 2260 caritate
2094 2200 2420 2275 complexi
2452 2218 2701 2279 sumus,
2737 2201 2853 2276 qni
2885 2201 3180 2262 vicissim

733 2291 927 2352 nobis
949 2294 1152 2366 atque
1185 2290 1343 2350 huic
1371 2289 1776 2365 apostolicae
1815 2289 1971 2349 Sedi
2003 2288 2075 2348 111
2114 2288 2259 2364 ipso
2290 2306 2516 2350 sacrae
2548 2306 2708 2349 snae
2739 2291 3183 2352 ordinationis

729 2380 870 2441 ritu
892 2379 1187 2440 debitam
1209 2379 1404 2439 fidem
1439 2384 1507 2438 et
1530 2378 1982 2439 obedientiam
2014 2378 2356 2439 sollemnis
2387 2378 2822 2439 iurisiurandi
2855 2380 3180 2456 religione

731 2468 1115 2531 obstrinxit.

824 2560 1055 2633 Atque
1101 2557 1158 2617 is
1204 2555 1367 2632 ipse,
1420 2574 1550 2616 non
1598 2557 1798 2633 longo
1846 2556 2202 2617 intervallo
2241 2561 2673 2632 posteaquam
2736 2575 2777 2619 a
2831 2560 3181 2633 complexu

730 2653 958 2707 nostro
984 2664 1133 2706 cum
1157 2646 1384 2706 osculo
1408 2645 1591 2720 pacis
1615 2644 1930 2705 dimissus
1954 2646 2041 2705 ad
2064 2646 2447 2706 commissas
2471 2646 2597 2706 sibi
2623 2647 2852 2722 plebes
2875 2647 3176 2727 accessit,

729 2739 1269 2797 coacervatorum
1318 2750 1669 2809 perversae
1716 2734 2087 2810 sapientiae
2130 2735 2605 2810 magistrorum
2651 2735 3004 2812 fraudibus
3050 2737 3176 2797 cir-

728 2829 1128 2885 cumventus
1150 2840 1229 2882 eo
1263 2823 1485 2898 coepit
1516 2822 1884 2901 intendere,
1923 2827 2015 2902 ut,
2051 2840 2248 2898 quam
2284 2825 2661 2899 superiores
2693 2826 3062 2886 Antistites
3093 2842 3178 2886 ex

726 2912 1176 2975 ecclesiastica
1193 2914 1427 2988 regula
1447 2911 1852 2971 laudabilem
1876 2916 1947 2971 et
1966 2916 2270 2987 pacatam
2299 2913 2702 2974 christianae
2725 2914 3181 2976 institutionis

727 3003 1007 3062 formam
1040 3003 1172 3060 iam
1199 3001 1454 3076 pridem
1485 3000 1886 3062 invexerant
1916 3018 1992 3061 ac
2015 3019 2188 3076 pene
2220 3002 2606 3081 defixerant,
2642 3020 2777 3063 non
2809 3004 2925 3064 ille
2953 3021 3076 3079 pro
3098 3021 3179 3066 eo

725 3109 803 3153 ac
849 3091 1137 3152 debebat
1180 3094 1502 3164 tueretur,
1552 3091 1817 3166 coleret,
1866 3091 2233 3169 perficeret,
2283 3091 2397 3151 sed
2446 3095 2680 3152 contra
2725 3109 2843 3168 per
2888 3094 3176 3169 speciem

722 3181 919 3241 fictae
941 3179 1433 3240 reformationis
1455 3179 1858 3255 importunis
1881 3180 2275 3240 inducendis
2295 3181 2712 3241 novitatibus
2731 3183 3174 3261 perturbaret,

723 3271 1152 3344 convelleret,
1192 3268 1501 3329 funditus
1537 3272 1888 3329 everteret.

813 3360 996 3432 Quin
1040 3359 1263 3435 etiam,
1315 3375 1461 3418 cum
1514 3361 1582 3417 et
1629 3360 1900 3418 hortatu
1935 3362 2162 3419 nostro
2200 3358 2286 3418 ad
2336 3359 2675 3435 Synodum
2715 3360 3174 3421 dioecesanam

722 3448 1016 3508 animum
1055 3447 1492 3523 adiunxisset,
1535 3448 1909 3522 praefracta
1940 3449 2084 3508 eius
2132 3449 2202 3507 in
2234 3465 2354 3507 suo
2392 3463 2594 3508 8011811
2622 3449 2995 3524 pertinacia
3024 3451 3176 3511 effe·

721 3539 901 3598 ctum
950 3541 1072 3614 est,
1121 3540 1221 3612 ut,
1269 3536 1445 3595 unde
1494 3536 1856 3596 remedium
1890 3537 2162 3612 aliquod
2212 3537 2562 3596 vulnerum
2596 3539 2959 3613 petendum
3005 3543 3170 3619 erat,

720 3625 881 3685 inde
913 3625 1184 3701 gravior
1216 3626 1543 3700 pernicies
1580 3629 2022 3685 enasceretnr.
2060 3625 2235 3684 Sane
2280 3634 2633 3701 postquam
2669 3627 2977 3702 Synodus
3009 3630 3175 3690 haec

723 3714 1157 3775 Pistoriensis
1182 3731 1218 3774 e
1242 3714 1518 3775 latebris
1541 3713 1785 3788 erupit,
1819 3714 1887 3772 in
1921 3714 2167 3788 quibus
2190 3714 2582 3789 aliquandiu
2617 3716 2847 3776 abdita
2877 3716 3171 3798 delituit,

720 3821 915 3865 nemo
947 3803 1080 3863 fuit
1112 3803 1194 3864 de
1227 3820 1482 3863 summa
1515 3803 1864 3878 Religione
1900 3803 2009 3877 pie
2039 3803 2509 3879 sapienterque
2534 3805 2848 3882 sentiens,
2888 3807 3005 3882 qui
3035 3825 3173 3868 non

720 3894 1042 3955 continuo
1063 3892 1450 3968 adverterit,
1475 3892 1600 3951 hoc
1626 3891 1836 3951 fuisse
1859 3896 2206 3952 auctorum
2231 3892 2602 3970 consilium,
2640 3898 2737 3971 ut,
2770 3912 2944 3969 quae
2967 3905 3171 3958 antea

718 4000 838 4059 per
873 3982 1278 4057 multiplices
1311 3981 1569 4040 libellos
1602 3997 1962 4055 pravarum
1993 3980 2444 4042 doctrinarum
2479 3984 2732 4043 semina
2764 3991 3167 4064 sparserant,

715 4088 793 4132 ea
822 4072 895 4131 in
920 4090 1124 4130 unuin
1164 4072 1355 4130 velut
1385 4085 1623 4144 corpus
1656 4070 2176 4148 compingerent,
2203 4072 2610 4148 proscriptos
2632 4072 2888 4132 dudum
2913 4090 3170 4136 errores

711 4160 1219 4237 exsuscitarent,
1269 4158 1670 4234 apostolicis,
1724 4159 1968 4233 quibus
2015 4160 2372 4236 proscripti
2421 4164 2599 4240 sunt,
2634 4162 2922 4223 decretis
2968 4164 3165 4224 fidem

710 4248 1321 4322 auctoritatemque
1353 4247 1772 4323 derogarent.

804 4337 989 4410 Quae
1038 4353 1189 4396 cum
1238 4351 1675 4414 cerneremus,
1726 4354 1860 4412 quo
1906 4339 2216 4413 graviora
2263 4347 2421 4399 sunt
2467 4356 2587 4414 per
2628 4356 2791 4417 sese,
2829 4346 3018 4402 tanto
3051 4343 3167 4404 im-

799 4601 861 4654 (a)
892 4599 937 4643 S.
963 4597 1245 4643 cudwinus
1274 4601 1318 4646 J.
1338 4600 1484 4653 epist·
1506 4601 1577 4643 1⁶2.
1598 4600 1731 4654 apud
1760 4601 1934 4643 Coust.
