3529 5158
714 237 820 290 336
1247 253 1459 294 rnAc‘r.
1499 253 1592 293 111.
1631 254 1717 293 DE
1754 252 2035 294 nmmos·
2073 250 2271 291 CAPUT
2308 249 2348 288 1.
2386 248 2529 289 mm.
2570 248 2650 288 xv.
3038 229 3186 303 [322]

1532 403 1564 439 *
1595 419 1671 464 DE
1707 417 1866 463 LEGE
1901 415 2303 463 rnissuroamu
2329 399 2362 434 *

796 551 981 624 322.
1024 581 1058 612 «
1091 557 1442 633 Tributum,
1487 558 1578 621 ait
1610 558 1930 642 Laymann
1964 556 2037 618 cle
2076 555 2235 619 Just.
2272 558 2334 616 et
2363 554 2513 616 Iure
2545 555 2729 616 tract.
2756 553 2818 614 3.
2853 571 2904 613 c.
2933 550 2995 612 3.
3021 569 3082 613 n.
3119 549 3179 610 1.

708 657 760 719 si
800 656 1013 720 stricte
1053 658 1410 740 accipiatur,
1446 661 1541 722 est
1580 659 1813 742 pensio,
1849 678 2007 740 quae
2055 657 2320 722 subditis
2366 655 2730 738 imponitur,
2763 651 3037 734 Principi
3082 650 3183 714 vel

706 758 1114 843 Magistratui
1147 762 1458 836 solvenda,
1495 764 1568 826 ut
1601 764 1839 825 statum
1874 781 1943 825 ac
1982 761 2355 844 dignitatem
2388 777 2565 822 suam
2607 756 2770 821 tueri
2809 757 2870 819 et
2909 772 3184 818 commu-

707 863 889 925 nibus
919 863 1392 927 necessitatibus
1431 885 1500 928 ac
1541 864 1926 928 utilitatibus
1964 865 2309 946 prospicere
2346 862 2544 944 possit
2575 885 2637 922 ».

797 963 920 1027 Res
951 965 1049 1027 vel
1089 966 1379 1042 actioneS,
1408 987 1479 1030 ex
1511 967 1735 1048 quibus
1769 967 1869 1031 vel
1901 969 2151 1049 propter
2183 983 2338 1046 quas
2371 963 2680 1028 tributum
2714 960 3005 1044 exigitur,
3040 959 3181 1041 plu-

706 1064 901 1128 rimae
948 1069 1113 1144 sunt,
1154 1087 1295 1131 cum
1342 1068 1405 1131 in
1452 1069 1570 1133 hoc
1617 1070 1871 1153 negotio
1919 1068 2299 1133 feracissima
2346 1066 2430 1130 sit
2475 1084 2649 1129 mens
2695 1061 3178 1134 dominantium,

708 1167 812 1230 sed
846 1168 1053 1231 variae
1085 1188 1194 1251 pro
1228 1170 1417 1234 variis
1457 1171 1819 1235 ditionibus.
1847 1171 2016 1237 Nota
2048 1174 2142 1236 est
2173 1169 2393 1234 divisio
2433 1167 2815 1232 tributorum
2846 1165 2910 1227 in
2943 1164 3180 1227 directa

709 1271 773 1332 et
816 1269 1135 1346 indirecta,
1185 1291 1342 1353 quae
1391 1276 1703 1355 postrema
1751 1274 2029 1355 quotidie
2078 1272 2554 1355 amplificantur.
2603 1268 2895 1333 Omnium
2951 1267 3180 1330 horum

708 1370 847 1433 finis
879 1373 974 1435 est
998 1391 1348 1438 succurrere
1381 1375 1853 1440 necessitatibus
1892 1379 1954 1441 et
1986 1377 2300 1440 consulere
2332 1371 2654 1438 commodo
2681 1368 3176 1435 communitatis

706 1471 940 1538 Idcirco
973 1476 1211 1541 tributa
1237 1479 1480 1561 proprie
1503 1479 1914 1562 imponuntur
1938 1478 2224 1551 subditis,
2250 1477 2346 1540 vel
2379 1473 2834 1559 possessoribus
2867 1472 3178 1536 bonorum

707 1577 1040 1656 societatis,
1076 1580 1186 1661 qui
1231 1599 1300 1644 ex
1349 1581 1595 1645 iustitia
1641 1581 1831 1666 legali
1880 1584 2170 1645 tenentur
2202 1576 2477 1644 subsidia
2508 1576 2782 1641 conferre
2828 1574 2891 1637 in
2939 1574 3177 1638 bonum

705 1680 1040 1744 societatis.
1069 1681 1209 1745 Huc
1241 1702 1485 1765 quoque
1518 1687 1758 1766 spectat
1788 1683 1942 1747 illud
1980 1681 2268 1766 vectigal,
2304 1678 2469 1762 quod
2500 1698 2611 1761 pro
2643 1676 2950 1741 mercibus
2975 1677 3178 1739 extra-

703 1783 833 1844 neis
864 1783 1221 1847 invehendis
1253 1786 1315 1848 in
1355 1786 1652 1850 ditionem
1702 1785 2173 1850 communitatis
2220 1782 2531 1856 indicitur,
2565 1779 2731 1863 quod
2770 1771 2834 1843 et
2865 1778 3179 1842 extraneis

703 1883 1062 1965 imponitur,
1105 1887 1157 1949 si
1187 1886 1487 1952 invehant
1518 1891 1583 1952 et
1613 1888 1899 1962 subditiS,
1936 1888 1989 1951 si
2022 1905 2123 1950 eas
2157 1905 2388 1950 merces
2414 1885 2561 1948 alibi
2594 1885 2835 1965 emptas
2867 1899 2940 1945 eo
2974 1884 3180 1944 trans·

701 1983 923 2049 ferant.
950 1987 1088 2050 Etsi
1118 1988 1281 2051 enim
1314 1990 1607 2070 speciales
1646 1991 1772 2054 sint
1802 1990 1953 2053 fines
2000 1990 2186 2053 huius
2225 1988 2523 2072 gabellae,
2564 2005 2635 2050 eo
2668 1987 2879 2049 tamen
2918 1983 3175 2048 tandem

703 2089 960 2170 spectat,
995 2092 1068 2153 ut
1104 2110 1213 2173 per
1235 2110 1371 2155 eam
1404 2092 1705 2157 damnum
1738 2094 2187 2175 compensetur,
2215 2090 2380 2172 quod
2405 2091 2838 2154 extranearum
2870 2086 3173 2150 mercium

701 2190 975 2256 venditio
1007 2193 1193 2258 infert
1238 2196 1676 2259 communitati
1716 2195 1975 2276 ideoque
2024 2195 2264 2276 spectat
2296 2196 2360 2257 et
2389 2193 2505 2256 hoc
2536 2190 2805 2273 vectigal
2845 2188 2922 2251 ad
2971 2188 3176 2252 suble-

703 2293 934 2358 vandas
960 2315 1314 2361 communes
1338 2298 1736 2362 necessitates
1762 2296 2251 2362 communitatis.
2273 2294 2546 2378 Pedagia
2562 2312 2808 2374 quoque
2832 2291 3174 2375 exiguntur

701 2395 778 2458 ab
805 2397 1088 2462 omnibus
1121 2400 1249 2462 sive
1282 2400 1547 2463 subditis
1582 2401 1710 2464 sive
1736 2401 2062 2474 extraneis,
2091 2399 2197 2481 qui
2224 2397 2498 2462 transitu
2528 2396 2842 2469 fruuntur,
2870 2412 2983 2477 pro
3015 2392 3175 2458 redi·

701 2498 936 2562 mendis
961 2501 1236 2583 expensis
1263 2500 1339 2563 ad
1364 2502 1670 2584 pontium,
1706 2502 1955 2566 viarum
1987 2505 2102 2567 etc.
2137 2499 2667 2565 conservationem
2700 2501 2764 2562 et
2793 2496 3169 2561 custodiam.

788 2596 968 2670 323.
1011 2602 1100 2666 Ut
1137 2603 1518 2667 tributorum
1555 2604 1874 2685 impositio
1914 2604 1997 2668 sit
2026 2606 2307 2676 honesta,
2341 2602 2743 2685 requiruntur
2778 2601 2924 2664 tria.

882 2703 949 2764 1⁰
978 2702 1292 2784 Leye‘tima
1338 2706 1702 2779 auctoritas,
1736 2725 1896 2786 quae
1932 2708 2028 2770 est
2075 2706 2347 2789 supremi
2392 2703 2684 2788 principis
2733 2706 2845 2768 aut
2892 2703 3167 2785 supremi

698 2805 1142 2889 magistratus3
1185 2807 1332 2888 quia
1401 2808 1659 2890 pecunia
1705 2808 2111 2890 impendenda
2171 2810 2235 2872 in
2282 2810 2513 2873 bonum
2560 2806 3032 2871 communitatis
3071 2808 3169 2869 est

696 2906 1056 2990 imperanda
1089 2909 1165 2973 ab
1198 2928 1288 2985 eo,
1324 2910 1433 2992 qui
1466 2929 1679 2974 curam
1712 2911 1904 2975 habet
1934 2911 2425 2976 communitatis,
2466 2908 2592 2974 Ubi
2630 2907 2881 2972 adverte
2917 2908 3018 2972 ius
3049 2908 3169 2971 hoc

696 3010 988 3093 principis
1026 3031 1148 3075 non
1180 3030 1311 3076 esse
1356 3012 1455 3077 ius
1486 3011 1611 3075 alti
1641 3012 1927 3087 dominii,
1961 3016 2149 3097 prout
2196 3012 2365 3077 istud
2396 3011 2808 3077 communiter
2839 3010 3165 3093 accipitur.

694 3111 856 3177 Nam
889 3116 953 3178 et
989 3132 1059 3178 eo
1099 3115 1229 3179 alto
1263 3114 1539 3179 dominio
1589 3134 1712 3180 non
1759 3116 2091 3180 exsistente
2139 3115 2236 3179 vel
2275 3117 2522 3199 negato,
2557 3131 2629 3178 eo
2675 3113 2812 3195 ipso
2860 3112 3028 3194 quod
3067 3132 3168 3176 su-

696 3234 942 3296 premus
989 3217 1267 3300 princeps
1313 3218 1412 3282 ius
1461 3221 1522 3282 et
1571 3218 1851 3282 debitum
1898 3218 2086 3282 habet
2132 3216 2646 3281 communitatem
2699 3213 2777 3277 ad
2823 3214 3011 3277 finem
3060 3234 3166 3297 per

693 3317 895 3379 media
927 3317 1146 3381 idonea
1183 3318 1506 3402 dirigendi,
1547 3320 1646 3383 ius
1679 3320 1868 3384 habet
1899 3320 2243 3402 imperandi
2273 3319 2533 3383 tributa.

783 3417 1053 3497 Aliquod
1083 3421 1294 3483 tamen
1327 3421 1636 3485 tributum
1685 3422 1964 3506 exigendi
2007 3421 2272 3485 facultas
2311 3421 2444 3485 fieri
2481 3420 2640 3484 solet
2677 3418 2868 3484 etiam
2901 3418 3169 3482 Munici-

697 3518 938 3600 piorum
986 3521 1484 3605 Magistratib11S‚
1536 3544 1658 3606 quo
1716 3526 1950 3590 scilicet
2012 3524 2381 3608 specialibus
2428 3523 2818 3608 singulorum
2878 3523 3163 3587 locorum

693 3623 1165 3689 necessitatibus
1211 3628 1643 3710 prospiciatur.
1679 3629 1749 3692 Id
1788 3649 1933 3694 vero
1984 3648 2250 3712 aequum
2282 3631 2409 3701 est:
2444 3648 2588 3693 nam
2635 3627 2975 3709 municipia
3011 3631 3165 3692 sunt

692 3726 995 3806 quaedam
1028 3729 1147 3792 sibi
1185 3732 1475 3795 constans
1514 3731 1797 3807 societas,
1834 3733 1951 3796 etsi
1982 3752 2124 3815 pars
2162 3732 2436 3796 maioris.

873 3829 941 3891 2⁰
974 3827 1184 3893 Causa
1215 3832 1402 3895 iusta.
1443 3833 1533 3896 Ea
1565 3833 1905 3915 requiritur
1935 3853 2045 3916 pro
2085 3834 2364 3915 qualibet
2393 3834 2556 3917 lege:
2592 3852 2738 3917 ergo
2772 3836 2834 3897 et
2866 3851 2976 3915 pro
3010 3833 3158 3905 hac:

690 3933 1051 4010 praesertim
1084 3953 1224 3998 cum
1250 3935 1333 4000 sit
1368 3954 1646 4013 onerosa,
1675 3936 1925 4019 privans
1958 3935 2237 4001 subditos
2270 3936 2396 4000 illis
2428 3936 2625 4011 bonis,
2652 3954 2811 4017 quae
2841 3935 2903 3998 in
2937 3954 3160 4001 eorum

691 4036 840 4098 sunt
884 4037 1280 4117 proprietate.
1333 4038 1420 4103 Ut
1466 4039 1635 4103 iusta
1684 4058 1871 4103 causa
1919 4039 2021 4113 sit,
2062 4039 2373 4103 tributum
2421 4038 2629 4102 cedere
2675 4037 2853 4101 debet
2900 4038 2999 4101 vel
3044 4038 3163 4102 im·

690 4136 956 4201 mediate
1003 4140 1101 4203 vel
1145 4140 1413 4205 mediate
1459 4142 1522 4205 in
1572 4142 1805 4206 bonum
1843 4161 2194 4208 commune:
2230 4143 2357 4206 tale
2391 4143 2600 4206 autem
2639 4142 2735 4204 est
2765 4140 2976 4217 etiam,
3010 4160 3157 4204 cum

686 4240 982 4321 prospicit
1014 4245 1462 4308 sustentationi
1496 4247 1559 4309 et
1589 4244 1793 4311 decori
1827 4245 2138 4329 principis.

867 4342 936 4402 3⁰
973 4342 1190 4408 Iustus
1235 4346 1453 4411 modus
1499 4351 1561 4409 et
1591 4350 1920 4428 proportio
1966 4347 2303 4411 secundum
2338 4345 2686 4426 facultates,
2736 4342 2982 4409 Scilicet
3027 4363 3153 4409 non

688 4443 948 4508 nimium
997 4465 1125 4509 esse
1159 4447 1337 4512 debet
1376 4450 1704 4527 tributum,
1741 4452 1843 4516 sed
1893 4451 2303 4526 moderatum,
2352 4452 2525 4516 iuxta
2576 4448 2945 4533 prudentum
2995 4448 3157 4512 iudi-
