3529 5158
782 342 895 396 318
1313 354 1527 396 anaor.
1568 354 1657 395 111.
1694 355 1782 394 nm
1818 354 2097 398 muamus
2133 353 2332 395 cAPu'r
2372 353 2409 392 1.
2449 354 2592 395 nun.
2629 353 2709 394 tv.
3094 338 3240 414 [297]

874 453 1052 533 Quod
1078 455 1128 518 si
1169 454 1516 530 advertant,
1557 471 1808 517 causam
1842 452 2090 516 subesse
2138 451 2432 533 aliquam,
2472 449 2667 513 curin
2700 449 2949 532 propria
2979 449 3236 515 dioecesi

784 557 882 619 vel
921 556 1234 639 provincia
1281 557 1378 620 lex
1414 555 1684 620 difficilis
1731 556 1815 619 sit
1862 557 1974 619 aut
2018 574 2209 639 grave
2253 551 2712 618 incommodum
2761 551 2899 616 aliis
2932 551 3005 615 de
3036 552 3237 618 causis

783 676 996 740 parere
1021 658 1235 741 possit,
1278 658 1354 721 ad
1377 657 1545 740 ipsos
1577 657 1863 740 pertinet,
1897 658 2047 722 haec
2076 655 2366 721 Pontifici
2388 672 2725 738 proponere
2755 656 2819 718 et
2849 654 3237 719 voluntatem

780 759 916 824 eius
955 761 1270 842 exquirere
1303 780 1374 824 ac
1420 779 1682 824 servare.

891 895 1000 947 Xll.
1028 897 1078 946 2.
1105 893 1157 947 si
1195 896 1273 948 lex
1314 894 1363 947 in
1393 893 1639 960 provincia
1668 895 1971 959 promulgata
2000 893 2077 960 sit,
2108 896 2191 947 sed
2222 909 2246 945 a
2275 892 2458 948 maiore.
2486 900 2625 961 parte
2650 891 2819 960 populi
2844 906 2941 945 non
2973 890 3238 959 accipiatur

789 992 878 1032 nec
904 981 1216 1042 observetur,
1247 986 1377 1043 tunc,
1406 979 1448 1032 si
1485 978 1739 1043 legislator
1775 979 1826 1031 id
1864 976 1987 1031 sciat
2011 985 2060 1032 et
2088 984 2261 1044 taceat,
2288 984 2513 1032 censetur
2550 981 2644 1031 hoc
2669 976 2777 1043 ipso
2802 978 2956 1040 legem
2983 989 3236 1031 revocare.

779 1062 836 1115 Si
873 1078 994 1115 vero
1028 1062 1083 1141 jd
1123 1063 1244 1116 sciat
1285 1071 1333 1116 et
1377 1070 1547 1128 urgeat
1583 1062 1998 1130 observationem,
2038 1062 2242 1130 quisque
2288 1069 2480 1117 tenetur
2516 1077 2623 1117 eam
2662 1075 2888 1128 servare;
2923 1060 3037 1128 quia
3075 1060 3239 1129 potius

779 1155 930 1213 caput
966 1162 1124 1210 suum,
1150 1162 1295 1213 quam
1334 1147 1515 1214 reliqua
1553 1151 1788 1212 membra,
1830 1147 1969 1214 sequi
2004 1149 2167 1201 debet.

892 1233 1020 1284 Xlll.
1049 1234 1098 1284 3.
1125 1231 1174 1285 Si
1215 1231 1438 1300 princeps
1469 1233 1666 1298 nesciat,
1694 1247 1792 1286 non
1833 1232 1983 1301 recipi
2020 1247 2108 1286 nec
2145 1231 2319 1285 deduci
2357 1232 2417 1285 ad
2459 1247 2618 1298 usum,
2646 1233 2788 1285 durat
2826 1229 2949 1295 legis
2986 1228 3235 1294 obligatio,

786 1316 942 1368 donec
982 1316 1204 1370 elabatur
1242 1315 1553 1371 decennium:
1594 1333 1690 1383 quo
1728 1319 1913 1385 elapso,
1944 1314 2296 1383 praescriptum
2336 1322 2412 1370 est
2448 1323 2614 1370 contra
2642 1330 2764 1376 eam,
2789 1314 2895 1368 sive
2921 1312 3237 1381 Imperatoria

779 1398 861 1466 sit,
893 1398 1000 1452 sive
1028 1399 1277 1453 pontificia
1304 1408 1353 1455 et
1383 1408 1496 1455 tunc
1531 1416 1627 1455 non
1655 1401 1864 1469 amplius
1901 1402 2099 1466 obligat.
2127 1401 2210 1457 Uti
2247 1410 2296 1455 et
2334 1403 2411 1456 lex
2438 1401 2705 1465 Ecclesiae,
2735 1398 2826 1453 etsi
2852 1402 3001 1452 semel
3039 1405 3236 1465 recepta

782 1484 863 1551 sit,
903 1487 1126 1541 aboletur
1166 1502 1255 1553 per
1293 1486 1743 1554 praescriptionem,
1790 1489 1874 1541 sed
1914 1502 2149 1540 annorum
2199 1486 2423 1554 plurium,
2463 1500 2635 1554 nempe
2684 1485 3016 1551 quadraginta.
3054 1485 3269 1538 Navar„

779 1571 925 1623 Azor.
954 1574 1094 1625 Suar.

889 1658 1026 1709 xlv.
1055 1658 1102 1710 4.
1130 1657 1182 1710 Si
1217 1664 1271 1710 tu
1314 1658 1467 1722 legem
1494 1659 1849 1725 promulgatam
1877 1665 2077 1724 paratus
2102 1656 2169 1710 sis
2195 1656 2444 1724 suscipere
2472 1662 2519 1710 et
2542 1658 2656 1708 data
2682 1654 2940 1709 occasione
2965 1652 3112 1708 etiam
3144 1656 3231 1706 ob·

779 1755 968 1804 εει-νεεδ,
995 1745 1080 1796 sed
1109 1742 1194 1796 alii
1221 1743 1441 1809 plerique
1466 1757 1492 1796 e
1519 1741 1863 1795 communitate
1888 1757 1983 1796 non
2016 1741 2249 1809 recipiant
2276 1756 2363 1796 nec
2383 1740 2630 1807 recepturi
2650 1739 2903 1793 videantur
2926 1745 3040 1792 tunc
3060 1741 3232 1792 saltem

705 1863 730 1886 .
777 1828 840 1879 ab
879 1842 935 1880 ea
975 1827 1290 1881 excusaberis
1327 1843 1415 1894 per
1451 1827 1807 1881 discretionem.

891 1912 1007 1963 XV.
1035 1913 1083 1963 5.
1107 1911 1211 1965 Etsi
1254 1913 1397 1978 primi
1423 1912 1649 1979 Episcopi
1678 1917 1802 1965 torte
1842 1911 2101 1979 peccarint,
2128 1927 2224 1965 non
2250 1911 2530 1978 recipiendo
2569 1913 2721 1974 legem
2760 1924 2850 1963 nec
2886 1907 2937 1961 in
2975 1922 3116 1961 usum
3153 1909 3235 1960 de-

777 1995 1022 2060 ducendo,
1064 2010 1375 2049 successores
1414 2003 1570 2049 tamen
1608 2011 1796 2062 eorum,
1837 1997 1879 2049 si
1915 2004 2028 2063 post
2064 2000 2257 2060 longum
2294 2002 2487 2063 tempus
2525 1993 2720 2048 videant
2759 2007 2855 2047 non
2900 1994 3230 2057 observatam,

777 2080 982 2131 credere
1021 2088 1241 2146 possunt,
1266 2095 1376 2134 esse
1412 2083 1650 2135 sublatam
1691 2095 1779 2147 per
1818 2080 2260 2148 praescriptionem.

889 2168 1026 2221 XVl.
1050 2171 1097 2221 6.
1124 2171 1173 2221 1η
1199 2168 1367 2235 dubio,
1397 2183 1509 2222 num
1538 2172 1615 2222 lex
1643 2174 1839 2236 recepta
1862 2169 1923 2221 sit
1952 2183 2117 2234 necne,
2142 2169 2545 2234 praesumendum
2566 2174 2644 2220 est
2661 2181 2749 2234 pro
2768 2165 2873 2232 ipsa
2882 2179 2898 2230 3
2921 2162 3035 2231 quia
3056 2167 3234 2216 factum

777 2249 827 2303 in
860 2250 1010 2305 (lubio
1045 2252 1384 2318 praesumitur,
1419 2254 1461 2306 si
1499 2256 1559 2305 de
1597 2254 1702 2306 iure
1741 2251 2011 2306 faciendum
2051 2260 2172 2306 erat.
2200 2253 2328 2307 Vide
2359 2255 2504 2306 Azor.
2530 2254 2563 2306 l.
2592 2253 2643 2304 5.
2668 2267 2711 2304 c.
2735 2250 2783 2304 4.
2815 2251 2984 2314 Laym.
3012 2248 3092 2302 hic
3116 2263 3159 2301 c.
3182 2251 3231 2301 3.

775 2338 878 2389 Sal.
906 2335 971 2390 de
995 2336 1094 2407 leq.
1121 2336 1247 2404 disp.
1277 2341 1358 2392 13.
1387 2354 1425 2390 s.
1456 2341 1503 2391 3.

871 2442 1045 2516 297.
1089 2446 1306 2526 Quoad
1344 2447 1612 2529 reliquas
1658 2446 2067 2510 resolutiones
2102 2446 2255 2510 nihil
2286 2445 2650 2523 addendum,
2690 2446 2810 2510 nisi
2833 2445 3027 2508 relate
3059 2441 3135 2506 ad
3167 2442 3230 2505 3.

780 2548 886 2612 ubi
932 2549 1178 2627 dicitur,
1215 2550 1289 2613 ad
1315 2549 1846 2632 praescribendum
1895 2551 2111 2614 contra
2141 2549 2447 2614 Ecclesiae
2484 2550 2650 2634 leges
2696 2547 2927 2632 requiri
2973 2545 3235 2629 quadra-

777 2653 958 2733 ginta
1006 2672 1218 2717 annos.
1260 2653 1396 2716 Hoc
1421 2651 1648 2716 falsum
1680 2672 1809 2716 esse
1841 2652 2121 2735 superius
2157 2652 2554 2730 ostendimuS,
2590 2673 2731 2716 cum
2755 2656 2817 2716 et
2848 2649 3052 2732 quoad
3076 2650 3233 2713 istas

775 2754 1135 2817 decennium
1180 2754 1468 2819 sufficiat.

865 2853 1187 2920 Consentit
1232 2857 1612 2941 probabilem
1638 2878 1767 2922 esse
1801 2860 2169 2924 sententiam
2203 2859 2394 2923 etiam
2425 2878 2473 2922 s.
2507 2858 2690 2941 Alph.
2725 2878 2783 2921 n.
2824 2856 2969 2920 139.
2994 2855 3231 2919 Tamen

773 2977 894 3022 non
930 2962 1185 3042 apparet
1215 2961 1376 3025 ratio
1402 2960 1790 3039 discriminis,
1831 2962 1995 3043 quod
2032 2983 2081 3025 s,
2115 2962 2468 3043 Alphonsus
2493 2962 2673 3025 notat
2695 2961 2857 3024 inter
2885 2959 3053 3043 leges
3079 2958 3231 3023 olim

771 3064 1145 3145 acceptatas,
1180 3066 1243 3128 et
1289 3066 1639 3148 acceptatas
1684 3084 2022 3147 nunquam,
2058 3064 2222 3146 quod
2269 3063 2591 3127 discrimen
2622 3061 3040 3127 Busembaum
3086 3079 3232 3145 pro-

781 3167 993 3230 movet
1024 3167 1086 3229 in
1120 3168 1179 3230 3.
1215 3168 1394 3231 resol.
1430 3167 1567 3231 Hoc
1605 3187 1675 3231 ex
1722 3187 1791 3232 eo
1840 3168 2141 3251 provenit,
2174 3167 2340 3248 quod
2370 3167 2531 3230 male
2577 3166 2951 3230 transferant
2981 3164 3059 3228 ad
3090 3182 3232 3228 con-

771 3268 1160 3332 suetudinem
1206 3270 1470 3353 legalem
1519 3270 1599 3347 id,
1635 3271 1798 3351 quod
1835 3272 2151 3354 proprium
2200 3273 2294 3334 est
2340 3271 2544 3335 solum
2582 3268 3079 3353 praescriptionis
3127 3268 3231 3333 ad-

773 3390 986 3434 versus
1024 3371 1160 3434 iura
1198 3373 1611 3435 ecclesiarum.

1844 3532 2005 3595 Dua.
2041 3532 2150 3593 IV.

1026 3661 1138 3724 An
1188 3664 1376 3725 etiam
1416 3663 1579 3745 leyes
1616 3664 1923 3728 humanae
1956 3666 2229 3747 obl-iglent
2257 3667 2371 3730 sub
2406 3671 2657 3747 peccato
2704 3672 2767 3729 ct
2806 3666 2998 3748 quali.

878 3820 1036 3873 xvn.
1065 3822 1372 3887 Respondeo.
1399 3823 1520 3875 Cum
1562 3824 1694 3875 Deus
1734 3823 1798 3875 sit
1839 3823 2074 3877 Dominus
2111 3832 2279 3879 noster
2318 3832 2460 3890 atque
2498 3824 2643 3878 etiam
2670 3823 3011 3890 superioribus
3047 3837 3230 3890 parere

769 3920 861 3959 uos
886 3905 1098 3962 iusserit.
1128 3921 1221 3958 non
1249 3909 1405 3960 solum
1433 3907 1555 3974 ipsc,
1585 3910 1668 3959 sed
1698 3916 1746 3961 et
1773 3908 1842 3961 illi
1872 3908 2012 3961 nobis
2044 3910 2328 3975 praecipere
2354 3918 2558 3978 possunt
2582 3917 2630 3963 et
2656 3909 2973 3975 praecipiunt,
3000 3916 3102 3961 tum
3131 3913 3229 3962 sub

771 4004 945 4056 poena,
969 3998 1070 4043 tum
1105 3990 1250 4043 etiam
1285 3994 1374 4043 sub
1411 3994 1552 4057 culpa
1583 3992 1687 4045 sive
1716 4000 1918 4058 peccato
1945 4008 2100 4059 eoque
2136 3994 2276 4057 gravi
2301 4001 2383 4047 aut
2422 3994 2536 4059 levi,
2566 4001 2712 4061 prout
2740 4002 2788 4048 et
2828 3993 2898 4048 rei
2937 4000 3229 4061 praeceptae

765 4076 829 4126 ad
856 4074 1092 4127 intentum
1122 4078 1262 4128 tinem
1291 4076 1554 4129 necessitas
1582 4082 1630 4129 et
1658 4077 1889 4130 materiae
1928 4077 2173 4144 quantitas
2204 4088 2247 4132 et
2279 4094 2449 4132 eorum
2487 4080 2715 4133 voluntas
2739 4094 2847 4133 sese
2874 4081 3068 4143 habent,
3096 4093 3229 4144 quae

768 4172 830 4211 ex
857 4173 1027 4211 eorum
1070 4160 1252 4225 verbis,
1287 4160 1667 4214 circumstantiis
1705 4170 1790 4215 aut
1832 4165 2117 4228 prudentum
2154 4164 2491 4218 aestimatione
2521 4167 2649 4218 solet
2682 4163 2863 4228 colligi.
2889 4166 2955 4217 lta
2983 4164 3229 4228 Theologi

767 4244 1101 4307 communiter,
1130 4262 1168 4299 s.
1201 4249 1374 4301 Tuom.
1403 4249 1445 4298 t.
1469 4250 1516 4299 2.
1540 4262 1582 4311 (ι.
1609 4248 1694 4300 96.
1720 4262 1762 4300 a.
1792 4248 1836 4299 4.
1860 4250 2000 4301 Suar.
2028 4250 2165 4303 Salas
2191 4257 2284 4302 etc.

857 4360 1033 4434 298.
1068 4362 1336 4426 Adverte
1375 4364 1433 4426 in
1484 4365 1673 4429 titulo
1721 4385 1933 4430 vocem
1971 4369 2160 4430 etiam
2205 4368 2631 4451 adsignificare
2661 4369 2767 4452 agi
2798 4368 2930 4432 heic
2974 4386 3229 4450 quoque

765 4467 839 4530 de
884 4466 1020 4549 lege
1068 4466 1292 4530 divina.
1335 4466 1714 4550 Principium
1759 4471 2042 4553 generale
2088 4474 2202 4547 est,
2253 4472 2453 4536 Deum
2500 4472 2655 4535 velle
2685 4474 2748 4535 et
2793 4471 3067 4537 ordinem
3114 4490 3229 4554 po-

765 4569 1001 4632 stulare
1024 4568 1212 4647 (unde
1240 4569 1396 4649 legis
1423 4572 1725 4634 naturalis
1758 4572 2083 4655 iudicium)
2115 4575 2189 4637 ut
2218 4574 2452 4638 subditi
2489 4576 2745 4657 pareant
2775 4574 3225 4656 superioribus.
