3529 5158
363 361 506 435 [404]
709 377 791 417 An
829 376 997 419 suis
1032 377 1127 419 su·
1162 378 1690 420 msPENSAnoxmr
1726 378 1849 419 NON
1887 377 2032 419 assiu
2067 378 2477 420 RmsnRvA'rAM
2714 365 2822 421 597

364 472 528 555 quod
576 473 830 556 quidam
861 476 926 539 in
959 474 1353 540 inferioribus
1399 475 1886 561 excogitaverint
1928 475 2293 540 facultatem
2339 475 2749 559 dispensandi,
2785 497 2821 541 a

361 575 536 640 nullo
583 595 936 641 concessam
983 578 1315 661 superiore,
1355 597 1464 661 pro
1502 578 1746 642 casibus
1779 578 2008 654 tamen,
2057 578 2165 660 qui
2211 578 2668 660 dispensatione
2697 598 2819 643 non

358 678 644 762 indigent
673 680 739 743 et
770 678 833 742 in
871 678 1116 761 quibuS,
1155 681 1230 744 ut
1259 679 1415 743 dixit
1461 699 1508 743 s,
1549 680 1756 763 Alph„
1790 679 2078 744 subditus
2113 682 2211 743 uti
2241 683 2454 760 potest
2487 701 2606 744 sua
2643 680 2824 745 liber-

362 781 528 844 tate!
571 780 800 845 Melius
846 781 961 855 dic,
996 800 1126 846 esse
1163 782 1507 847 consultius
1539 801 1849 847 recurrere
1896 783 1972 846 ad
2018 783 2390 861 inferiorem,
2430 785 2506 847 ut
2544 784 2822 848 vitentur

358 883 900 960 hallucinationes
941 883 1036 948 uti
1067 885 1196 948 iam
1226 884 1511 949 diximus.
1853 950 1856 954 1

450 979 636 1056 404.
685 986 791 1062 Iis,
841 1005 1001 1067 quae
1047 987 1120 1051 de
1165 987 1483 1070 Episcopis
1530 987 1816 1063 diximus,
1867 986 2211 1052 addendum
2258 990 2353 1053 est
2397 988 2563 1072 quod
2610 990 2822 1053 monet

357 1107 408 1151 s,
451 1088 635 1171 Alph.
668 1088 775 1151 lib.
817 1091 873 1152 1.
907 1109 966 1152 11.
1009 1090 1175 1165 191.,
1211 1089 1284 1153 de
1329 1089 1708 1171 quaestione,
1745 1108 1823 1152 an
1860 1089 2147 1173 Episcopi
2192 1091 2539 1174 generatim
2584 1089 2824 1173 dispen-

356 1209 497 1255 sare
543 1192 783 1274 possint
826 1192 891 1256 in
937 1192 1179 1277 legibus
1226 1192 1577 1275 superioris,
1611 1191 1858 1274 quando
1906 1192 2284 1274 dispensatio
2334 1210 2457 1256 non
2504 1194 2601 1256 est
2636 1210 2823 1255 reser-
2891 1222 2897 1228 ·

355 1296 531 1371 vata,
577 1294 724 1359 licet
767 1313 878 1359 nec
923 1295 996 1360 de
1043 1296 1285 1360 casibus
1313 1296 1666 1378 frequenter
1711 1295 2173 1361 occurrentibus
2222 1298 2449 1381 agatur
2481 1314 2591 1360 nec
2621 1296 2695 1360 de
2727 1313 2823 1359 oc-

355 1396 605 1460 casione
630 1396 893 1462 alicuius
917 1399 1196 1483 urgentis
1211 1399 1598 1464 necessitatis
1614 1417 1724 1464 nec
1740 1400 1804 1464 in
1821 1401 1955 1465 iure
1979 1400 2241 1479 dicatur,
2262 1419 2439 1484 posse
2457 1400 2818 1484 dispensari,

356 1499 436 1562 ut
466 1517 602 1581 sup.
637 1518 696 1562 11.
739 1499 887 1563 287.
922 1502 1018 1565 est
1048 1500 1304 1566 dictum.
1831 1529 1837 1532 >
2222 1502 2223 1505 ’

451 1601 562 1664 Ait
598 1602 810 1665 autem
847 1620 895 1665 s.
928 1603 1181 1679 Doctor,
1231 1623 1295 1668 se
1343 1604 1490 1669 olim
1537 1606 1792 1688 putasse
1837 1605 2217 1688 probabilem
2267 1606 2618 1687 opinionem
2660 1604 2822 1669 affir-

354 1703 693 1780 mativam3
728 1704 853 1782 sed,
893 1724 957 1770 re
987 1706 1209 1771 melius
1240 1725 1555 1790 perpensa,
1589 1707 1917 1772 tenendam
1950 1708 2198 1772 omnino
2232 1726 2361 1771 esse
2392 1708 2772 1792 negativam.

451 1806 654 1887 Quam
706 1808 770 1872 in
822 1828 972 1886 rem,
1021 1812 1264 1892 praeter
1311 1810 1466 1874 alias
1512 1811 1784 1875 rationes
1832 1810 2089 1887 validaS,
2138 1811 2412 1895 generali
2459 1809 2664 1875 utitur
2708 1811 2820 1875 illo

352 1910 692 1994 principio:
728 1910 867 1975 Leoe
910 1914 1257 1991 semeriom’s
1288 1933 1412 1993 per
1455 1911 1819 1992 inferiorem
1857 1912 1995 1977 tolli
2035 1933 2164 1977 non
2198 1917 2437 1993 potest,·
2469 1914 2607 1977 tum
2640 1914 2819 1977 affert

352 2013 707 2078 doctrinam
742 2015 1090 2098 generalem
1123 2034 1194 2080 ex
1225 2034 1273 2079 S.
1308 2015 1548 2080 Thoma
1585 2016 1640 2079 l.
1678 2017 1738 2079 2.
1774 2035 1833 2099 q.
1869 2017 1975 2080 97.
2009 2016 2125 2080 art.
2169 2015 2229 2079 4.
2267 2015 2343 2079 ad
2376 2017 2477 2080 3.:
2513 2039 2548 2073 «
2572 2016 2643 2080 In
2680 2016 2820 2099 lege

353 2116 632 2181 humana
677 2116 924 2200 publica
970 2136 1093 2182 non
1126 2118 1333 2201 potest
1377 2118 1728 2202 dispensare
1774 2117 1893 2182 nisi
1924 2118 2049 2194 ille,
2091 2138 2126 2183 a
2164 2138 2286 2201 quo
2334 2119 2431 2183 lex
2483 2119 2822 2182 auctorita-

361 2221 486 2283 tem
517 2220 725 2296 habet,
765 2220 863 2284 vel
898 2220 973 2296 is,
1007 2220 1109 2284 cui
1140 2221 1270 2303 ipse
1306 2221 1621 2286 commisit
1656 2246 1717 2285 ›.

444 2322 609 2386 Tum
658 2322 947 2400 ostendit,
981 2322 1215 2387 frustra
1263 2326 1701 2409 argumentum
1748 2324 1813 2388 in
1860 2324 2241 2389 contrarium
2286 2324 2416 2406 peti
2457 2342 2490 2387 e
2522 2323 2817 2399 censuriS,

359 2444 395 2488 a
440 2425 667 2507 quibus
716 2426 1031 2491 absolvere
1091 2426 1352 2508 quisque
1407 2428 1630 2509 potest,
1681 2426 1733 2489 si
1781 2445 1901 2490 non
1950 2427 2077 2490 sint
2121 2427 2490 2490 reservatae.
2551 2423 2615 2489 Si
2668 2424 2821 2489 haec

349 2528 518 2593 ratio
567 2528 822 2605 valeret,
873 2530 1123 2613 possent
1176 2529 1366 2594 etiam
1420 2528 1672 2612 parochi
1717 2528 2068 2613 dispensare
2122 2529 2186 2593 in
2241 2528 2529 2593 omnibus
2577 2527 2820 2613 legibus

351 2629 699 2707 PontificiS‚
749 2631 856 2696 ubi
901 2630 1279 2715 dispensatio
1319 2651 1438 2697 non
1471 2635 1566 2697 est
1601 2634 1948 2708 reservata;
1999 2631 2224 2714 quippe
2261 2631 2325 2695 et
2353 2631 2476 2714 ipsi
2508 2631 2588 2695 ab
2630 2631 2822 2694 omni-

351 2733 470 2797 bus
521 2733 797 2798 censuris
827 2753 949 2798 non
995 2735 1324 2799 reservatis
1354 2737 1615 2817 possunt
1648 2735 1983 2800 absolvere.
2032 2734 2115 2797 Et
2160 2733 2323 2798 sicut
2368 2734 2483 2798 hoc
2525 2733 2623 2798 ius
2656 2735 2818 2798 esset

351 2835 506 2920 ipsis
540 2835 942 2914 ordinarium,
978 2837 1106 2901 scil.
1142 2837 1204 2901 vi
1238 2837 1443 2911 officii,
1478 2837 1571 2902 ita
1609 2839 1862 2921 possent
1892 2836 2030 2901 aliis
2062 2837 2366 2922 delegare.

443 2939 689 3020 Itaque,
744 2938 1265 3020 quemadmodum
1312 2941 1388 3005 ut
1431 2958 1610 3005 casus
1662 2941 2016 3005 reservatus
2062 2940 2165 3015 sit,
2213 2938 2554 3020 requiritur
2603 2939 2677 3002 ut
2722 2958 2822 3003 su-

350 3043 561 3127 perior
590 3061 734 3106 eum
761 3042 882 3106 sibi
911 3045 1200 3118 reservet,
1235 3062 1360 3125 qua
1390 3044 1806 3107 reservatione
1852 3042 2169 3106 deficiente
2207 3043 2470 3123 possunt
2498 3041 2819 3105 inferiores

351 3146 431 3211 ab
477 3164 552 3211 eo
600 3163 748 3210 casu
798 3145 1147 3210 absolvere:
1195 3145 1288 3209 ita
1334 3146 1408 3209 ut
1455 3144 1720 3208 facultas
1769 3140 2161 3225 dispensandi
2207 3142 2533 3217 habeatur,
2567 3141 2748 3205 debet
2785 3161 2822 3205 a

352 3248 671 3330 superiore
708 3265 816 3312 seu
846 3247 1205 3332 legislatore
1236 3247 1370 3330 ipsa
1408 3245 1674 3318 concedi,
1714 3263 1839 3327 qua
1876 3261 1998 3309 non
2030 3260 2337 3318 concessa,
2373 3260 2444 3306 eo
2477 3242 2611 3323 ipso
2647 3243 2819 3306 nulla

356 3352 456 3413 est
493 3348 890 3432 dispensatim

449 3450 677 3516 Merito
723 3452 976 3534 proinde
1010 3452 1187 3516 affert
1232 3470 1281 3515 s.
1321 3449 1505 3533 Alph.
1544 3449 1831 3534 regulam
1875 3448 1940 3512 in
1987 3466 2066 3512 ss.
2108 3443 2464 3511 Canonibus
2520 3443 2820 3509 traditam

354 3574 490 3639 cap.
531 3552 822 3619 Dilectus
855 3556 959 3619 15.
994 3555 1069 3618 de
1108 3553 1514 3633 Tempomhew
1559 3550 2060 3629 ordinationum,
2094 3549 2200 3614 ubi
2247 3549 2533 3614 Pontifex
2579 3548 2826 3631 Episco-

354 3678 507 3743 pum
539 3657 949 3741 reprehendit,
984 3657 1148 3740 quod
1172 3676 1244 3721 ex
1264 3656 1561 3721 mandato
1584 3654 2056 3738 Metropolitani
2080 3653 2182 3736 (ut
2210 3653 2317 3717 ille
2350 3653 2584 3737 aiebat)
2608 3652 2821 3716 eodem

354 3760 487 3826 dies
534 3762 662 3824 tres
688 3760 929 3824 ordines
977 3759 1173 3824 eidem
1217 3758 1455 3824 homini
1499 3757 1867 3823 contulisset
1913 3758 1977 3822 et
2005 3756 2244 3821 subdit:
2291 3779 2327 3814 ⁴<
2366 3755 2528 3819 Tum
2575 3753 2721 3834 quia
2768 3753 2824 3816 si

352 3865 429 3930 de
466 3863 767 3929 mandato
813 3862 1275 3946 Archiepiscopi
1305 3862 1635 3937 constaret,
1675 3880 1817 3925 cum
1847 3860 1944 3924 illi
1973 3857 2333 3923 huiusmodi
2365 3854 2742 3938 dispensatio
2781 3874 2824 3915 a

353 3987 593 4031 canone
639 3966 893 4030 minime
939 3967 1029 4030 sit
1054 3965 1389 4045 permissa,
1445 3963 1565 4046 ipsi
1613 3963 2035 4045 obtemperare
2079 3979 2203 4024 non
2249 3957 2465 4022 debuit
2517 3981 2578 4018 ».
2646 3954 2822 4019 Unde

352 4069 686 4134 manifeste
733 4068 949 4154 regula
997 4067 1222 4152 prodit,
1258 4085 1381 4131 non
1426 4065 1649 4130 habere
1696 4064 2031 4146 Episcopos
2077 4059 2380 4126 eiusmodi
2425 4056 2820 4141 potestatem,

352 4172 476 4237 nisi
524 4171 774 4254 quando
822 4189 1101 4254 expresse
1147 4170 1296 4252 ipsis
1331 4168 1395 4232 id
1421 4187 1456 4232 a
1486 4168 1619 4232 iure
1655 4167 2028 4231 conceditur.

445 4275 734 4356 Denique
764 4273 843 4337 ad
881 4292 1110 4337 vanum
1141 4271 1298 4336 illud
1330 4272 1770 4356 argumentum
1802 4267 1965 4350 quod
1982 4267 2115 4331 heic
2146 4266 2397 4348 quidam
2437 4283 2577 4328 cum
2609 4261 2823 4325 Natali

354 4378 531 4442 Alex.
571 4376 961 4460 promebant,
994 4374 1367 4458 Episcopum
1414 4391 1591 4456 posse
1627 4372 1689 4436 in
1737 4390 1853 4436 sua
1891 4370 2168 4435 Dioecesi
2200 4368 2364 4450 quod
2401 4368 2609 4451 potest
2654 4366 2826 4447 Papa

353 4481 419 4544 in
466 4484 609 4547 tota
643 4479 916 4543 Ecclesia
948 4478 1056 4560 qui
1088 4479 1184 4541 est
1216 4477 1605 4560 aphorismus
1653 4476 1833 4558 plane
1878 4474 2273 4538 iansenianus
2319 4473 2382 4536 et
2427 4469 2824 4535 febronianus

351 4586 683 4667 totiusque
732 4580 964 4645 ordinis
1026 4579 1422 4645 ecclesiastici
1479 4579 1735 4654 eversiO,
1801 4576 2131 4660 respondet
2176 4596 2224 4640 s.
2284 4576 2536 4646 Doctor,
2592 4572 2656 4636 id
2702 4571 2823 4634 dici
