3529 5158
1574 723 1944 808 APPEN
1953 720 2171 805 mx
2238 722 2308 805 Ι.

855 925 1396 1012 DISSERTATIO
1431 925 1538 988 DE
1572 922 1952 989 GENUINA
1993 922 2051 986 S.
2089 919 2503 986 ALPHONSI
2541 919 3006 985 SENTENTIA

1185 1040 1432 1106 CfflCA
1459 1038 1689 1103 USUM
1727 1036 2148 1103 OPINIONIS
2182 1035 2672 1101 PROBABILIS

1273 1382 1943 1466 PRAEFATIO
2014 1380 2588 1465 AUCTORIS

789 1600 1022 1684 Scopus
1048 1600 1234 1664 huius
1259 1597 1732 1663 Dissertationis
1764 1597 1866 1661 hic
1896 1598 2009 1672 est,
2047 1597 2240 1660 amice
2265 1596 2477 1661 lector.
2513 1596 2703 1661 Volui
2738 1617 2774 1660 a
2814 1617 2860 1661 s.
2898 1599 3168 1665 Doctore

695 1705 931 1768 diluere
964 1704 1179 1767 notam
1229 1702 1688 1765 inconstantiae
1736 1701 1800 1763 in
1847 1700 2185 1783 systemate
2217 1699 2377 1762 circa
2411 1718 2595 1763 usum
2629 1700 2996 1782 opinionum
3042 1704 3169 1767 sive

701 1808 1005 1871 rationem
1038 1805 1349 1887 quandam
1399 1803 1734 1878 ostendere,
1772 1820 1894 1884 qua
1929 1801 2199 1886 abstergi
2234 1800 2443 1865 valeat
2473 1802 2622 1865 haec
2654 1804 2824 1866 nota.
2867 1801 3169 1882 Quamvis

695 1910 862 1973 enim
909 1908 1227 1971 fateantur
1273 1906 1616 1989 generatim
1666 1923 1876 1969 omnes
1924 1923 2134 1986 reapse
2168 1923 2217 1966 s,
2259 1904 2591 1968 Doctorem
2638 1905 2701 1968 111
2748 1906 2863 1969 hac
2912 1908 3168 1990 capitali

698 2010 1059 2091 quaestione
1098 2008 1215 2071 sibi
1253 2026 1492 2089 semper
1523 2008 1953 2070 cohaerentem
1985 2005 2191 2081 fuisse,
2227 2005 2440 2088 negari
2474 2008 2683 2069 tamen
2716 2008 2952 2089 nequit,
3003 2009 3166 2091 quod

700 2112 899 2195 specie
930 2111 1155 2174 saltem
1194 2112 1372 2173 tenus
1422 2108 1804 2173 contrarium
1855 2109 2168 2189 appareat,
2204 2110 2277 2171 ut
2307 2107 2591 2172 nonnulli
2623 2108 2698 2173 de
2736 2109 2851 2173 hac
2881 2130 2947 2173 re
2996 2110 3170 2175 dubi-

700 2217 990 2289 taverint,
1019 2216 1127 2279 alii
1166 2214 1630 2287 affirmaverint,
1674 2232 1813 2276 vere
1848 2232 1892 2275 s.
1923 2213 2255 2275 Doctorem
2287 2230 2357 2275 ex
2391 2211 2514 2275 alia
2548 2212 2610 2276 in
2646 2213 2832 2276 aliam
2859 2214 2997 2296 plus
3032 2216 3162 2279 vice

700 2319 966 2401 simplici
1004 2318 1307 2400 migrasse
1339 2317 1729 2380 sententiam.

788 2422 869 2485 Et
916 2440 1082 2492 sane,
1133 2422 1205 2483 ut
1260 2420 1563 2501 specimen
1618 2418 1930 2499 quoddam
1992 2417 2406 2491 exhibeamus
2475 2420 2530 2481 1.
2587 2419 2651 2482 in
2708 2419 3158 2484 Dissertatione

701 2546 842 2590 ann.
882 2526 1071 2589 1749.
1108 2524 1271 2588 edita
1314 2543 1361 2588 s.
1398 2524 1632 2588 Doctor
1665 2523 1742 2586 ad
1773 2523 2218 2604 quaestionem,
2251 2543 2338 2585 cm
2377 2521 2563 2585 liceat
2588 2524 2767 2605 sequi
2810 2525 3164 2604 opinionem

698 2629 909 2689 minus
932 2625 1345 2705 probabilem,
1382 2624 1806 2704 probabiliori
1841 2624 2082 2698 relicta,
2122 2626 2492 2689 sententiam
2525 2626 2808 2708 sequitur
2841 2645 2911 2689 ac
2943 2646 3167 2710 propu-

696 2733 874 2814 gnat,
900 2749 1058 2810 quae
1090 2728 1279 2802 docet,
1308 2728 1545 2790 licitum
1574 2749 1701 2791 esse
1727 2729 1824 2790 uti
1847 2729 2132 2807 opinione-
2164 2726 2358 2790 solide
2376 2726 2717 2808 probabili,
2741 2728 3170 2808 probabiliori

696 2833 925 2895 omissa
958 2833 1021 2894 et
1053 2830 1257 2894 addit:
1310 2829 1698 2893 Sententiam
1746 2847 2030 2892 NOSTRAM
2065 2834 2287 2893 vocant
2321 2850 2697 2894 communem
2737 2829 2999 2904 Suarez,
3037 2830 3167 2895 Pa-

695 2935 837 2998 laus
872 2938 982 2998 etc.
1011 2938 1163 2998 etc...
1224 2932 1629 2997 Christianus
1677 2932 1899 3011 Lupus
1930 2932 2217 3004 ostendit,
2251 2931 2512 2996 Summos
2545 2933 2917 2998 Pon'r1r1csss
2949 2951 3026 2997 ET
3057 2935 3166 2998 Ec-

696 3055 957 3102 cnsssrffl
990 3053 1381 3101 carumdem
1430 3052 1673 3098 sameas
1705 3051 2060 3097 Pssnmrsrssa
2110 3052 2280 3098 USUM
2314 3051 2692 3111 Paossfflrms,
2727 3052 3164 3100 PRoBABmom

694 3157 1013 3204 RELICTA...
1054 3138 1347 3202 Testatur
1400 3137 1617 3218 Moya,
1667 3154 1956 3200 NOSTRAM
1987 3137 2360 3199 sententiam
2395 3139 2663 3200 tenuisse
2707 3136 3162 3202 Universitates

693 3265 921 3317 omneS,
956 3242 1341 3324 Reliyiones,
1376 3241 1740 3321 Episcopo&
1785 3239 2067 3302 Smmnos
2114 3239 2525 3320 Poniifioe.s...
2566 3239 2976 3306 Communem
3017 3261 3161 3327 ergo

694 3347 1086 3418 sententiam,
1136 3365 1323 3427 quam
1373 3345 1528 3408 alias
1575 3342 2158 3407 Probabilistarum
2213 3342 2503 3426 appellat,
2554 3363 2601 3407 s.
2651 3343 2887 3408 Doctor
2935 3345 2998 3407 in
3047 3345 3162 3409 hac

695 3448 1146 3512 Dissertatione
1183 3449 1434 3511 tenebat
1466 3448 1528 3510 et
1558 3446 1831 3528 impense
1869 3446 2320 3528 propugnabat.

784 3548 1115 3630 Operosius
1164 3569 1306 3613 vero
1355 3551 1417 3612 et
1464 3550 1802 3631 impensius
1851 3547 2102 3610 eandem
2150 3547 2492 3612 doctrinam
2542 3547 2813 3611 defendit
2869 3550 3160 3631 omnique

698 3653 1209 3734 argumentorum
1228 3670 1447 3734 genere
1465 3650 1872 3715 communivit
1899 3650 1956 3712 in
1986 3649 2455 3724 Dissertatione,
2477 3669 2664 3732 quam
2689 3651 2978 3715 sexennio
2999 3655 3158 3735 post.

694 3753 855 3818 idest
888 3772 1047 3817 anno
1080 3753 1267 3816 1755.
1310 3753 1519 3828 edidit,
1561 3753 1736 3817 cuius
1777 3753 2016 3834 partem
2057 3771 2176 3814 non
2211 3751 2516 3816 modicam
2549 3751 2828 3816 dedimus
2869 3754 2930 3816 in
2972 3756 3053 3816 tr.
3091 3753 3161 3816 de

692 3854 1101 3921 Conscientia.

784 3961 843 4023 2.
873 3959 1103 4023 Contra
1129 3958 1277 4021 alibi
1304 3977 1439 4021 eam
1457 3957 1679 4021 thesim
1707 3957 1935 4021 statuit
1961 3958 2165 4038 (Edit.
2191 3979 2343 4020 mm.
2376 3957 2565 4021 1757.
2594 3961 2655 4018 et
2682 3957 2873 4022 1763.
2901 3957 3156 4023 Proem.

695 4082 754 4125 n.
788 4061 948 4142 IV.),
984 4079 1142 4142 quae
1176 4061 1468 4123 inclinare
1494 4060 1740 4124 videtur
1769 4061 1958 4124 etiam
2000 4061 2074 4123 ad
2103 4060 2281 4123 illum
2308 4059 2942 4143 probabiliorismum,
2975 4080 3152 4143 quem

695 4164 755 4226 in
789 4162 1292 4246 praecedentibus
1332 4163 1889 4227 Dissertationibus
1923 4163 2059 4226 tota
2094 4163 2154 4226 vi
2188 4162 2652 4227 confutaverat:
2689 4159 3013 4225 Sententia
3049 4183 3154 4225 no—

690 4268 828 4326 stra
857 4265 1118 4346 (inquit)
1151 4268 1212 4326 et
1239 4266 1581 4328 communis
1616 4267 1796 4338 tenet,
1838 4264 2022 4326 licere
2055 4284 2237 4327 usum
2268 4264 2580 4342 opinionis
2622 4262 2906 4327 absolute
2934 4265 3160 4344 proba·

686 4366 851 4440 bilis,
899 4372 1015 4429 aut
1056 4367 1155 4430 sal
1161 4372 1277 4430 tem
1314 4367 1785 4446 probabilioris,
1836 4368 1953 4428 etsi
1998 4368 2320 4430 contraria
2346 4385 2464 4445 pro
2513 4365 2642 4446 leye
2672 4366 2758 4427 sit
2773 4365 3153 4444 probabilis,

686 4469 884 4546 Quem
908 4487 1153 4531 sensum
1187 4469 1366 4550 (ibid.
1403 4490 1459 4532 11.
1494 4472 1581 4552 1.)
1604 4470 1741 4532 aliis
1777 4469 1977 4532 verbis
2012 4470 2098 4532 sic
2131 4469 2546 4551 expresserat:
2584 4465 2820 4530 Saltem
2850 4469 2912 4529 si
2944 4470 3154 4548 opinio

681 4570 962 4633 libertati
989 4571 1207 4650 fiircns
1238 4572 1511 4652 firmiori
1537 4573 1943 4652 ficmlamcnto
1981 4575 2246 4636 nitatur.
