3529 5158
309 312 449 388 [316]
557 329 679 369 mcx
717 329 1007 373 1311113113
1043 331 1211 380 Quin.
1251 331 1630 379 Quornpmx.
1669 333 1753 373 Arx
1793 331 2172 373 macariana
2214 333 2515 375 mpanmr
2660 318 2766 373 331

309 426 531 504 lorum,
567 445 829 492 uxorum
861 430 976 492 etc.
1003 427 1302 508 Quocirca
1341 430 1438 494 lex
1467 430 1720 494 irritans
1750 429 1931 494 condi
1963 432 2167 513 potest
2213 431 2442 512 absque
2467 430 2598 494 ulla
2629 448 2772 512 sup-

311 529 612 613 positione
659 530 897 612 culpae,
932 530 1037 594 sed
1083 531 1288 596 solum
1336 532 1482 613 quia
1529 551 1855 596 commune
1886 532 2117 596 bonum
2150 532 2432 615 postulat
2465 534 2538 595 ut
2572 532 2770 612 aliqui

312 633 484 696 actus
531 631 592 694 in
641 631 939 696 societate
985 632 1196 698 valore
1243 634 1512 707 careant,
1548 636 1619 698 ut
1650 636 1820 699 certa
1849 634 1935 699 sit
1964 634 2268 716 quaedam
2299 634 2519 708 forma,
2555 652 2768 699 secun-

311 733 458 798 dum
481 752 670 815 qnam
695 736 873 798 actus
906 735 1059 799 fiant
1082 737 1155 799 ut
1187 737 1454 800 valeant.
1480 736 1622 801 Non
1644 756 1792 821 ergo
1816 737 1914 801 lex
1937 737 2190 802 irritans
2223 739 2318 801 est
2340 737 2437 802 lex
2470 737 2769 819 poenalis,

396 836 484 900 At
513 836 937 914 nihilominus»,
987 858 1128 902 cum
1166 838 1438 903 irritatio
1478 840 1654 904 actus
1692 840 1778 904 sit
1814 839 2126 922 quoddam
2162 858 2520 923 gravamen,
2561 841 2769 922 potest

312 941 471 1002 certe
515 938 753 1002 irritari
799 939 1026 1021 aliquis
1073 942 1251 1005 actus
1298 941 1360 1004 in
1407 960 1669 1024 poenam
1707 941 1952 1026 agentis
1985 944 2050 1005 et
2086 941 2172 1006 sic
2218 941 2315 1005 lex
2360 942 2616 1005 irritans
2650 941 2772 1005 erit

313 1039 502 1105 etiam
547 1041 858 1123 poenalis:
907 1043 1006 1106 vel
1052 1043 1431 1126 simpliciter,
1480 1045 1534 1108 si
1579 1045 1783 1109 solum
1829 1044 1893 1108 in
1940 1062 2221 1126 poenam,
2269 1043 2367 1108 vel
2431 1044 2766 1107 secundum

313 1143 479 1226 quid,
520 1143 574 1207 si
604 1143 795 1208 etiam
831 1145 897 1208 in
928 1164 1191 1228 poenam
1229 1147 1312 1210 sit
1342 1148 1605 1211 statuta.

393 1244 540 1311 Non
578 1246 777 1311 omnis
810 1248 986 1311 actus
1018 1247 1304 1312 irritatus
1335 1251 1430 1312 est
1454 1268 1524 1313 eo
1556 1249 1691 1332 ipso
1725 1248 2075 1331 prohibitus
2107 1250 2171 1312 et
2195 1247 2431 1311 malus:
2469 1246 2591 1310 nisi
2621 1264 2771 1330 ergo

309 1349 402 1414 lex
441 1348 697 1413 irritans
734 1348 1091 1414 adiunctam
1136 1350 1364 1415 habeat
1399 1351 1600 1434 legem
1646 1351 2096 1434 prohibentem,
2146 1352 2217 1415 ut
2263 1349 2499 1413 sciatur
2546 1367 2625 1412 an
2673 1349 2779 1413 lex

309 1451 564 1516 irritans
610 1451 694 1515 sit
739 1451 927 1515 simul
973 1453 1036 1516 et
1084 1453 1428 1534 prohibens,
1479 1453 1569 1517 ita
1619 1456 1690 1518 ut
1735 1455 1944 1536 peccet
1975 1452 2114 1534 quis
2143 1453 2361 1518 contra
2392 1470 2529 1515 eam
2555 1469 2767 1533 agene,

311 1553 529 1637 regula
560 1571 819 1635 sequens
851 1553 1141 1618 traditur.
1176 1553 1240 1618 Si
1279 1574 1495 1636 nempe
1519 1557 1695 1619 actus
1719 1555 2006 1619 irritatus
2031 1555 2115 1618 sit
2139 1554 2286 1618 talis
2317 1554 2378 1618 vi
2416 1553 2513 1616 3111
2548 1550 2773 1616 obiecti

314 1657 422 1719 aut
475 1674 552 1720 ex
611 1674 726 1719 3113
778 1658 1025 1732 11311113,
1067 1658 1140 1719 111
1186 1657 1341 1720 velle
1381 1657 1562 1720 illum
1616 1676 1859 1740 ponere,
1917 1675 2060 1720 cum
2106 1656 2308 1720 valide
2354 1654 2483 1719 fieri
2531 1653 2769 1734 nequit,

311 1759 492 1839 turpe
525 1756 612 1820 sit
641 1759 703 1821 et
740 1759 956 1822 contra
986 1760 1220 1821 rectam
1266 1759 1591 1832 rationem,
1626 1758 1792 1840 quod
1823 1760 2089 1823 maxime
2138 1756 2381 1822 videtur
2417 1755 2774 1838 contingere

311 1859 372 1924 in
403 1860 674 1924 materia
706 1859 1044 1944 religioniS‚
1079 1861 1141 1925 in
1175 1861 1416 1925 actibus
1442 1862 1632 1925 sacris
1655 1866 1720 1926 et
1747 1862 1813 1925 in
1851 1861 2113 1925 materia
2145 1860 2459 1925 iustitiae:
2495 1861 2644 1922 tunc
2675 1856 2771 1920 lex

310 1962 570 2026 irritans
601 1965 696 2026 est
727 1963 917 2027 simul
955 1963 1302 2044 prohibens.
1342 1962 1568 2028 Suarez
1593 1965 1634 2027 l.
1670 1984 1720 2028 c.
1762 1983 1895 2047 cap.
1932 1965 2036 2027 20.
2071 1983 2130 2026 n.
2174 1964 2233 2026 5.

397 2063 563 2128 Sane
585 2066 908 2146 peccatum
932 2068 1046 2142 est,
1080 2064 1548 2131 Sacramentum
1571 2067 1729 2132 velle
1753 2066 2046 2131 conficere
2071 2065 2301 2146 absque
2317 2062 2526 2128 debita
2551 2061 2772 2139 forma,

309 2166 785 2231 matrimonium
816 2167 1176 2233 contrahere
1222 2187 1366 2232 cum
1409 2169 1850 2252 impedimento
1898 2167 2242 2244 dirimente,
2277 2166 2640 2230 electionem
2677 2183 2775 2228 ca·

309 2270 601 2334 nonicam
647 2288 957 2354 peragere,
1005 2270 1438 2353 praetermissa
1484 2271 1865 2354 praescripta
1911 2270 2129 2335 forma.
2178 2268 2318 2333 Non
2367 2269 2579 2350 peccat
2625 2284 2772 2331 vero

309 2373 414 2453 qui
445 2373 905 2436 testamentum
935 2373 1087 2437 facit
1118 2373 1248 2437 31116
1279 2372 1478 2438 forma
1509 2374 1889 2456 praescripta
1915 2392 1950 2436 a
1982 2373 2137 2456 lege,
2179 2369 2285 2435 sed
2316 2369 2519 2435 solum
2559 2370 2772 2432 actum

308 2473 662 2539 invalidum
701 2474 896 2557 ponit.

395 2577 665 2642 Irritato
705 2581 915 2642 autem
954 2581 1120 2654 actu,
1157 2578 1459 2663 obligatio
1511 2578 1710 2644 oritur
1755 2578 1819 2643 in
1867 2576 2241 2643 conscientia
2290 2573 2594 2640 subeundi
2641 2574 2778 2639 effe·

306 2682 444 2744 ctus
475 2679 891 2753 irritationi33
933 2681 986 2743 si
1024 2681 1185 2745 enim
1219 2684 1396 2746 actus
1428 2685 1522 2747 631
1558 2682 1789 2759 111111113,
1822 2681 2069 2746 nullum
2106 2680 2203 2745 ius
2229 2679 2465 2761 acquiri
2497 2678 2727 2761 potuit.

395 2781 462 2847 Si
493 2782 602 2847 lex
638 2801 759 2846 non
791 2784 1003 2848 irritat
1033 2784 1166 2867 ipso
1198 2784 1385 2861 facto,
1425 2784 1528 2849 sed
1560 2785 1764 2850 30111111
1796 2785 2096 2869 praecipit
2131 2782 2367 2848 irritari
2401 2802 2506 2865 per
2538 2783 2778 2846 senten-

305 2885 464 2949 tiam
492 2883 746 2960 iudiciS,
785 2885 1061 2967 quandiu
1090 2887 1293 2970 reipsa
1318 2905 1438 2951 non
1461 2888 1750 2952 irritatur
1787 2890 1983 2963 361113,
2018 2904 2440 2968 quaecumque
2472 2884 2557 2948 sit
2587 2903 2779 2949 causa

305 3011 414 3057 6111
451 3012 581 3058 non
621 2991 907 3057 irritetur
945 3010 981 3055 a
1018 2992 1243 3067 iudice3
1280 2996 1456 3057 actus
1495 2994 1694 3057 adhuc
1732 2994 2023 3058 subsistit
2060 2997 2124 3057 et
2171 2992 2416 3056 validus
2457 2994 2586 3055 est:
2628 2991 2777 3071 quia

307 3114 524 3178 reapse
575 3112 702 3158 non
735 3096 830 3158 est
858 3094 1166 3158 irritatus.

395 3193 560 3267 315.
605 3194 864 3275 Quando
911 3196 1007 3260 lex
1054 3196 1308 3259 irritans
1346 3215 1464 3259 non
1506 3198 1598 3259 est
1645 3195 1941 3278 poenaIiS,
1990 3195 2347 3277 ignorantia
2380 3194 2477 3256 vel
2523 3193 2782 3256 invinci-

303 3298 453 3362 bilis
491 3316 622 3363 non
643 3297 904 3380 impedit
926 3298 1361 3363 irritationem.
1389 3296 1549 3376 Quia
1573 3296 1928 3381 ignorantia
1952 3300 2208 3361 eatenus
2231 3294 2527 3377 impedire
2569 3296 2779 3375 posset

305 3401 755 3477 irritationem,
805 3403 1111 3483 quatenus
1151 3402 1468 3465 excusaret
1515 3419 1552 3463 a
1595 3399 1779 3482 culpa
1826 3399 1924 3463 vel
1978 3400 2284 3481 quatenus
2332 3400 2652 3463 excusaret
2701 3397 2778 3461 ab

305 3503 524 3585 aliqua
559 3521 761 3586 poena
791 3504 1203 3568 exorbitante:
1240 3503 1417 3584 atqui
1453 3502 1515 3566 id
1548 3504 1641 3566 631
1679 3502 1813 3566 11616
1844 3501 2280 3584 impertinens;
2312 3501 2460 3583 quia
2506 3500 2781 3565 irritatio

305 3625 416 3671 nec
455 3609 558 3672 est
599 3623 798 3689 poena
829 3624 938 3669 nec
967 3608 1062 3669 631
1099 3608 1350 3688 propter
1380 3605 1646 3687 culpam,
1702 3604 1808 3669 sed
1868 3607 2117 3688 propter
2153 3623 2478 3669 commune
2525 3605 2778 3679 bonum,

302 3712 485 3776 cuius
520 3710 841 3794 exigentia
887 3728 1009 3774 non
1047 3709 1354 3773 minuitur
1390 3727 1498 3790 per
1527 3707 1951 3792 ignorantiam
1981 3710 2179 3772 tuam.
2206 3706 2371 3791 Ergo
2422 3705 2782 3789 ignorantia

303 3814 530 3897 nequit
565 3812 818 3877 obstare
855 3812 1098 3877 effectui
1127 3811 1284 3895 legis
1314 3810 1641 3874 irritantis.
1669 3810 1771 3873 Ita
1803 3807 2028 3874 Suarez
2052 3810 2095 3873 l.
2121 3829 2172 3872 6.
2191 3829 2251 3871 11.
2284 3810 2341 3871 7.
2368 3808 2475 3889 qui
2508 3807 2784 3870 affirmat

304 3915 466 3979 hanc
500 3933 647 3979 6336
678 3913 1047 3978 sententiam
1081 3931 1490 3978 communem.

391 4017 602 4082 Addit
637 4016 804 4080 idem
826 4016 973 4080 ibid.
999 4036 1059 4079 n.
1091 4017 1192 4079 11.
1201 4035 1490 4097 ,nequeg
1455 4034 1708 4079 ‹travem
1739 4018 1979 4078 metum
2002 4013 2294 4095 impedire
2317 4012 2602 4075 effectum
2626 4009 2785 4093 legis
2838 4012 2843 4017 ’

303 4119 656 4183 irritantis.
693 4118 760 4182 Id
795 4121 1077 4183 constare
1110 4118 1202 4182 ait
1233 4138 1303 4182 ex
1327 4137 1511 4182 sensu
1544 4119 1606 4182 et
1639 4136 1758 4181 usu
1792 4116 1990 4181 totius
2014 4114 2339 4188 Ecclesiae,
2366 4133 2437 4177 ex
2469 4111 2787 4176 communi

302 4238 626 4287 consensu
667 4218 994 4285 doctorum
1031 4223 1217 4301 atque
1256 4219 1592 4284 efficaciam
1619 4221 1682 4283 et
1705 4218 1890 4282 finem
1925 4217 2123 4299 ipsius
2153 4215 2311 4299 legis
2348 4214 2685 4297 postulare,
2714 4216 2791 4277 ut

301 4322 692 4391 huiusmodi
721 4323 993 4405 exceptio
1039 4341 1161 4388 non
1202 4322 1596 4387 admittatur.

394 4425 564 4499 318.
612 4424 688 4490 Si
733 4443 876 4489 vero
922 4425 1019 4489 lex
1065 4425 1317 4489 irritans
1356 4425 1440 4489 sit
1486 4423 1847 4506 simpliciter
1884 4422 2178 4505 poenaIiS,
2213 4422 2510 4503 sequatur
2544 4421 2791 4503 oportet

303 4532 635 4598 rationem
670 4527 829 4611 legis
861 4527 1152 4610 poenalis.
1179 4527 1261 4591 Et
1292 4526 1540 4608 quidem
1573 4525 1627 4588 si
1657 4525 2011 4609 ignorantia
2043 4527 2156 4589 aut
2188 4524 2311 4588 alia
2343 4522 2566 4587 similis
2602 4540 2792 4586 causa
