3529 5158
1134 391 1217 430 m:
1256 390 1465 430 mnxrn
1502 389 1548 430 s.
1578 389 1886 431 ALPRONSI
1922 391 2049 431 mc.
2717 376 2825 431 687

368 511 427 573 p.
466 488 797 573 Haringer,
832 489 907 552 ut
934 507 1070 571 sup.
1109 486 1379 551 vidimus
1410 506 1470 550 n.
1516 488 1639 564 14„
1665 487 1999 551 scribebat:
2033 514 2066 543 «
2102 488 2198 551 Ad
2227 487 2659 552 certitudinem
2692 506 2826 551 mo-

367 592 561 656 ralem
602 591 877 675 proxime
911 590 1145 656 accedit
1181 590 1388 673 opinio
1418 589 1642 666 mult0,
1693 589 1871 653 valde
1903 592 2014 654 aut
2047 589 2410 653 notabiliter
2433 588 2827 669 probabilior

368 713 528 776 quae
574 713 697 758 non
743 693 871 758 iam
919 695 1016 758 est
1058 692 1273 757 stricte
1328 692 1542 768 dubia,
1599 691 1703 755 sed
1749 692 2071 757 moraliter
2126 695 2239 756 aut
2275 694 2455 775 quasi
2505 693 2828 757 moraliter

368 797 536 859 certa
568 797 632 860 et
670 795 954 879 opposita
986 794 1061 860 fit
1098 795 1366 858 tenuiter
1382 791 1756 873 probabili&

458 897 516 961 N
521 917 599 962 on
631 897 888 963 damnat
934 897 1132 982 igitur
1163 897 1554 971 sententiam,
1590 916 1778 978 quam
1811 898 1982 979 prius
2018 898 2149 980 ipse
2181 895 2552 971 defenderat,
2584 898 2828 960 licitum

370 1018 501 1064 esse
531 1019 717 1064 usum
745 1000 1050 1082 opinionis
1073 999 1269 1063 solide
1292 998 1627 1081 probabilis
1647 999 1708 1061 in
1735 1017 2038 1063 concursu
2061 999 2514 1081 probabilioris.
2539 998 2829 1078 Quinimo

370 1102 830 1168 distinctionem
861 1104 1023 1168 inter
1045 1103 1203 1167 hanc
1234 1101 1805 1166 communissimam
1830 1101 2174 1166 doctrinam
2207 1121 2242 1165 a
2277 1120 2342 1165 se
2371 1103 2830 1185 propugnatam

372 1207 436 1269 et
465 1206 858 1283 sententiam,
893 1224 1081 1287 quam
1114 1204 1250 1269 heic
1281 1203 1537 1267 damnat
1580 1203 1711 1285 ipse
1744 1203 2090 1267 clarissime
2122 1204 2210 1267 sic
2241 1203 2494 1267 exhibet·
2510 1203 2574 1266 in
2599 1202 2834 1265 Disser-

372 1306 611 1371 tatione
643 1326 784 1370 ann.
823 1307 1046 1370 1755.:
1072 1330 1108 1365 ‹
1138 1305 1327 1370 Recte
1365 1303 1733 1387 respondent
1769 1305 2074 1369 Auctores
2107 1305 2306 1369 nostri
2338 1304 2653 1385 (videlicet
2698 1322 2834 1385 pro·

372 1409 751 1493 babilistae),
769 1408 1000 1473 falsum
1024 1427 1174 1484 esse,
1199 1408 1499 1472 maiorem
1523 1406 2030 1488 probabilitatem
2054 1406 2277 1470 elidere
2299 1407 2621 1480 minorem,
2648 1405 2831 1469 nisi...

375 1511 580 1595 opinio
614 1512 993 1595 probabilior
1024 1512 1252 1575 habeat
1298 1528 1407 1593 pro
1440 1528 1503 1572 se
1536 1511 1669 1572 tam
1698 1509 2065 1573 convincens
2093 1512 2552 1593 argumentum,
2593 1510 2666 1572 ut
2697 1527 2835 1572 6611-

374 1615 572 1678 traria
602 1633 742 1677 vere
773 1613 1218 1696 improbabilis,
1258 1613 1356 1675 vel
1403 1630 1525 1674 non
1561 1611 1830 1692 amplius
1863 1613 2140 1695 graviter
2172 1614 2236 1675 et
2281 1614 2448 1675 certo
2497 1612 2834 1694 probabilis

376 1715 683 1780 videatur.
723 1714 910 1780 Secus
947 1717 1158 1779 tamen
1203 1713 1545 1790 dicendum,
1580 1714 1632 1776 si
1664 1732 1945 1777 excessus
1978 1733 2100 1778 non
2132 1716 2217 1779 sit
2245 1712 2648 1789 notabilis...‚·
2685 1718 2836 1779 tunc

379 1818 543 1882 enim
594 1817 799 1901 opinio
846 1818 1053 1881 minus
1096 1815 1433 1899 probabilis
1481 1815 1659 1900 gravi
1703 1834 1818 1879 sua
1867 1817 2307 1899 probabilitate
2352 1818 2606 1882 minime
2653 1817 2839 1880 desti·

373 1919 581 1984 tuitur
610 1944 672 1983 ».

464 2022 658 2086 Porro
682 2022 758 2085 ut
782 2021 1081 2085 affirmari
1105 2021 1321 2103 possit,
1348 2038 1397 2083 s.
1426 2020 1758 2084 Doctorem
1791 2021 1852 2083 in
1885 2022 2001 2085 hac
2027 2023 2476 2087 Dissertatione
2500 2041 2836 2106 proponere

377 2126 672 2207 incepisse
705 2123 1313 2207 aequiprobabilismi
1338 2125 1630 2206 systema,
1666 2142 1786 2187 non
1812 2124 2045 2189 sufficit
2075 2125 2241 2207 quod
2264 2126 2327 2189 111
2360 2127 2496 2209 ipsa
2522 2126 2837 2190 asseratur

376 2227 586 2291 licitus
631 2244 783 2291 usus
832 2224 1139 2308 opinionis
1186 2224 1523 2308 probabilis
1578 2226 1640 2288 in
1686 2244 1990 2290 concursu
2059 2246 2251 2308 aeque
2311 2227 2668 2309 probabilis
2718 2227 2837 2291 nisi

380 2331 641 2396 ulterius
678 2329 999 2414 quidpiam
1050 2330 1115 2394 in
1162 2349 1233 2394 ea
1290 2329 1670 2407 ostendatur,
1722 2350 1828 2412 per
1888 2331 2049 2412 quod
2103 2332 2770 2414 aequiprobabilismus
2803 2351 2839 2393 a

389 2434 701 2498 communi
732 2435 1071 2518 systemate
1107 2432 1403 2515 simplicis
1436 2432 1866 2514 probabilismi
1899 2434 2238 2497 secernitur
2268 2434 2597 2516 ipsumque
2635 2433 2838 2498 exclu-

376 2535 488 2602 dit.
551 2535 748 2619 Atqui
802 2536 953 2600 haec
1010 2534 1382 2600 Dissertatio
1442 2534 1616 2599 nullo
1674 2533 1859 2598 modo
1928 2536 2270 2619 simplicem
2325 2536 2839 2619 probabilismum

383 2638 669 2716 excludit,
704 2636 809 2703 sed
840 2656 1005 2702 mere
1038 2637 1225 2700 huius
1272 2637 1630 2721 systematis
1682 2639 1922 2720 partem
1970 2638 2273 2706 defendit:
2309 2640 2580 2704 excludit
2629 2642 2840 2705 autem

384 2761 473 2817 ea,
493 2760 651 2824 quae
675 2760 781 2823 per
812 2759 878 2803 se
903 2739 966 2803 in
1000 2741 1338 2824 systemate
1363 2758 1606 2822 quoque
1631 2739 1930 2822 simplicis
1956 2741 2384 2823 probabilismi
2406 2742 2836 2808 excluduntur.

384 2843 546 2928 Ergo
579 2843 823 2907 nullum
858 2840 1335 2906 fundamentum
1382 2845 1660 2925 apparet,
1697 2841 1861 2924 quod
1908 2842 2186 2920 suadeat,
2229 2845 2841 2927 aequiprobabilismi

380 2949 652 3030 systema
692 2964 725 3008 3
764 2964 814 3008 S.
854 2945 1123 3009 Doctore
1153 2944 1287 3008 heic
1319 2944 1579 3027 proponi
1611 2945 1903 3027 coepisse.

470 3048 574 3112 86.
610 3046 727 3112 Sed
763 3046 889 3111 dixi
934 3046 1205 3130 insuper,
1252 3047 1568 3131 integrum
1616 3047 1677 3109 in
1718 3047 1833 3109 hac
1868 3048 2317 3111 Dissertatione
2348 3049 2513 3110 cerni
2543 3047 2841 3128 simplicis

382 3149 807 3233 probabilismi
852 3149 1144 3233 systema.
1179 3147 1494 3229 Siquidem
1533 3168 1580 3211 s.
1620 3150 1851 3212 Doctor
1885 3149 1945 3210 in
1980 3168 2050 3211 ea
2085 3167 2207 3212 11611
2241 3148 2424 3212 1116116
2458 3151 2607 3212 tunc
2637 3149 2843 3212 solum

382 3250 583 3316 reiicit
618 3253 680 3316 et
709 3251 966 3316 damnat
1011 3269 1196 3315 usum
1244 3249 1548 3332 opinionis
1594 3249 1801 3312 minus
1835 3248 2193 3331 probabiliS,
2229 3269 2370 3314 cum
2402 3269 2513 3332 pro
2545 3250 2682 3334 lege
2713 3252 2845 3314 stat

382 3358 590 3442 opinio
637 3359 798 3422 certe
845 3359 909 3421 et
955 3356 1314 3421 notabiliter
1361 3354 1759 3438 probabilior,
1815 3355 2101 3419 videlicet
2133 3356 2456 3419 moraliter
2503 3358 2617 3419 aut
2664 3358 2846 3437 quasi

379 3461 702 3527 moraliter
730 3462 927 3538 certa;
976 3459 1082 3525 sed
1126 3457 1393 3542 positive
1442 3457 1716 3520 affirmat
1766 3459 1829 3521 et
1883 3457 2080 3533 docet,
2124 3460 2296 3521 extra
2344 3458 2502 3523 hanc
2548 3458 2848 3542 hypothe-

384 3566 502 3629 sim
546 3564 790 3628 licitum
822 3582 953 3628 esse
987 3581 1171 3627 usum
1207 3560 1511 3644 opinionis
1543 3559 1823 3623 libertati
1863 3559 2148 3623 faventis,

470 3666 553 3731 Et
575 3666 691 3730 hoc
724 3664 974 3747 quidem
1004 3663 1199 3728 velex
1230 3680 1300 3726 66
1340 3662 1590 3724 tantum
1627 3658 1845 3725 deduci
1878 3665 2105 3744 posset,
2134 3662 2297 3744 quod
2321 3682 2507 3727 usum
2540 3661 2846 3745 opinionis

384 3769 589 3833 minus
635 3767 972 3852 probabilis
1018 3768 1170 3830 tunc
1215 3764 1422 3828 solum
1473 3762 1789 3846 improbat
1820 3783 1930 3828 ceu
1963 3765 2276 3840 illicitum,
2317 3765 2563 3846 quando
2601 3783 2846 3828 summa

382 3872 492 3936 illa
538 3889 648 3954 pro
695 3870 832 3955 lege
864 3869 1101 3933 militat
1149 3866 1578 3951 probabilitas.
1613 3866 1695 3929 Et
1732 3885 1877 3930 sane
1926 3869 2037 3931 aut
2083 3867 2407 3931 dicendum
2455 3869 2568 3945 est,
2602 3866 2847 3930 nullum

386 3973 521 4037 dari
563 3971 839 4037 medium
887 3972 1053 4035 inter
1084 3969 1434 4054 opinionem
1472 3987 1663 4050 aeque
1709 3987 1850 4032 cum
1901 3968 2184 4050 opposita
2219 3968 2598 4050 probabilem
2635 3971 2698 4032 et
2723 3968 2849 4050 opi-

388 4076 631 4142 nionem
679 4076 855 4140 illam
901 4075 993 4139 ita
1038 4072 1398 4138 notabiliter
1444 4071 1942 4155 probabiliorem,
1978 4073 2051 4135 ut
2095 4091 2283 4155 prope
2330 4071 2649 4136 moraliter
2679 4073 2847 4136 certa

388 4180 506 4245 dici
538 4181 727 4262 queat
752 4204 769 4256 ;
820 4181 933 4242 aut
978 4174 1430 4241 concedendum
1461 4177 1555 4238 est
1587 4175 1759 4239 iuxta
1787 4194 1835 4238 s.
1863 4174 2195 4239 Doctorem
2225 4175 2471 4239 licitum
2494 4193 2624 4239 esse
2655 4174 2848 4239 etiam

396 4301 580 4347 usum
613 4281 920 4365 opinionis
965 4276 1301 4364 probabilis
1346 4276 1411 4341 111
1457 4296 1753 4342 concursu
1817 4277 2271 4360 probabilioriS,
2319 4296 2477 4359 quae
2534 4296 2848 4342 summum

387 4384 569 4449 illum
619 4381 1081 4468 probabilitatis
1112 4379 1377 4466 gradum
1408 4398 1529 4443 non
1556 4379 1852 4464 attingat.
1887 4378 2181 4458 Quaestio
2214 4380 2397 4457 enim,
2431 4400 2620 4463 quam
2657 4399 2706 4445 s,
2733 4380 2852 4444 Do-

391 4490 528 4553 ctor
572 4487 659 4552 ibi
708 4486 1016 4571 proponit,
1057 4484 1271 4570 exigit,
1304 4487 1379 4547 ut
1410 4482 1707 4565 quidquid
1739 4482 1943 4547 illiciti
1983 4483 2194 4547 haberi
2235 4484 2439 4566 potest
2471 4484 2532 4549 in
2572 4504 2692 4549 usu
2725 4486 2852 4568 opi-

390 4591 588 4656 nionis
621 4591 826 4655 minus
856 4586 1214 4673 probabilis,
1247 4587 1309 4651 in
1341 4604 1633 4670 responso
1667 4588 1981 4669 appareat.
