3529 5158
344 324 485 400 [527]
988 340 1369 382 DMES‘BATIO
1406 340 1791 382 narroiums.
1831 341 2148 382 snnsirrvA
2703 329 2810 385 487

350 435 755 502 conditionem
802 455 1106 519 apponere
1138 437 1365 520 potest.
1401 436 1560 517 Quia
1592 438 1657 502 in
1688 439 2210 504 conditionalibus
2243 441 2339 504 est
2376 439 2712 505 affirmatio
2745 443 2810 505 et

351 538 592 623 negatio
631 539 695 602 et
724 537 788 602 in
824 539 1048 621 copula
1078 539 1481 605 conditionali
1516 542 1611 604 est
1639 541 1948 623 quaedam
1979 541 2219 618 illatio;
2260 541 2614 623 aequivalet
2645 542 2810 606 enim

352 642 590 708 cuidam
628 642 1020 707 *antecedenti
1066 645 1130 707 et
1175 645 1595 725 consequenti,
1647 647 1721 709 ut
1767 665 1824 708 v.
1858 665 1952 728 gr.
1986 646 2046 708 si
2075 643 2251 708 homo
2297 648 2392 709 est
2417 645 2680 719 animl,
2720 649 2814 710 est

350 742 682 817 sensibilis,
716 744 1069 826 aequivalet
1099 745 1273 811 huic:
1308 749 1403 809 est
1429 745 1693 819 animal,
1727 766 1874 829 erqo
1903 746 2225 811 sensibilis
2243 767 2264 823 ,·
2296 748 2546 830 insuper
2576 749 2639 813 in
2673 767 2812 814 con-

352 845 750 912 ditionalibus
796 848 893 912 est
938 848 1243 929 quaedam
1280 848 1534 913 collatio
1582 849 1645 913 et
1691 849 1991 931 praecisio
2040 850 2225 914 unius
2256 849 2520 915 rationis
2553 852 2631 915 ab
2663 852 2807 929 alia,

351 953 420 1015 ut
448 971 506 1015 v.
540 969 634 1034 gr.
672 950 733 1012 si
777 950 919 1030 quis
964 949 1114 1013 velit
1156 950 1546 1014 concubitum
1590 970 1729 1015 cum
1772 951 2013 1032 aliqua,
2062 953 2115 1016 si
2160 972 2280 1016 sua
2315 956 2475 1016 esset
2501 974 2682 1027 uxor,
2716 957 2812 1018 est

351 1053 643 1137 praecisio
689 1054 969 1118 malitiae
1000 1073 1038 1118 a
1068 1055 1313 1137 copula,
1359 1074 1520 1138 quae
1566 1055 1853 1121 consistit
1882 1056 1948 1119 in
1986 1075 2058 1119 ea
2090 1056 2306 1121 habita
2337 1076 2481 1121 cum
2518 1077 2641 1122 non
2673 1077 2807 1135 sua,

349 1157 701 1239 apponendo
747 1157 1195 1222 conditionem:
1244 1159 1305 1221 si
1349 1161 1510 1221 essct
1550 1178 1687 1221 sua.
1736 1157 1909 1236 Quae
1958 1159 2165 1222 omnia
2213 1159 2408 1223 solius
2455 1159 2809 1225 intellectus

348 1262 522 1338 sunt;
572 1261 983 1346 imaginativa
1013 1262 1179 1326 enim
1208 1264 1305 1326 est
1334 1262 1679 1326 communis
1726 1261 2080 1326 hominibus
2113 1263 2178 1326 et
2214 1262 2436 1327 brutis·
2469 1261 2630 1326 Cum
2660 1281 2809 1346 ergo

344 1362 752 1447 imaginativa
798 1381 919 1427 non
950 1364 1258 1446 proponat
1296 1363 1607 1428 obiectum
1645 1363 1761 1426 sub
1807 1362 2177 1439 conditione,
2214 1364 2319 1428 sed
2352 1364 2671 1441 absolute;
2708 1384 2810 1447 ap·

345 1465 577 1546 petitus
622 1464 976 1541 sensitivmx,
1022 1465 1132 1546 qui
1177 1484 1250 1529 ex
1296 1465 1429 1529 eius
1478 1465 1959 1548 apprehensione
1995 1466 2303 1542 movetur,
2354 1467 2419 1530 in
2454 1467 2618 1531 idem
2651 1467 2811 1530 obie-

345 1568 513 1631 ctum
561 1566 911 1631 conditione
959 1566 1334 1631 destitutum
1380 1567 1579 1631 fertur
1610 1592 1671 1630 ».

433 1664 610 1738 527.
659 1668 846 1732 Hisce
876 1668 1096 1749 positis
1136 1667 1316 1731 facile
1354 1670 1450 1731 est
1478 1669 1825 1752 intelligere
1863 1670 1992 1733 vim
2023 1668 2468 1747 ResolutioniS‚
2504 1689 2648 1734 cum
2683 1670 2809 1734 imo

345 1791 415 1835 ex
458 1772 560 1835 his
606 1771 737 1853 ipse
773 1770 1011 1834 Auctor
1056 1770 1365 1834 rationem
1396 1770 1615 1834 reddat
1658 1790 1808 1836 suae
1855 1771 2272 1837 resolutionis

433 1874 612 1937 Duas
656 1873 845 1936 habet
882 1873 1117 1955 partes:
1152 1871 1352 1955 prima
1387 1872 1592 1953 quoad
1630 1871 2102 1938 delectationem
2140 1875 2455 1957 appetitus
2486 1875 2811 1940 rationalis

345 1975 456 2053 est,
510 1974 678 2056 quod
722 1974 1052 2038 delectatio
1092 1974 1438 2038 voluntatis
1485 1974 1560 2037 de
1609 1973 1847 2039 obiecto
1896 1975 2301 2041 conditionali
2347 1976 2540 2058 (quod
2572 1978 2811 2041 seclusa

345 2077 693 2142 conditione
731 2077 893 2140 esset
938 2078 1260 2158 peccatum
1307 2076 1592 2152 mortale,
1626 2094 1748 2140 non
1784 2078 1993 2142 autem
2041 2098 2113 2142 ea
2160 2078 2394 2162 posita)
2423 2095 2546 2143 non
2580 2079 2664 2143 sit
2693 2079 2812 2143 illi-

344 2180 487 2257 cita,
535 2179 776 2243 secluso
824 2180 1035 2243 tamen
1079 2179 1353 2260 periculo
1401 2197 1733 2243 consensus
1782 2179 1843 2242 in
1892 2180 2125 2261 aliquid
2175 2181 2462 2245 illicitum
2500 2183 2612 2246 aut
2658 2181 2812 2263 peri-

344 2282 478 2347 culo
528 2281 960 2346 delectationis
1008 2281 1070 2344 in
1119 2282 1295 2364 parte
1327 2281 1643 2358 sensitiva,
1681 2283 1752 2345 ut
1785 2302 1842 2345 v.
1883 2302 1977 2366 gr.
2012 2284 2312 2366 gaudium
2359 2284 2706 2349 voluntatis
2738 2284 2811 2347 de

346 2385 679 2450 concubitu
724 2403 867 2448 cum
914 2383 1211 2467 quapiam
1253 2383 1503 2462 femina,
1552 2385 1607 2449 si
1653 2387 1817 2448 esset
1861 2403 2034 2449 uxor.

430 2485 711 2552 Secunda
735 2505 878 2551 vero
903 2505 1047 2569 pars
1072 2487 1185 2562 est,
1220 2486 1694 2551 delectationem
1726 2487 2149 2551 voluntariam
2182 2489 2498 2571 appetitus
2529 2487 2809 2553 sensitivi

347 2593 416 2657 de
452 2594 696 2658 obiecto
728 2592 941 2657 eodem
973 2610 1103 2655 esse
1134 2592 1406 2656 letalem.

430 2695 511 2760 Et
553 2694 764 2777 quoad
811 2694 1077 2777 primam
1123 2696 1383 2776 partem.
1430 2694 1670 2758 Auctor
1716 2713 1838 2758 non
1884 2695 2170 2760 absolute
2216 2696 2511 2768 affirmat,
2551 2696 2811 2760 delecta-

346 2797 572 2863 tionem
602 2797 784 2861 illam
823 2814 954 2861 esse
984 2796 1245 2873 licitam,
1281 2796 1385 2861 sed
1416 2797 1622 2860 solum
1668 2795 1839 2873 dicit,
1875 2797 1936 2861 id
1970 2817 2006 2860 a
2045 2798 2416 2879 quibusdam
2450 2799 2588 2862 DD.
2623 2797 2806 2862 tradi.

428 2898 598 2980 Quae
648 2899 930 2964 doctrina
976 2899 1072 2963 his
1121 2898 1474 2964 confirmari
1519 2899 1870 2963 rationibus
1908 2899 2133 2981 potest.
2167 2900 2332 2963 Nam
2374 2900 2441 2962 1⁰
2473 2920 2616 2964 cum
2654 2900 2810 2964 dele-

345 3003 535 3069 ctatio
557 3001 911 3068 voluntatis
941 3001 1177 3066 feratur
1209 3002 1271 3065 in
1306 3002 1616 3066 obiectum
1649 3002 1767 3065 sub
1805 3002 2155 3067 conditione
2188 3003 2657 3085 apprehensum,
2693 3002 2809 3065 sub

342 3123 460 3187 qua
504 3107 681 3170 caret
724 3102 988 3180 malitia,
1036 3122 1160 3168 non
1207 3105 1304 3167 est
1347 3124 1456 3167 cur
1503 3104 1850 3178 damnetur,
1900 3103 2020 3174 nisi
2068 3104 2281 3184 aliqua
2326 3103 2664 3166 extrinseca
2711 3122 2810 3184 pe-

340 3208 513 3272 riculi
561 3206 1038 3273 circumstantia
1069 3204 1353 3269 addatur.
1391 3206 1459 3267 2⁰
1491 3203 1651 3267 Cum
1682 3202 1930 3267 malitia
1962 3206 2096 3267 tam
2128 3203 2557 3267 delectationis
2596 3203 2811 3266 volun-

344 3311 492 3374 tatis
536 3331 729 3394 quam
776 3308 1080 3385 desiderii,
1114 3308 1404 3372 sumatur
1442 3308 1520 3370 ab
1560 3306 1800 3371 obiecto
1835 3308 1899 3370 et
1928 3306 2093 3369 idem
2139 3306 2465 3387 utriusque
2499 3306 2809 3370 obiectum

343 3413 425 3477 sit
470 3434 540 3479 ac
583 3416 650 3480 in
698 3418 963 3496 utroque
1009 3412 1242 3477 militet
1302 3411 1412 3474 illa
1459 3412 1643 3487 ratio,
1709 3409 2193 3473 conditionalem
2235 3430 2602 3474 consensum
2646 3407 2812 3472 nihil

331 3536 558 3595 ponere
590 3520 665 3582 in
695 3536 866 3593 esse‚·
905 3517 1018 3581 aut
1052 3516 1386 3596 utrumque
1418 3516 1532 3577 aut
1569 3515 1864 3577 nentrum
1888 3512 2421 3578 condemnandum
2459 3516 2571 3578 est.
2601 3514 2672 3578 3⁰
2697 3514 2813 3577 De-

346 3622 524 3705 nique
568 3622 683 3686 illa
732 3617 1078 3684 voluntatis
1110 3616 1439 3681 delectatio
1489 3615 1646 3680 nihil
1676 3618 1773 3679 est
1822 3615 2013 3691 aliud,
2064 3635 2253 3697 quam
2301 3616 2560 3698 simplex
2598 3616 2812 3680 volun-

345 3725 494 3789 tatis
538 3726 753 3789 motus
800 3742 869 3786 ac
918 3718 1367 3802 complacentia
1412 3718 1718 3800 quaedam
1767 3720 1831 3781 et
1877 3719 2050 3800 quies
2097 3720 2161 3783 in
2209 3720 2368 3783 bono
2411 3720 2809 3801 apprehenSO‚

349 3828 439 3891 uti
477 3827 749 3893 vidimus
780 3846 852 3889 ex
881 3844 930 3889 s.
965 3825 1185 3888 Thom.
1220 3842 1354 3905 sup.
1395 3841 1454 3885 n.
1500 3822 1603 3885 76.
1635 3822 1832 3903 Atqui
1870 3822 2139 3907 gaudere
2170 3825 2234 3885 et
2271 3821 2563 3886 delectari
2598 3822 2664 3883 in
2700 3821 2809 3884 illo

345 3930 522 4009 bono,
556 3930 725 4013 quod
772 3947 980 3992 amare
1027 3927 1091 3990 et
1136 3924 1479 3989 desiderare
1517 3924 1681 4002 licet,
1723 3943 1843 3988 non
1886 3925 2166 3988 dissonat
2205 3944 2241 3987 a
2278 3924 2538 4007 ratione.
2574 3922 2812 4004 Quippe

346 4031 715 4099 desiderium
763 4033 826 4095 et
871 4048 1045 4095 amor
1083 4029 1231 4092 sunt
1263 4027 1459 4091 veluti
1491 4029 1703 4091 motus
1749 4026 2005 4107 quidam
2053 4026 2132 4089 ad
2178 4025 2480 4109 gaudium
2510 4026 2812 4107 tanquam

346 4136 421 4199 ad
450 4136 725 4218 quietem
758 4133 1094 4198 tendentes.
1132 4131 1232 4195 Ita
1264 4128 1534 4193 Sanchez
1572 4128 1679 4192 lib.
1718 4128 1777 4190 1.
1805 4146 1939 4210 cap.
1976 4130 2035 4190 2.
2072 4148 2129 4191 n.
2169 4129 2274 4190 34.

429 4236 610 4318 Quod
661 4237 911 4318 quidem
948 4235 1331 4317 postremum
1364 4232 1804 4316 argumentum
1845 4250 1881 4294 a
1913 4231 2183 4313 paritate
2215 4250 2357 4294 cum
2388 4230 2687 4295 desiderio
2722 4231 2813 4295 ita

346 4338 615 4404 Sanchez
655 4339 854 4403 fusius
884 4336 1202 4401 evolverat
1230 4334 1377 4400 ibid.
1412 4356 1472 4399 n.
1508 4336 1650 4397 31.:
1692 4355 1727 4391 «
1767 4331 1943 4399 Sicut
1971 4334 2035 4397 in
2068 4332 2366 4398 desiderio
2399 4335 2464 4397 et
2495 4333 2811 4416 proposito

344 4443 577 4507 efficaci
625 4441 883 4524 copulae
930 4458 1072 4503 cum
1110 4437 1388 4514 muliere,
1428 4438 1488 4501 si
1533 4439 1692 4500 esset
1735 4456 1917 4509 mor,
1968 4435 2157 4517 (quae
2203 4454 2415 4500 omnes
2461 4435 2634 4499 licita
2682 4454 2813 4500 esse

346 4544 673 4626 fatentur)
724 4539 1200 4625 apprehenditur
1248 4539 1557 4604 obiectum
1588 4538 1705 4603 sub
1736 4538 2090 4602 conditione
2119 4536 2537 4613 matrimonii3
2587 4538 2817 4602 deside-
