3529 5158
696 394 815 433 Lxx
1562 388 1775 431 SERIES
1814 388 2176 430 CHRONOLOG
2183 387 2283 428 ch

1055 492 1113 567 ξ.
1156 496 1215 551 5.

784 584 888 641 52.
926 583 1097 639 Item
1147 596 1317 654 quae
1367 578 1609 655 innuit,
1648 596 1782 640 non
1824 578 2029 638 alium
2073 579 2344 639 titulum
2385 577 2877 636 ordinationum
2934 575 3162 652 fuisse,

692 687 889 745 quam
939 670 1435 744 deputationem
1474 668 1559 727 ad
1591 667 1865 743 aliquod
1897 667 2183 742 speciale
2219 666 2683 737 ministerium,
2720 665 2942 739 qualis
2973 681 3164 740 prae-

692 759 945 834 scripta
991 762 1092 817 est
1126 758 1195 816 in
1231 758 1529 818 Concilio
1564 758 2108 831 chalcedonensi,
2143 756 2560 830 subiungens
2600 755 2681 829 (ξ.
2719 754 2826 827 (L),
2862 754 3161 828 quandiu

694 847 994 907 Ecclesia
1042 864 1185 907 sese
1218 847 1325 905 his
1357 848 1708 921 principiis
1741 847 1810 904 in
1845 847 2105 905 delectu
2149 862 2483 905 sacrorum
2519 844 2978 902 ministrorum
3010 860 3163 902 con-

693 935 1027 1013 formavit,
1056 937 1579 997 ecclesiasticum
1603 935 1903 995 ordinem
1938 935 2267 1012 floruisse;
2297 950 2531 993 verum
2570 933 2800 991 beatos
2833 932 2982 991 illos
3021 933 3163 993 dies

693 1026 1037 1085 transiisse.
1086 1043 1394 1100 novaque
1426 1024 1758 1099 principia
1808 1024 2091 1084 subinde
2133 1023 2533 1101 introducta,
2569 1021 2815 1096 quibus
2849 1027 3162 1096 corrupta

692 1114 825 1174 fuit
871 1114 1225 1189 disciplina
1272 1115 1343 1173 in
1391 1114 1655 1174 delectu
1703 1114 2158 1173 ministrorum
2203 1112 2599 1177 sanctuarii:

1151 1270 1182 1291 ,-

1051 1269 1110 1339 ξ.
1160 1293 1206 1327 ι.

781 1358 885 1414 53.
916 1357 1087 1416 Item
1113 1357 1290 1431 quod
1322 1357 1500 1415 inter
1533 1357 1696 1416 haec
1721 1355 1868 1431 ipsa
1891 1356 2339 1430 corruptionis
2368 1355 2698 1430 principia
2723 1354 2947 1430 refert,
2973 1355 3159 1430 quod

690 1461 1019 1505 recessum
1069 1445 1160 1505 sit
1205 1463 1245 1504 a
1292 1450 1516 1505 vetere
1566 1445 1899 1523 instituto,
1942 1462 2093 1520 quo,
2129 1452 2203 1503 nt
2252 1445 2348 1502 ait
2397 1445 2478 1519 (ξ.
2522 1445 2627 1517 3.),
2665 1444 2962 1504 Ecclesia
2999 1446 3160 1504 insi-

689 1539 874 1593 stens
923 1535 1237 1609 Apostoli
1281 1534 1592 1609 vestigiis
1640 1536 1972 1593 neminem
2021 1534 2104 1593 ad
2156 1533 2616 1594 Sacerdotium
2664 1533 3156 1593 admittendum

691 1624 1041 1701 statuerat,
1076 1624 1209 1683 nisi
1256 1625 1373 1698 qui
1421 1628 1880 1684 conservasset
1929 1622 2377 1682 innocentiam
2431 1623 2914 1697 baptismalem,

784 1712 1133 1784 Quatenus
1179 1714 1423 1791 innuit,
1464 1718 1843 1789 corruptam
1894 1713 2101 1772 fuisse
2150 1712 2568 1788 disciplinam
2613 1729 2730 1786 per
2778 1712 3044 1772 decreta
3091 1715 3157 1772 et

652 1830 660 1838 ·
691 1799 1023 1876 instituta,

784 1893 842 1947 1.
880 1890 1038 1949 Sive
1085 1891 1329 1965 quibus
1376 1891 1831 1952 ordinationes
1878 1910 1998 1967 per
2045 1893 2290 1953 saltum
2341 1891 2589 1952 vetitae
2640 1894 2817 1963 sunt,

783 1980 841 2035 2.
880 1979 1039 2038 Sive
1072 1980 1318 2054 quibus
1343 1997 1461 2054 pro
1496 1980 1939 2039 Ecclesiarum
1978 1982 2375 2042 necessitate
2407 1985 2475 2041 et
2508 1980 2973 2041 commoditate
3011 1997 3156 2056 pro-

692 2065 885 2125 batae
919 2072 1079 2126 sunt
1104 2068 1555 2128 ordinationes
1595 2069 1739 2128 sine
1772 2069 1972 2129 titulo
2006 2071 2314 2145 specialis
2347 2070 2562 2147 officii,
2591 2068 2778 2129 velut
2811 2070 3152 2144 speciatim

690 2172 730 2214 a
778 2155 1171 2217 Tridentino
1218 2157 1551 2219 ordinatio
1592 2158 1675 2217 ad
1723 2159 2000 2218 titulum
2053 2159 2481 2238 patri1nonii3
2535 2160 2723 2218 salva
2777 2157 3156 2218 obedientia

690 2260 823 2317 qua
869 2244 964 2304 sic
1012 2245 1299 2305 ordinati
1349 2246 1795 2306 Ecclesiarum
1846 2248 2360 2309 necessitatibus
2393 2248 2730 2308 deservire
2779 2247 3025 2307 debent
3076 2248 3156 2306 iis

687 2333 1016 2394 obeundis
1065 2336 1316 2413 officiis,
1353 2336 1600 2410 quibus
1638 2354 1758 2411 pro
1792 2337 1936 2397 loco
1974 2354 2050 2397 ac
2082 2342 2378 2413 tempore
2410 2338 2494 2397 ab
2537 2337 2863 2412 Episcopo
2902 2337 3152 2396 admoti

687 2421 959 2501 fuerint,
988 2425 1546 2498 quemadmodum
1577 2426 1661 2485 ab
1695 2426 2080 2501 apostolicis
2111 2428 2522 2503 temporibus
2555 2427 2624 2485 in
2658 2426 3004 2501 primitiva
3033 2426 3153 2485 Ec-

686 2511 890 2571 clesia
937 2513 1079 2572 fieri
1127 2514 1497 2590 consuevit,

776 2604 835 2659 3.
865 2602 1023 2661 Sive
1049 2604 1294 2676 quibus
1325 2605 1471 2663 iure
1509 2606 1827 2664 canonico
1860 2605 2040 2665 facta
2069 2611 2174 2665 est
2205 2607 2552 2666 criminum
2583 2604 2947 2680 dist-inctiO,
2981 2621 3152 2679 quae

686 2688 1154 2764 delinquentes
1200 2693 1491 2752 reddunt
1539 2693 1975 2768 irregulares3
2027 2696 2216 2769 quasi
2266 2713 2386 2770 per
2429 2696 2602 2755 hanc
2649 2694 3148 2754 distinctionem

687 2777 983 2838 Ecclesia
1022 2782 1370 2840 recesserit
1399 2800 1438 2841 a
1477 2782 1719 2855 spiritu
1756 2785 2089 2858 Apostoli,
2126 2802 2256 2843 non
2297 2785 2710 2860 excludendo
2749 2783 3152 2860 generaliter

681 2869 752 2924 et
799 2866 1189 2929 indistincte
1237 2871 1321 2928 ab
1353 2871 1801 2931 ecclesiastico
1849 2872 2219 2932 ministerio
2257 2890 2485 2933 omnes
2519 2888 2993 2949 quoscumque,
3034 2871 3148 2947 qui

685 2953 1147 3029 baptismalem
1197 2959 1645 3019 innocentiam
1699 2978 1829 3019 nou
1882 2968 2414 3022 conservassent:

775 3045 1101 3106 Doctrina
1148 3048 1433 3123 singulis
1468 3049 1608 3108 suis
1641 3050 1947 3124 partibus
1980 3051 2164 3126 falsa,
2202 3051 2571 3128 temeraria,
2606 3050 2860 3111 ordinis
2892 3067 3012 3125 pro
3046 3066 3148 3109 ee-

863 3136 1209 3196 clesiarum
1270 3138 1667 3198 necessitate
1715 3144 1784 3199 et
1831 3140 2296 3201 commoditate
2356 3140 2610 3200 inducti
2661 3139 3145 3215 perturbativa,

863 3225 933 3284 in
982 3226 1402 3302 disciplinam
1451 3245 1571 3302 per
1617 3245 1903 3288 canones
1941 3233 2007 3289 et
2051 3230 2396 3305 speciatim
2447 3247 2564 3306 per
2611 3228 2988 3289 Tridentini
3037 3229 3148 3288 de-

857 3319 1041 3374 creta
1086 3318 1429 3391 probatam
1483 3317 1825 3378 iniuriosa.

770 3549 874 3604 54.
911 3547 1079 3606 Item
1117 3566 1289 3622 quae
1321 3551 1509 3609 velut
1542 3552 1804 3625 turpem
1840 3550 2121 3610 abusum
2157 3556 2348 3612 notat
2381 3570 2670 3629 unquam
2707 3550 3144 3626 praetendere

675 3634 1161 3712 eleemosynam
1188 3655 1307 3713 pro
1332 3638 1747 3698 celebrandis
1767 3639 1991 3698 Missis
2017 3645 2085 3699 et
2105 3641 2551 3702 Sacramentis
2573 3640 3139 3717 administrandiS,

676 3724 877 3784 sicuti
902 3730 970 3784 et
1000 3727 1299 3802 accipere
1333 3723 1697 3803 quemlibet
1724 3732 2126 3805 proventum
2161 3729 2414 3789 dictum
2440 3733 2640 3791 stolae
2670 3735 2738 3791 et
2771 3729 3136 3805 generat-im

675 3814 1141 3890 quodcumque
1189 3818 1599 3892 stipendium
1649 3822 1717 3878 et
1764 3817 2210 3896 honora-rium,
2260 3820 2438 3894 quod
2496 3820 2965 3898 suffragiorum
3023 3823 3140 3878 aut

669 3903 1033 3965 cuiuslibet
1064 3908 1463 3981 parochialis
1497 3907 1863 3968 functionis
1900 3909 2242 3969 occasione
2274 3910 2576 3969 offertur:

765 3995 969 4067 Quasi
1009 3997 1224 4071 turpis
1256 3997 1507 4057 abusus
1556 3997 1831 4056 crimine
1883 3998 2158 4056 notandi
2193 4002 2417 4058 essent
2454 3998 2741 4058 ministri
2781 3998 3137 4072 Ecclesiae,

674 4084 789 4154 qui
828 4085 1189 4143 secundum
1242 4090 1583 4161 receptum
1617 4093 1685 4147 et
1718 4087 2070 4161 probatum
2121 4087 2458 4148 Ecclesiae
2491 4104 2731 4148 morem
2771 4093 2836 4146 et
2871 4086 3142 4146 institu-

671 4175 818 4228 tum
843 4176 1131 4232 utuntur
1158 4174 1300 4234 iure
1324 4176 1581 4249 promul
1592 4178 1746 4246 gato
1773 4176 1858 4234 ab
1887 4177 2214 4249 Apostolo
2239 4177 2611 4252 accipiendi
2637 4176 3031 4251 temporalia
3057 4176 3140 4235 ab

675 4258 800 4334 his,
837 4260 1082 4333 quibus
1121 4263 1501 4336 spiritualia
1551 4264 2063 4322 ministrantur.

760 4349 976 4426 Falsa,
1012 4352 1339 4410 temerari
1326 4370 1381 4428 i,
1418 4352 1852 4412 ecclesiastici
1884 4370 1962 4411 ac
1994 4355 2349 4427 pastoralis
2391 4354 2560 4414 iuris
2594 4356 2867 4430 laesiva,
2905 4354 2971 4457 in
3012 4353 3136 4413 Ec-

852 4439 1117 4496 clesiam
1169 4440 1446 4514 eiusque
1498 4442 1841 4501 ministros
1891 4441 2230 4502 iniuriosa.
