3529 5158
639 374 784 414 XXVI
1504 373 1716 413 SEROES
1753 372 2222 415 GHRoNOLOGICA

728 479 789 534 4.
832 475 1122 534 Praelati
1181 475 1521 548 regulares
1573 478 1857 548 possunt
1913 474 1977 533 in
2043 475 2186 535 foro
2245 475 2692 536 conscientiae
2747 478 3094 540 absolvere

637 580 1097 639 quoscumque
1126 565 1457 623 seculares
1488 563 1574 621 ab
1607 562 1860 623 haeresi
1895 566 2154 623 occult-a
2184 568 2252 623 et
2289 566 2376 624 ab
2412 568 3094 628 excommunicatione

642 657 918 729 propter
963 670 1108 712 eam
1154 654 1441 712 incursa.

728 746 788 801 5.
817 743 1140 815 Quamvis
1171 742 1522 802 evidenter
1550 740 1673 799 tibi
1709 745 1991 813 constet,
2020 742 2294 801 Petrum
2327 759 2471 802 esse
2503 744 2930 820 haereticum,
2960 762 3090 805 non

642 832 895 890 teneris
942 831 1363 903 denuntiare,
1399 831 1455 889 si
1502 830 1784 905 probare
1831 847 1962 889 non
2011 832 2246 905 possis.

731 923 791 979 6.
828 920 1311 994 confessarius,
1346 920 1462 994 qui
1511 920 1580 977 in
1614 920 2079 979 sacramentali
2127 918 2544 980 confessione
2576 922 2820 981 tribuit
2866 924 3095 998 poeni-

639 1010 813 1068 tenti
860 1011 1157 1069 chartam
1205 1013 1441 1085 postea
1486 1008 1856 1083 legendam,
1892 1009 1957 1067 in
1994 1025 2129 1082 qua
2175 1009 2258 1067 ad
2309 1025 2618 1069 venerem
2664 1011 2920 1089 incitat,
2961 1029 3091 1072 non

641 1102 953 1158 censetur
1005 1098 1366 1158 sollicitare
1419 1098 1490 1155 in
1543 1096 1958 1156 confessione
2015 1114 2092 1156 ac
2145 1097 2426 1171 proinde
2482 1116 2615 1158 non
2675 1104 2778 1159 est
2839 1102 3094 1160 denun-

638 1187 932 1247 tiandus.

734 1280 792 1337 7.
842 1276 1082 1336 Modus
1137 1276 1438 1336 evitandi
1493 1274 1966 1347 obligationem
2036 1275 2534 1335 denuntiandae
2601 1278 3094 1339 sollicitationis

639 1370 761 1441 est,
796 1368 849 1425 si
900 1365 1299 1426 sollicitatus
1345 1364 1744 1424 confiteatur
1790 1381 1935 1423 cum
1988 1365 2422 1424 sollicitante:
2457 1365 2566 1424 liic
2609 1372 2834 1442 potest
2870 1369 3087 1443 ipsum

639 1456 987 1515 absolvere
1034 1456 1288 1529 absque
1333 1470 1534 1513 onere
1578 1454 2044 1512 denuntiandi.

731 1548 790 1604 8.
841 1543 1268 1619 Duplicatum
1336 1542 1741 1617 stipendium
1792 1546 2016 1617 potest·
2069 1544 2375 1602 sacerdos
2429 1559 2549 1618 pro
2606 1544 2834 1603 eadem
2885 1546 3094 1605 Missa

642 1634 825 1693 licite
871 1634 1191 1709 accipere,
1239 1631 1637 1707 applicando
1685 1633 1939 1705 petenti
1987 1639 2240 1705 partem
2299 1633 2500 1691 etiam
2549 1633 3089 1707 specialissimam

639 1723 899 1781 fructus
928 1723 1199 1797 ipsimet
1245 1720 1609 1782 celebranti
1644 1721 2264 1795 correspondentem
2308 1722 2512 1795 idque
2548 1727 2703 1796 post
2750 1722 3088 1782 decretum

644 1810 899 1873 Urbani
951 1812 1147 1870 Vfll.

733 1904 792 1960 9.
856 1903 1020 1960 Post
1081 1900 1419 1959 decret-um
1486 1899 1742 1959 Urbani
1807 1903 2031 1972 potest
2076 1900 2401 1974 sacerdos,
2465 1902 2569 1960 cui
2635 1900 2880 1960 Missae
2925 1901 3093 1960 cele-

639 1989 933 2048 brandae
981 1990 1360 2066 traduntur,
1407 2005 1526 2063 per
1573 1988 1776 2047 alium
1825 1988 2226 2061 satisfacere,
2260 1990 2500 2048 collato
2549 1990 2643 2047 illi
2695 1988 2932 2047 minori
2974 1990 3092 2050 sti·

640 2079 905 2155 pendio,
954 2079 1087 2138 alia
1132 2081 1323 2152 parte
1368 2078 1683 2152 stipendii
1734 2077 1864 2136 sibi
1909 2080 2187 2135 retenta.

732 2172 835 2229 10.
864 2169 1008 2227 Non
1046 2170 1148 2226 est
1180 2170 1411 2226 eontra
1435 2167 1781 2237 iustitiam,
1810 2183 1929 2240 pro
1961 2167 2266 2239 pluribus
2294 2166 2648 2225 Sacrificiis
2681 2167 3087 2241 stipendium

639 2258 935 2332 accipere.
990 2260 1060 2316 et
1117 2256 1523 2315 Sacrificium
1581 2273 1788 2314 unum
1837 2256 2090 2313 offerre.
2145 2257 2376 2330 Neque
2431 2257 2629 2314 etiam
2693 2261 2796 2315 est
2859 2264 3092 2317 contra

639 2347 1049 2420 fidelitatem,
1099 2346 1359 2405 etiamsi
1408 2346 1812 2419 promittam,
1848 2344 2284 2418 promissione
2331 2344 2530 2403 etiam
2579 2345 2954 2405 iuramento
2986 2348 3092 2404 fir-

641 2440 840 2513 mata,
891 2435 1077 2495 danti
1127 2434 1556 2509 stipendium,
1607 2431 1782 2507 quod
1832 2449 1952 2507 pro
2000 2434 2187 2491 nullo
2233 2434 2365 2493 alio
2411 2434 2701 2494 offeram.

734 2529 837 2587 11.
873 2527 1159 2585 Peccata
1205 2525 1269 2583 in
1322 2522 1737 2583 confessione
1785 2522 2029 2582 omissa
2073 2538 2189 2582 sen
2239 2523 2450 2583 oblita
2485 2523 2570 2582 ob
2619 2524 2880 2582 instans
2917 2525 3092 2601 peri-

639 2617 859 2676 culum
897 2617 1076 2675 vitae
1108 2619 1229 2674 aut
1273 2615 1358 2672 ob
1402 2612 1600 2670 aliam
1649 2628 1936 2685 causam,
1971 2629 2102 2670 non
2151 2621 2457 2672 tenemur
2485 2613 2556 2670 in
2594 2616 2902 2688 sequenti
2937 2631 3093 2674 con-

642 2705 930 2765 fessione
978 2705 1364 2778 exprimere.

733 2797 835 2854 12.
872 2794 1331 2853 Mendicautes
1377 2793 1661 2864 possunt
1705 2789 2052 2847 absolvere
2089 2808 2129 2848 a
2173 2792 2438 2850 casibus
2488 2792 2836 2866 Episcopis
2884 2810 3092 2853 reser-

640 2885 839 2955 vatis,
888 2900 1021 2941 non
1068 2883 1344 2940 obtenta
1389 2879 1473 2936 ad
1521 2877 1591 2936 id
1640 2878 2117 2953 Episcoporum
2167 2882 2506 2939 facultate.

732 2975 835 3032 13.
887 2971 1226 3032 Satist'acit
1288 2975 1643 3043 praecepto
1703 2983 1968 3026 annuae
2030 2969 2483 3038 confessionis,
2556 2970 2674 3043 qui
2736 2971 3092 3030 confltetur

638 3063 926 3138 regulari
980 3059 1312 3133 Episcopo
1357 3059 1802 3132 praesent-ate,
1838 3057 1952 3116 sed
2001 3059 2086 3115 ab
2133 3075 2210 3117 eo
2241 3059 2491 3117 iniuste
2540 3061 2911 3133 reprobato.

731 3156 835 3211 14.
873 3150 1007 3222 Qui
1055 3148 1219 3205 facit
1266 3147 1744 3206 confessionem
1796 3147 2176 3205 voluntarie
2224 3148 2494 3222 nullam,
2536 3148 2868 3209 satisfacit
2902 3166 3092 3225 prae-

641 3252 835 3317 cepto
880 3237 1234 3298 Ecclesiae.

732 3335 835 3390 15.
872 3326 1234 3386 Poeuiteus
1266 3326 1536 3400 propria
1578 3325 1982 3386 auctorit-ate
2012 3325 2420 3384 substituere
2454 3326 2576 3383 sibi
2629 3327 2833 3386 alium
2869 3331 3091 3402 potest·

642 3420 758 3494 qui
807 3417 949 3475 loco
997 3415 1209 3488 ipsius
1256 3416 1734 3489 poenitentiam
1788 3415 2169 3488 adimpleat.

733 3509 836 3566 16.
888 3506 1015 3577 Qui
1077 3505 1467 3564 beneficium
1534 3511 1836 3564 curatum
1896 3504 2166 3578 habent,
2214 3506 2498 3578 possunt
2551 3504 2679 3563 sibi
2727 3506 2972 3580 eligere
3019 3506 3086 3564 in

642 3595 1121 3655 confessarium
1148 3594 1510 3667 simplicem
1539 3593 1948 3652 sacerdotem
1976 3609 2105 3651 nou
2131 3594 2567 3668 approbat-um
2603 3594 2688 3651 al)
2715 3595 3086 3654 ordinario.
3139 3642 3158 3658 .

734 3688 839 3744 17.
874 3685 998 3743 Est
1029 3683 1289 3743 licitum
1336 3682 1649 3757 religioso
1696 3683 1803 3740 vel
1838 3682 2077 3741 clerico
2109 3683 2651 3742 calumniatorem
2700 3685 2936 3755 gravia
2967 3686 3090 3743 cri-

642 3775 825 3832 mina
869 3774 952 3831 de
1018 3790 1089 3832 se
1133 3773 1241 3831 vel
1298 3772 1381 3829 de
1429 3789 1551 3830 sua
1603 3773 1928 3844 religione
1983 3787 2294 3847 spargere
2351 3773 2712 3830 minantem
2771 3774 3087 3848 occidere,

641 3863 907 3938 quando
954 3862 1127 3921 alins
1159 3861 1394 3920 modus
1425 3861 1828 3920 defendendi
1861 3878 1990 3920 non
2040 3861 2368 3936 suppetit3
2404 3861 2504 3918 uti
2556 3866 2910 3935 suppetere
2958 3880 3090 3922 non

639 3953 930 4028 videtur,
981 3952 1035 4008 si
1101 3950 1543 4010 calumniator
1589 3951 1678 4009 sit
1740 3958 2015 4025 paratus
2062 3951 2166 4009 vel
2243 3951 2368 4023 ipsi
2417 3950 2728 4021 religioso
2790 3954 2898 4011 vel
2944 3953 3091 4010 eius

640 4042 947 4116 religioni
996 4040 1263 4115 publice
1301 4046 1369 4097 et
1416 4056 1632 4098 coram
1665 4040 2080 4110 gravissimis
2127 4040 2292 4097 viris
2329 4039 2671 4112 praedicta
2699 4040 3089 4115 impingere,

639 4132 770 4190 nisi
818 4129 1178 4188 occidatur.

732 4223 835 4278 18.
871 4219 1057 4278 Licet
1088 4219 1464 4278 interficere
1495 4217 1733 4277 salsum
1786 4220 2255 4288 accusatorem,
2290 4216 2495 4275 falsos
2541 4220 2747 4276 testes
2781 4234 2858 4277 ac
2889 4219 3087 4278 etiam

640 4308 945 4381 indicem,
995 4325 1035 4366 a
1082 4324 1215 4382 quo
1262 4309 1493 4382 iniqua
1540 4313 1721 4367 certo
1770 4307 2073 4364 imminet
2118 4307 2471 4377 sentent-ia,
2523 4307 2574 4363 si
2627 4307 2761 4365 alia
2809 4308 2920 4366 via
2955 4324 3088 4366 nou

640 4403 868 4472 potest
912 4398 1230 4456 innocens
1277 4397 1585 4455 damnum
1638 4396 1912 4454 evitare.

731 4491 834 4546 19.
869 4488 1017 4546 Non
1066 4491 1297 4561 peccat
1352 4485 1631 4544 maritus
1677 4485 2003 4557 occidens,
2054 4484 2322 4557 propria
2357 4486 2777 4556 auctoritate,
2816 4502 3087 4546 uxorem

643 4577 712 4634 in
761 4576 1093 4635 adulterio
1139 4575 1637 4649 deprehensam.
