3529 5158
351 337 458 413 [75]
776 350 977 393 mus
1010 350 1253 404 (imvm,
1291 350 1485 405 mvre,
1523 351 1940 406 mammone,
1976 353 2390 395 mx‘rnmsncus
2740 340 2810 395 71

352 449 652 513 habemus
684 466 757 512 ex
786 447 920 512 iure
956 465 1212 513 romano
1243 446 1286 511 1.
1327 448 1388 511 5.
1420 445 1575 529 Diq.
1620 447 1801 527 Quod
1830 451 2029 513 metus
2059 469 2250 514 causa
2267 470 2288 512 .·
2321 476 2356 507 «
2387 451 2631 516 Metum
2663 451 2817 515 aeci-

351 549 641 634 piendum
674 549 881 614 Labeo
913 548 1065 613 dicit
1100 567 1222 613 non
1253 549 1593 629 quemlibet
1639 549 1928 615 timorem
1967 552 2066 617 sed
2099 552 2354 617 maioris
2390 553 2716 635 qualitatis
2749 578 2810 617 ».

350 653 429 717 Et
473 650 694 716 deinde
724 651 766 713 1.
812 651 870 714 7.
904 650 1116 715 subdit
1160 650 1540 733 exemplum:
1589 678 1625 709 «
1662 650 1729 716 Si
1774 654 1914 734 quis
1961 654 2177 719 timuit
2222 658 2489 720 mortem
2535 657 2633 721 vel
2680 656 2815 721 vin-

349 755 491 820 cula
512 779 576 817 ».
596 755 691 819 De
714 753 987 837 periculo
1019 754 1232 818 autem
1252 753 1546 818 infamiae
1576 754 1671 819 ita
1692 755 1958 820 habetur
1980 756 2021 820 l.
2055 758 2112 820 7.
2140 756 2294 839 Diy.
2321 759 2423 822 tit.
2458 760 2593 823 cit.:
2629 784 2662 817 «
2687 758 2815 823 Nec

350 858 639 922 timorem
684 855 978 919 infamiae
1022 856 1140 919 hoc
1176 855 1376 920 edicto
1423 856 1723 920 contineri
1768 857 1994 920 Pedius
2040 857 2254 922 dicit...
2303 878 2499 941 neque
2549 860 2814 924 alicuius

353 957 695 1024 vexationis
725 956 1014 1022 timorem
1051 975 1157 1040 per
1187 957 1303 1021 hoc
1341 957 1612 1021 edictum
1647 959 1894 1023 restitui
1934 959 2248 1039 (videlicet
2284 962 2664 1026 restituenda
2695 980 2810 1039 reS,

348 1061 527 1142 siqua
566 1079 673 1143 per
701 1060 944 1123 metum
980 1060 1252 1141 extorta)
1276 1084 1338 1122 ».

434 1162 517 1227 Et
555 1181 604 1225 s.
632 1162 924 1226 Th0maS.
964 1162 1007 1225 1.
1035 1181 1085 1225 c.
1115 1161 1192 1225 ad
1218 1162 1277 1224 3.
1304 1184 1318 1224 :
1354 1186 1387 1218 «
1415 1161 1697 1237 Infamia,
1727 1163 2011 1243 quamvis
2052 1164 2135 1227 sit
2170 1183 2470 1249 magnum
2496 1164 2812 1243 damnum,

347 1267 557 1329 tamen
589 1264 645 1327 ei
678 1263 751 1326 de
789 1261 958 1326 facili
996 1262 1232 1328 occurri
1276 1266 1485 1346 potest
1531 1267 1594 1327 et
1628 1263 1767 1328 ideo
1801 1283 1922 1329 non
1954 1268 2283 1349 reputatur
2314 1266 2534 1330 cadens
2581 1267 2644 1331 in
2676 1286 2815 1331 con·

349 1371 621 1432 stantem
654 1366 861 1430 virum
896 1368 1100 1430 metus
1132 1365 1426 1429 infamiae
1464 1365 1802 1429 secundum
1839 1366 1976 1430 iura
2001 1393 2061 1430 ».

436 1468 607 1532 Haec
629 1470 839 1531 tamen
871 1466 1170 1550 intellige,
1190 1466 1436 1547 quando
1470 1486 1541 1531 ex
1565 1467 1896 1543 calumnia,
1917 1468 2016 1531 cui
2046 1469 2248 1550 reipsa
2278 1469 2459 1533 facile
2491 1471 2688 1552 possit
2722 1490 2817 1535 oc-

347 1574 529 1650 curri,
562 1572 865 1637 timeatur
907 1569 1200 1634 infamia:
1242 1589 1415 1636 secus
1463 1590 1627 1647 vero,
1663 1572 1716 1635 si
1746 1571 2004 1635 infamia
2043 1573 2313 1654 profluat
2346 1593 2417 1637 ex
2447 1572 2613 1637 facto
2662 1592 2816 1654 quo-

349 1676 534 1759 piam,
570 1672 736 1756 quod
774 1691 1060 1737 excusare
1093 1691 1216 1737 non
1253 1673 1452 1755 possis
1484 1677 1596 1737 aut
1635 1675 1964 1739 occultare.
1993 1675 2093 1738 Ita
2127 1676 2180 1738 si
2210 1675 2359 1751 filia,
2386 1676 2582 1740 bonae
2614 1676 2815 1739 famae

347 1796 528 1861 penes
567 1794 715 1841 suos
756 1778 820 1839 et
856 1777 1196 1851 extraneos,
1230 1792 1295 1838 se
1332 1774 1658 1858 gravidam
1690 1774 1943 1857 prodere
1974 1774 2213 1851 debeat,
2248 1776 2302 1840 si
2348 1776 2817 1841 administrator

348 1878 568 1944 debeat
606 1895 899 1960 apparere
934 1875 1220 1953 infidelis,
1248 1875 1302 1940 si
1339 1874 1434 1939 vir
1463 1876 1674 1959 gravis
1705 1881 1770 1940 et
1804 1877 2032 1959 probus
2063 1877 2285 1942 debeat
2309 1878 2501 1943 videri
2532 1879 2812 1944 mendax.

434 1982 527 2046 De
558 1981 733 2044 metu
765 1979 889 2043 levi
924 1978 1019 2042 ita
1048 1978 1112 2041 m
1151 1978 1195 2041 L
1230 1996 1313 2042 c.:
1355 2003 1389 2035 «
1417 1976 1484 2042 Si
1515 1979 1654 2060 quis
1684 1980 2091 2045 meticulosus
2137 2000 2267 2045 rem
2305 1982 2545 2047 nullam
2580 1982 2816 2047 frustra

348 2083 648 2157 timuerit,
689 2100 798 2163 per
832 2081 952 2145 hoc
998 2079 1269 2144 edictum
1305 2098 1428 2145 non
1466 2080 1858 2157 restituitur;
1899 2082 2194 2163 quoniam
2243 2102 2437 2165 neque
2477 2085 2571 2149 vis
2619 2104 2814 2166 neque

346 2193 551 2256 metus
587 2207 779 2254 eausa
816 2188 1053 2252 factum
1092 2188 1188 2252 est
1218 2211 1280 2251 ›.

431 2288 556 2362 75.
583 2291 722 2355 Iam
752 2307 897 2354 vero
922 2288 1133 2373 gravis
1156 2292 1362 2354 metus
1395 2290 1492 2354 vel
1531 2292 1626 2354 est
1647 2291 1858 2374 gravis
1889 2290 2188 2367 absolute,
2223 2292 2332 2373 qui
2370 2291 2597 2356 dicitur
2621 2290 2813 2355 etiam

351 2393 708 2477 probabiliS,
750 2391 850 2456 vel
896 2389 1172 2454 relative.
1223 2389 1449 2456 Gravis
1487 2392 1604 2455 erit
1651 2392 1935 2457 absolute
1981 2393 2172 2458 timor
2227 2393 2554 2458 amittendi
2602 2391 2811 2467 officii,

348 2494 661 2561 excidendi
685 2493 763 2558 ab
787 2491 1128 2557 hereditate
1167 2493 1265 2557 vel
1304 2512 1341 2557 a
1378 2513 1484 2576 spe
1524 2493 1787 2558 alicuius
1817 2494 2222 2571 matrimonii,
2257 2494 2447 2560 timor
2485 2492 2812 2558 amittendi

348 2598 754 2674 substantias,
794 2596 984 2660 timor
1014 2596 1297 2673 incendii,
1323 2596 1655 2672 latrocinii,
1699 2597 1989 2661 vulneris.
2023 2597 2240 2677 Quoad
2277 2600 2515 2662 metum
2554 2596 2813 2660 relative

348 2720 619 2787 gravem,
657 2700 1061 2766 manifestum
1098 2703 1212 2776 est,
1252 2700 1438 2765 minis
1475 2700 1719 2765 facilius
1756 2721 1962 2766 senem
1986 2703 2222 2778 terreri,
2262 2721 2386 2768 non
2424 2721 2599 2766 secus
2624 2721 2695 2765 ac
2730 2699 2813 2764 fe-

346 2804 547 2869 minas
585 2806 698 2869 aut
744 2821 988 2886 pueros,
1028 2803 1167 2866 tum
1228 2802 1305 2867 ob
1350 2802 1867 2881 imbecillitatem,
1909 2806 2048 2868 tum
2086 2805 2163 2869 ob
2211 2803 2661 2870 credulitatem.
2712 2800 2812 2866 Sic

343 2925 523 2990 saepe
570 2907 883 2982 lictorum,
917 2904 1212 2982 iudicum,
1252 2905 1527 2969 militum
1574 2924 1795 2970 nomen
1836 2910 2025 2971 terret
2071 2906 2272 2983 rudeS,
2314 2925 2557 2988 pueros,
2596 2904 2812 2968 mulie-

342 3027 435 3073 res
471 3011 593 3072 etc.
633 3007 774 3072 Uno
808 3006 992 3071 verbo
1015 3006 1079 3068 in
1112 3005 1322 3088 aliquo
1362 3006 1728 3084 discrimine,
1772 3007 1878 3071 ubi
1915 3007 2080 3072 adsit
2112 3008 2349 3072 occasio
2387 3007 2666 3078 timendi,
2707 3024 2812 3069 no-

338 3113 485 3174 runt
525 3128 759 3184 omnes,
800 3107 1191 3191 potissimam
1250 3108 1689 3174 difficultatem
1748 3109 1869 3171 huc
1906 3109 2121 3184 redire,
2179 3127 2301 3188 quo
2365 3111 2545 3189 pacto
2592 3126 2810 3189 nempe

341 3215 658 3288 caveatur,
696 3230 773 3276 ne
804 3229 877 3276 ex
907 3213 1080 3276 metu
1107 3210 1424 3275 insaniant
1460 3211 1618 3274 tales
1656 3228 1950 3292 personae
1982 3210 2080 3274 vel
2117 3209 2309 3273 etiam
2347 3210 2484 3281 viri,
2525 3208 2632 3289 qui
2679 3226 2811 3270 mu-

343 3314 600 3379 liebrem
634 3313 914 3377 animum
951 3314 1198 3396 gerunt.

425 3415 611 3496 Quod
658 3416 900 3497 spectat
946 3413 1023 3478 ad
1070 3415 1359 3479 timorem
1390 3412 1877 3488 reverentialem,
1919 3411 2300 3478 advertimus
2338 3412 2626 3478 timorem
2672 3430 2811 3496 gra-

343 3539 477 3584 vem
515 3518 641 3582 dici
680 3519 931 3600 propter
964 3517 1344 3601 gravitatem
1375 3514 1545 3590 mali,
1587 3514 1751 3597 quod
1789 3515 2139 3598 impendere
2184 3515 2495 3598 quispiam
2541 3514 2660 3579 sibi
2692 3513 2810 3578 cxi-

343 3622 580 3687 stimat.
621 3618 856 3703 Negari
893 3621 1102 3684 autem
1149 3637 1272 3683 non
1320 3618 1546 3700 potest,
1593 3618 1798 3701 magis
1844 3637 2032 3701 grave
2081 3618 2349 3684 accidere
2397 3637 2593 3701 posse,
2643 3615 2809 3698 quod

343 3725 476 3806 quis
508 3722 744 3788 habeat
789 3721 909 3786 sibi
950 3720 1221 3786 infensos
1248 3719 1346 3785 vel
1369 3722 1653 3802 parentes
1691 3719 1789 3783 vel
1820 3719 2101 3785 dominos
2127 3720 2225 3783 vel
2255 3720 2599 3804 generatim
2637 3737 2810 3801 supe-

342 3827 549 3901 rioroe,
578 3843 772 3906 quam
798 3822 963 3905 quod
988 3822 1157 3888 aliud
1180 3822 1418 3886 malum
1443 3822 1673 3903 pariter
1696 3841 1886 3906 grave
1904 3822 2108 3886 subire
2125 3821 2364 3886 debeat.
2389 3820 2554 3885 Nam
2584 3822 2649 3883 1⁰
2665 3840 2807 3884 cum

343 3946 546 3992 amare
583 3925 811 3991 debeas
848 3926 913 3989 et
942 3924 1140 3989 colere
1178 3925 1551 4007 quempiam,
1591 3924 1655 3987 id
1694 3925 1980 4006 prohibet
2017 3942 2091 3987 ne
2138 3923 2344 3988 locum
2383 3921 2488 3987 des
2535 3922 2663 3985 irae
2696 3925 2808 3986 aut

340 4028 704 4095 inimicitiae
750 4045 901 4110 erga
930 4026 1136 4103 illum,
1179 4045 1217 4090 a
1262 4045 1385 4110 quo
1425 4026 1659 4108 aliquid
1692 4027 1904 4091 times:
1939 4025 2032 4090 ira
2065 4026 2276 4090 autem
2313 4024 2516 4090 levius
2561 4023 2807 4088 videtur

344 4132 573 4197 efficere
607 4130 876 4204 malum,
916 4128 1081 4209 quod
1104 4128 1245 4210 quis
1269 4130 1582 4212 patiatur:
1611 4146 1757 4213 ergo
1783 4128 2022 4193 malum
2052 4129 2170 4192 hoc
2200 4131 2297 4193 est
2320 4127 2451 4192 sine
2480 4126 2804 4192 levamine.

345 4237 408 4298 2ο
442 4235 679 4301 Deinde
718 4231 1127 4296 durissimum
1164 4234 1260 4296 est
1296 4252 1416 4297 non
1455 4232 1701 4315 probari
1750 4232 1846 4307 iis,
1896 4250 2052 4314 quos
2099 4251 2171 4296 ex
2217 4232 2426 4299 debito
2473 4232 2696 4317 diligas
2744 4234 2808 4296 et

340 4338 514 4405 colas.
556 4339 631 4403 3⁰
669 4337 1008 4401 Praeterea
1054 4335 1253 4400 omnis
1285 4353 1443 4417 speS,
1484 4335 1757 4399 solamen
1793 4353 1972 4399 omne
2002 4333 2269 4399 istorum
2307 4336 2370 4400 in
2409 4336 2672 4418 benigno
2711 4353 2809 4398 su-

334 4442 639 4523 periorum
682 4436 902 4502 animo
938 4435 1198 4501 residet:
1238 4436 1657 4519 praecluditur
1687 4436 1884 4521 igitur
1922 4437 2128 4503 aditus
2164 4438 2626 4503 consolationis,

412 4545 601 4629 Ergo,
654 4541 719 4605 si
756 4537 972 4624 gravis
1009 4540 1292 4602 censetur
1328 4538 1536 4612 timor,
1578 4539 1686 4619 qui
1735 4539 1974 4604 oriatur
2005 4558 2043 4602 a
2080 4539 2304 4604 timore
2341 4540 2548 4624 gravis
2586 4536 2805 4615 morbi,
