3529 5158
343 355 447 430 [47]
1128 368 1509 412 IGNORANTIA
1545 367 1713 417 Qum
1750 367 2027 412 meusiu-
2743 356 2816 409 43

348 464 472 519 ratio
508 471 600 528 est,
626 462 743 531 quia
779 462 1054 529 ignorantia
1090 462 1389 518 invincibilis
1425 477 1583 529 neque
1621 462 1902 517 voluntaria
1940 469 2018 516 est
2059 477 2215 530 neque
2258 470 2427 517 causat
2458 462 2811 518 voluntarium.

346 552 515 613 Porro,
544 556 599 603 ut
627 547 788 614 inquit
822 548 1123 613 Augustinus
1160 547 1226 602 de
1262 562 1397 603 vera
1433 546 1598 616 Retia.
1627 562 1669 600 c.
1704 548 1785 601 14.
1809 562 1856 601 n.
1885 549 1969 601 27.
2005 566 2029 594 ι
2059 550 2224 614 Usque
2262 550 2386 601 adeo
2427 555 2679 615 peccatum
2724 563 2806 601 vo·

346 632 608 688 luntarium
632 640 710 686 est
732 635 928 697 malum,
956 640 1009 686 ut
1032 634 1167 687 nullo
1192 634 1337 685 modo
1371 630 1433 686 sit
1458 638 1728 698 peecatum,
1755 632 1798 685 si
1831 646 1924 684 non
1952 630 2015 685 sit
2037 631 2390 686 voluntarium.
2413 635 2473 685 Et
2493 637 2586 686 hoe
2614 631 2811 699 quidem

345 717 410 771 ita
430 718 739 772 manifestum
758 724 849 783 est,
871 724 923 771 ut
942 719 1074 772 nulla
1101 717 1215 771 huic
1239 719 1496 770 doctorum
1523 716 1757 784 paucitaS,
1781 719 1914 771 nulla
1933 716 2241 771 indoctorum
2263 721 2406 770 turba
2429 717 2685 771 dissentiat
2712 738 2762 770 ».

453 803 594 858 ΧΧΙ.
621 803 787 867 Neque
823 803 988 855 obstat
1020 798 1113 855 ⁴3⁸
1139 802 1323 865 Regula
1360 799 1481 853 iuris
1516 800 1566 854 in
1605 804 1683 855 6.:
1725 816 2029 855 romoni-«rm
2066 817 2228 865 ram-1,
2262 816 2358 856 sos
2387 817 2515 856 rums
2556 815 2803 856 excusar:

346 885 424 940 eui
449 886 651 950 regulae
675 900 947 939 consonum
971 887 1202 951 estquod
1227 887 1436 939 habetur
1460 886 1493 939 1.
1516 887 1565 939 9.
1586 885 1703 955 Liq.
1734 883 1801 940 de
1826 887 1959 939 Iure
1987 887 2040 939 et
2060 884 2198 953 facti
2224 885 2582 955 iquorantia:
2611 901 2806 940 nucum

348 985 436 1025 tsr
473 985 608 1024 mnus
643 985 835 1032 ρυιοει
875 984 1217 1024 unisonarum
1254 984 1432 1031 cuique
1468 984 1677 1031 noceas,
1716 983 1856 1023 meri
1908 984 2040 1023 vano
2079 983 2419 1023 senonim-uu
2459 986 2556 1023 Non
2599 985 2810 1025 noem.

348 1055 450 1108 Non
488 1053 620 1108 enim
644 1052 695 1108 in
721 1052 798 1107 his
824 1052 987 1119 agitur
1010 1055 1071 1106 de
1110 1052 1426 1106 excusatione
1455 1054 1629 1118 culpae
1654 1053 1703 1106 in
1730 1057 1839 1106 loro
1873 1052 2217 1116 conscientiae,
2248 1055 2335 1106 sed
2364 1056 2425 1107 de
2457 1053 2653 1109 vitanda
2682 1069 2815 1108 emo-

348 1137 549 1191 lumenti
585 1136 793 1192 alicuius
831 1136 1015 1191 iactura
1051 1137 1100 1190 in
1128 1141 1233 1191 toro
1274 1143 1491 1201 extet-nn,
1520 1136 1656 1190 iuxta
1685 1136 1824 1201 illud,
1854 1139 1885 1200 l,
1911 1138 1962 1190 7.
1993 1137 2065 1190 tit.
2095 1136 2178 1189 cit.
2217 1160 2240 1184 ι
2270 1137 2392 1191 luris
2422 1137 2689 1203 ignorantia
2724 1153 2819 1192 non

346 1225 548 1290 prodest
585 1222 843 1288 adquirere
881 1221 1175 1286 volentibus,
1213 1236 1356 1275 suum
1395 1235 1515 1274 vero
1555 1222 1836 1287 potentibus
1869 1237 1962 1276 non
2002 1229 2193 1276 nocet»
2229 1229 2277 1276 et
2306 1224 2340 1276 l:
2390 1225 2443 1277 8.
2483 1222 2633 1289 ibid.;
2683 1243 2707 1271 ι
2732 1222 2821 1277 Ce-

350 1312 507 1360 terum
545 1305 773 1361 omnihus
810 1305 932 1359 iuris
980 1320 1120 1359 error
1158 1305 1206 1358 in
1243 1305 1433 1359 damnis
1482 1304 1777 1360 amittendae
1815 1306 1885 1361 rei
1938 1321 2056 1360 suae
2115 1321 2211 1360 non
2265 1313 2409 1361 nocet
2435 1329 2484 1358 ι.
2529 1311 2588 1361 Et
2624 1307 2819 1373 quidem

350 1390 493 1444 etiam
532 1392 694 1456 quoad
734 1392 1111 1444 emolumentum
1151 1388 1511 1456 percipiendum
1550 1404 1644 1442 non
1682 1393 1824 1443 obest
1853 1390 1988 1443 -iuris
2041 1390 2333 1455 ignorantia,
2375 1394 2423 1444 t.
2462 1391 2506 1445 si
2544 1399 2715 1457 agatur
2753 1395 2816 1445 de

350 1473 610 1527 rusticanis
650 1472 871 1538 aliisque,
909 1471 957 1525 in
996 1472 1173 1539 quibus
1222 1472 1334 1527 talis
1383 1473 1655 1537 ignorantia
1694 1476 1950 1540 toleratur,
1992 1482 2075 1528 aut
2115 1478 2164 1529 2.
2205 1474 2310 1529 iura
2367 1475 2594 1541 ambigua
2636 1476 2732 1529 sint
2771 1481 2821 1529 et

352 1560 572 1612 obscum.
599 1556 731 1610 Vide
768 1556 1082 1611 Reiffenstuel
1120 1559 1283 1611 Tract.
1312 1555 1378 1610 de
1414 1557 1599 1626 Reyul.
1631 1557 1777 1611 iuris
1809 1557 1857 1610 in
1886 1560 1938 1610 6.
1967 1573 2011 1611 c.
2039 1562 2088 1611 2.
2125 1560 2186 1611 ad
2214 1573 2315 1622 reg.
2347 1561 2430 1612 13.

436 1680 562 1753 47.
596 1682 775 1763 Quod
805 1683 879 1748 de
908 1683 1265 1767 ignorantia
1296 1682 1542 1758 dicitur,
1573 1683 2050 1766 intelligendum
2082 1687 2178 1748 est
2225 1685 2298 1748 de
2337 1684 2812 1761 inadvertentia,

349 1787 676 1861 oblivione,
708 1785 1281 1861 inconsideratione,
1308 1804 1467 1867 quae
1492 1786 1740 1867 quidem
1759 1787 2151 1868 frequentius
2177 1786 2256 1850 ad
2274 1786 2512 1869 praxim
2536 1786 2817 1851 veniunt.

348 1888 697 1953 Poenitenti
722 1890 954 1965 autem,
986 1886 1409 1970 ignorantiam
1436 1886 1679 1962 fatenti,
1715 1887 2084 1951 credendum
2109 1890 2239 1952 est:
2267 1888 2413 1952 licet
2435 1888 2500 1952 in
2533 1888 2820 1953 civilibus

349 1993 410 2055 et
456 1990 865 2055 oeconomicis
911 1990 1190 2054 homines
1236 1989 1594 2073 reprehendi
1625 1990 1847 2066 solent,
1884 1990 2045 2072 quod
2085 1991 2157 2055 fit
2189 1990 2267 2055 ad
2310 1991 2698 2055 excitandam
2731 1991 2821 2054 vi-

352 2093 707 2177 gilantiam.

436 2194 720 2279 Regulae
749 2193 999 2276 quidem
1043 2194 1200 2258 iuris
1244 2193 1401 2257 nihil
1446 2195 1721 2277 profecto
1777 2198 2039 2277 prosunt
2070 2196 2473 2273 Iansenianis‚
2509 2215 2655 2260 nam
2686 2215 2823 2278 pro-

350 2297 587 2373 barent,
622 2314 818 2378 neque
865 2296 1071 2377 quoad
1114 2295 1215 2360 ius
1245 2296 1587 2378 positivum
1616 2296 2044 2380 ignorantiam
2076 2316 2400 2362 excusare:
2444 2299 2561 2363 hoc
2608 2301 2822 2362 autem

350 2418 423 2464 ne
450 2397 578 2482 ipsi
609 2397 860 2480 quidem
890 2397 1291 2463 contendunt.

431 2499 729 2565 Ceterum
757 2498 1011 2584 regulae
1058 2499 1211 2563 iuris
1257 2499 1683 2582 praescribunt
1728 2500 1880 2582 quid
1928 2500 2302 2564 servandum
2333 2500 2417 2564 sit
2463 2501 2527 2564 in
2559 2500 2693 2564 foro
2728 2518 2825 2563 ex-

350 2610 545 2670 terno.
579 2602 848 2679 Scilicet,
882 2602 947 2666 in
991 2603 1127 2668 foro
1173 2604 1421 2667 externo
1455 2603 1659 2684 quivis
1693 2603 1848 2667 scire
1881 2602 2302 2685 praesumitur
2333 2602 2416 2680 id,
2452 2602 2618 2685 quod
2649 2602 2821 2667 illius

349 2710 556 2773 status
599 2709 666 2771 et
710 2704 982 2771 conditio
1028 2705 1307 2786 requirit.
1355 2705 1721 2789 Ignorantia
1752 2705 1967 2787 itaque
2000 2724 2124 2770 non
2159 2708 2431 2782 excusat,
2468 2706 2717 2770 etiamsi
2748 2705 2823 2770 de

352 2829 422 2874 ea
468 2829 534 2874 re
578 2808 857 2892 cogitare
886 2808 985 2871 vel
1014 2807 1298 2872 dubitare
1332 2826 1454 2872 non
1485 2808 1771 2872 inciderit
1802 2807 2011 2889 (Reiff.
2044 2809 2087 2871 l.
2121 2827 2174 2872 c.
2212 2828 2274 2871 n.
2311 2807 2437 2890 6.):
2472 2808 2726 2891 proinde
2756 2810 2822 2873 in

350 2932 481 2994 cap.
515 2912 580 2974 3.
614 2910 690 2973 de
729 2908 1145 2974 Glandestina
1188 2908 1697 2988 despmzsatiom:
1737 2937 1772 2967 «ι
1799 2909 1866 2974 Si
1896 2909 2035 2991 quis
2081 2910 2464 2975 clandestina
2511 2910 2611 2974 vel
2639 2911 2826 2974 inter-

349 3014 514 3079 dicta
539 3013 833 3096 coniugia
855 3011 1012 3076 inire
1041 3012 1523 3095 praesumpserit
1552 3013 1615 3076 in
1647 3012 1846 3096 gradu
1871 3011 2184 3094 prohibito
2218 3012 2408 3076 etiam
2441 3012 2820 3096 ignoranter,

354 3117 596 3182 soboles
643 3114 719 3178 de
763 3115 880 3178 tali
924 3113 1354 3178 coniunctione
1384 3116 1668 3195 suscepta
1715 3133 1968 3195 prorsus
2013 3113 2345 3195 illegitima
2376 3115 2717 3190 censeatur,
2751 3112 2826 3176 de

352 3221 682 3301 parentum
726 3217 1083 3301 ignorantia
1114 3217 1358 3280 nullum
1388 3216 1682 3280 habitura
1713 3214 2099 3288 subsidium;
2134 3231 2276 3275 cum
2311 3212 2405 3274 ini
2438 3210 2653 3274 taliter
2685 3229 2828 3275 con-

354 3319 674 3396 trahendo,
721 3338 845 3383 non
890 3321 1165 3402 expertes
1211 3317 1504 3383 scientiae
1551 3316 1651 3380 vel
1713 3316 1940 3378 saltem
1995 3313 2386 3377 affectatores
2432 3311 2824 3396 ignorantiae

360 3422 869 3587 ndgailtiitllormlinus
914 3523 1048 3605 ipsa
1080 3521 1233 3585 iuris
1280 3523 1343 3584 et
1390 3519 1639 3601 quidem
1684 3518 1888 3582 civilis
1918 3516 2276 3601 ignorantia
2312 3516 2576 3581 nocebat
2621 3514 2828 3580 solum

358 3625 420 3689 in
442 3623 882 3690 emolumentis
904 3622 1306 3706 percipiendis
1339 3643 1396 3686 v.
1429 3641 1522 3705 gr.
1553 3622 1597 3684 l.
1623 3621 1680 3684 1.
1705 3618 1862 3701 Diy.
1896 3619 1970 3684 de
1996 3619 2174 3682 Iuris
2196 3622 2259 3682 et
2278 3617 2435 3697 facti
2463 3617 2831 3700 iynorantia

359 3727 462 3792 lib.
489 3729 600 3791 22.
631 3727 736 3791 tit.
771 3726 869 3788 6.:
910 3751 945 3784 α
993 3724 1058 3790 Si
1105 3725 1263 3789 sciat
1307 3723 1556 3806 quidem
1602 3722 1963 3787 defunctum
2008 3740 2140 3786 esse
2185 3723 2544 3804 cognatum,
2594 3719 2831 3784 nesciat

357 3833 569 3895 autem
594 3827 1016 3911 proximitatis
1039 3827 1306 3904 nomine,
1326 3827 1629 3891 bonorum
1654 3824 2105 3907 possessionem
2130 3822 2248 3887 sibi
2265 3822 2486 3887 deferri
2504 3847 2538 3880 »
2563 3845 2578 3898 ;
2614 3821 2830 3904 agitur

354 3933 518 3996 enim
566 3931 643 3995 de
687 3929 1108 3994 emolumento
1153 3928 1315 3993 idest
1358 3927 1432 3991 de
1479 3927 1868 4010 percipienda
1914 3925 2275 3990 hereditate.
2322 3923 2463 3988 Non
2511 3921 2831 3985 amitteret

356 4054 498 4100 vero
523 4053 732 4110 suum,
759 4033 867 4114 qui
892 4052 951 4096 v.
984 4052 1078 4115 gr.
1111 4050 1183 4095 ex
1208 4030 1562 4114 ignorantia
1584 4030 1737 4093 iuris
1762 4029 2031 4093 solveret
2054 4024 2418 4102 indebitum,
2444 4022 2543 4087 uti
2566 4020 2832 4086 habetur

354 4138 398 4200 l.
438 4139 496 4200 l.
529 4134 688 4217 Diq.
721 4134 797 4197 de
841 4132 1225 4198 condictione
1270 4131 1536 4195 indebiti
1564 4131 1670 4194 lib.
1711 4131 1813 4194 12.
1849 4130 1949 4194 tit.
1983 4129 2079 4192 6.:
2121 4152 2158 4186 ‹
2188 4125 2255 4191 Si
2300 4126 2440 4207 quis
2485 4124 2830 4190 indebitum

354 4240 653 4323 ignorans
702 4236 913 4312 solvit,
947 4254 1056 4317 per
1086 4235 1245 4298 hanc
1274 4233 1582 4299 actionem
1612 4232 1930 4297 condicere
1960 4233 2169 4314 potest
2202 4257 2264 4292 ».

446 4339 678 4406 Sensus
723 4338 923 4421 igitur
970 4336 1222 4420 regulae
1267 4338 1394 4400 est:
1428 4336 1492 4398 1⁰
1516 4334 1891 4399 invincibilis
1939 4353 2048 4398 seu
2095 4332 2431 4416 probabilis
2480 4330 2836 4414 ignorantia

350 4441 511 4520 facti
552 4439 760 4505 alieni
804 4439 870 4502 in
918 4437 1053 4501 foro
1098 4441 1346 4502 externo
1395 4439 1647 4503 excusat
1693 4439 1826 4500 tam
1889 4437 2095 4519 quoad
2143 4433 2470 4499 vitandum
2516 4432 2833 4508 damnum,

352 4562 553 4626 quam
584 4543 650 4606 in
682 4541 875 4605 lucris
905 4539 1341 4621 percipiendis:
1377 4542 1438 4603 2.
1471 4539 1645 4603 nulla
1689 4538 2050 4622 ignorantia
2097 4538 2262 4600 iuris
2307 4537 2434 4599 sive
2466 4533 2662 4597 divini
2708 4533 2838 4596 sive

352 4645 671 4711 naturalis
705 4643 838 4707 sive
869 4641 1147 4719 humani,
1182 4643 1310 4707 sive
1340 4641 1497 4725 legis
1530 4640 1658 4705 sive
1693 4640 1965 4718 canonia,
2001 4639 2129 4704 sive
2161 4638 2390 4703 statuti
2439 4632 2838 4717 municipalis
