3529 5158
631 330 736 384 124
1259 341 1472 383 mor.
1510 342 1576 382 11.
1615 342 1700 381 nn
1737 340 2155 383 commum-12..
2194 340 2392 383 cAPu‘r
2429 342 2467 381 1.
2951 323 3096 399 [131]

638 464 673 497 «
706 439 1036 519 Quidam...
1070 438 1382 522 quandam
1420 440 1728 504 actualem
1766 438 2317 503 considerationem
2355 437 2617 502 rationis
2649 455 2756 519 per
2793 436 3101 498 conscie-n-

638 543 810 614 tiam,
859 543 1268 607 communiter
1328 543 1671 624 loquentes,
1718 541 2064 626 intelligere
2111 541 2417 606 videntur.
2468 538 2584 604 Sed
2646 558 2805 621 quae
2859 539 2944 602 sit
2989 539 3098 602 illa

634 643 900 708 actualis
923 644 1183 709 rationis
1213 645 1621 710 consideratio
1660 642 1991 709 videndum
2023 645 2134 707 est.
2173 640 2498 708 Sciendum
2535 642 2630 707 est
2660 640 2875 725 igitur,
2909 640 3095 722 quod,

635 745 799 808 sicut
836 744 986 809 dicit
1021 746 1456 829 Philosophus,
1489 746 1652 812 ratio
1688 746 1754 810 in
1793 745 2088 830 eligendis
2120 746 2183 809 et
2212 742 2540 829 fugiendis,
2569 741 2947 827 quibusdam
2980 743 3099 826 syl-

632 847 917 931 logismis
955 849 1177 912 utitur.
1213 849 1284 913 In
1309 849 1672 933 syllogismo
1705 849 1917 913 autem
1950 850 2044 912 est
2081 847 2301 929 triplex
2326 842 2733 910 consideratio
2759 842 3096 908 secundum

636 949 761 1013 tres
800 950 1268 1035 propositioneS,
1297 970 1368 1014 ex
1399 970 1667 1032 quarum
1696 950 1938 1014 duabus
1977 948 2162 1013 tertia
2200 947 2606 1012 concluditur.
2634 946 2735 1009 Ita
2759 946 2924 1009 enim
2959 964 3099 1011 con-

635 1052 827 1136 tingit
862 1053 926 1116 in
964 1053 1301 1135 propositO,
1337 1052 1486 1116 dum
1517 1053 1679 1116 ratio
1711 1053 1775 1116 in
1810 1051 2132 1135 operandis
2171 1071 2242 1114 ex
2281 1049 2734 1114 universalibus
2782 1048 3096 1131 principiis

634 1154 795 1217 circa
821 1154 1223 1236 particularia
1247 1154 1546 1218 iudicium
1585 1154 1867 1218 assumit.
1895 1154 1977 1217 Et
2013 1154 2160 1236 quia
2198 1151 2573 1216 universalia
2605 1150 2905 1233 principia
2943 1150 3097 1213 iuris

637 1255 713 1317 ad
760 1255 1148 1335 synderesim
1184 1256 1511 1338 pertinent,
1560 1257 1833 1320 rationes
1872 1257 2082 1319 autem
2121 1255 2323 1339 magis
2356 1252 2788 1337 appropriatae
2827 1251 2904 1315 ad
2944 1270 3099 1334 opus

635 1357 946 1438 pertinent
970 1357 1047 1420 ad
1071 1357 1343 1435 habituS,
1371 1358 1595 1439 quibus
1611 1358 1775 1422 ratio
1794 1358 2072 1440 superior
2090 1358 2188 1421 vel
2211 1356 2463 1421 inferior
2479 1355 2953 1439 distinguuntur
2971 1355 3095 1437 (a):

637 1459 980 1542 synderesis
1018 1460 1080 1523 in
1119 1460 1235 1523 hoc
1272 1461 1617 1545 sillogismo
1666 1461 1845 1542 quasi
1890 1460 2191 1524 maiorem
2235 1459 2570 1534 ministrat,
2606 1458 2781 1521 cuius
2827 1456 3098 1521 conside-

638 1561 800 1623 ratio
840 1563 935 1625 est
980 1562 1157 1625 actus
1206 1562 1568 1646 synderesiS,
1609 1562 1715 1626 sed
1760 1561 2064 1626 minorem
2110 1561 2429 1626 ministrat
2472 1559 2635 1624 16110
2684 1558 2963 1642 superior
3000 1560 3100 1623 vel

638 1661 890 1726 inferior
926 1664 990 1726 et
1035 1663 1166 1728 eius
1213 1661 1622 1727 consideratio
1662 1664 1758 1727 est
1786 1663 1983 1745 ipsius
2015 1664 2225 1739 actus:
2268 1662 2372 1726 sed
2409 1661 2818 1725 consideratio
2855 1661 3100 1725 conclu·

637 1764 829 1828 sionis
869 1766 1111 1829 elicitae
1148 1767 1245 1830 est
1274 1765 1682 1830 consideratio
1731 1766 2159 1830 conscientiae.

728 1866 817 1929 Ex
863 1866 1089 1947 quibus
1137 1868 1329 1950 patet,
1386 1867 1825 1932 conscientiam
1881 1867 2078 1931 dicere
2125 1864 2602 1949 applicationem
2656 1864 3100 1947 principiorum

636 1968 1021 2050 generalium
1069 1968 1146 2032 ad
1193 1987 1406 2033 casum
1454 1969 1725 2051 aliquem
1772 1968 2131 2052 specialem:
2181 1967 2557 2053 synderesim
2611 1985 2754 2031 vero
2801 1967 3099 2050 respicere

639 2068 939 2152 principia
977 2070 1373 2136 universalia.
1407 2071 1490 2136 Et
1527 2090 1574 2135 S.
1601 2071 1874 2136 Thomas
1912 2072 1953 2134 l.
1981 2090 2030 2134 c.
2060 2070 2407 2153 exemplum
2445 2068 2591 2133 talis
2629 2068 2980 2153 syllogismi
3010 2070 3098 2133 sic

637 2172 964 2253 proponit:
1005 2197 1041 2230 «
1065 2172 1142 2235 V.
1177 2194 1271 2257 gr.
1307 2174 1648 2257 synderesis
1684 2174 1845 2238 hanc
1882 2173 2203 2256 proponit:
2255 2170 2446 2235 Omne
2476 2169 2712 2233 malum
2756 2174 2853 2234 est
2892 2172 3102 2234 vitem-

636 2270 823 2335 dum:
863 2274 1024 2338 ratio
1072 2273 1352 2357 superior
1384 2275 1680 2340 assumit:
1714 2275 2097 2338 adulterium
2142 2278 2237 2338 est
2277 2272 2532 2346 malum,
2572 2273 2723 2353 quia
2759 2276 2855 2337 est
2881 2272 3100 2353 prohi-

637 2372 872 2436 bit-um:
907 2376 1006 2439 vel
1037 2376 1199 2441 ratio
1232 2376 1485 2441 inferior
1517 2379 1860 2441 assumeret
1889 2377 2099 2441 illam:
2134 2377 2286 2457 quia
2318 2377 2377 2438 ei
2405 2379 2500 2439 est
2533 2374 2788 2449 malum,
2821 2377 2973 2456 quia
3009 2377 3104 2439 in-

636 2477 871 2539 iustum
906 2478 1034 2541 sive
1080 2477 1489 2541 inhonestum.
1532 2478 1859 2543 Conclusio
1900 2480 2129 2555 autem,
2171 2498 2328 2560 quae
2375 2479 2502 2543 est:
2550 2477 2930 2542 adulterium
2977 2496 3100 2544 Hoc

635 2598 766 2642 esse
818 2579 1158 2653 vitandum,
1200 2581 1276 2645 ad
1314 2581 1753 2645 conscientiam
1791 2582 2142 2665 pertinet».

725 2682 888 2744 Hinc
933 2681 1247 2745 concludit
1284 2701 1332 2745 s.
1361 2683 1632 2747 Thomas
1656 2684 1698 2746 l.
1726 2703 1815 2747 c.:
1856 2708 1891 2742 «
1915 2684 1998 2746 Et
2035 2683 2371 2747 secundum
2407 2683 2571 2745 hunc
2608 2682 2862 2747 modum
2900 2685 3095 2766 patet,

636 2782 905 2864 qualiter
951 2783 1239 2847 differant
1283 2784 1659 2865 synderesis,
1709 2784 1812 2847 lem
1857 2784 2177 2848 naturalis
2236 2787 2298 2849 et
2343 2785 2738 2850 conscientia.
2788 2783 2948 2864 Quia
2999 2786 3098 2850 lex

636 2885 942 2948 naturalis
970 2886 1272 2949 ‘nominat
1332 2887 1467 2969 ipsa
1529 2887 1828 2970 principia
1876 2887 2250 2951 universalia
2310 2886 2499 2963 iuris:
2549 2886 2889 2972 synderesis
2950 2906 3096 2952 vero

636 2989 919 3053 nominat
949 2989 1235 3054 habitum
1273 3008 1506 3070 eorum,
1546 3010 1654 3055 seu
1693 2991 2038 3073 potentiam
2074 3011 2215 3055 cum
2253 2991 2506 3055 habitu:
2548 2991 2918 3055 conscientia
2951 3011 3099 3057 vero

635 3090 918 3155 nominat
965 3092 1441 3174 applicationem
1472 3092 1787 3174 quandam
1818 3093 1974 3176 legis
2011 3092 2318 3156 naturalis
2359 3091 2436 3156 ad
2483 3091 2718 3212 aliquid
2750 3092 3098 3157 faciendum

636 3212 742 3275 per
786 3194 1043 3259 modum
1090 3196 1502 3260 conclusionis
1549 3194 1874 3259 cuiusdam
1913 3221 1972 3257 »

723 3293 1104 3378 Quandoque
1153 3298 1379 3375 tamen,
1420 3298 1495 3360 ut
1542 3298 1633 3360 ait
1678 3316 1727 3360 s.
1771 3297 2042 3360 Thomas
2085 3296 2141 3359 1.
2171 3315 2229 3377 q.
2261 3297 2362 3360 79.
2399 3296 2516 3359 art.
2555 3295 2657 3359 11.
2691 3314 2912 3360 nomen
2962 3315 3102 3360 con-

634 3399 924 3460 scientiae
957 3397 1326 3461 attribuitur
1348 3398 1547 3481 primo
1572 3399 1820 3462 habitui
1843 3398 2136 3474 naturali,
2165 3398 2400 3462 scilicet
2421 3396 2750 3482 synderesi,
2787 3399 2924 3461 tum
2949 3398 3098 3480 quia

631 3499 998 3561 consuetum
1044 3499 1156 3574 est,
1197 3498 1361 3581 quod
1408 3518 1629 3563 causae
1667 3502 1730 3563 et
1761 3500 2011 3564 effectus
2042 3519 2149 3582 per
2183 3499 2448 3563 invicem
2492 3498 2907 3576 nominentur,
2958 3501 3096 3564 tum

632 3602 780 3683 quia
812 3601 916 3683 (ut
940 3602 1031 3666 ait
1054 3601 1200 3665 ibid.
1236 3602 1312 3667 ad
1344 3604 1438 3686 3.)
1469 3627 1504 3661 «
1527 3604 1820 3681 Habitus
1855 3623 1925 3668 ex
1964 3604 2188 3686 quibus
2221 3603 2594 3668 conscientia
2630 3602 3094 3679 informatur...,

633 3703 973 3766 efficaciam
1009 3704 1241 3768 habent
1279 3705 1357 3768 ab
1394 3723 1518 3769 uno
1551 3706 1871 3789 principio,
1914 3706 2148 3770 scilicet
2181 3707 2256 3770 ab
2294 3706 2514 3770 habitu
2554 3706 2897 3788 primorum
2934 3707 3100 3789 prin-

633 3804 957 3887 cipiorum,
993 3807 1101 3889 qui
1133 3807 1360 3871 dicitur
1398 3808 1741 3892 synderesis
1781 3835 1841 3872 ».

714 4083 777 4136 (6)
806 4081 877 4124 De
904 4081 1007 4124 ista
1033 4083 1230 4125 ratione
1257 4085 1492 4137 superiori
1509 4083 1593 4125 vel
1612 4083 1834 4135 inferiori
1851 4082 1927 4125 ite
1942 4095 1980 4125 s.
2001 4082 2216 4126 Thomas
2244 4082 2298 4126 in
2327 4082 2540 4127 eandem
2574 4094 2684 4126 rem
2703 4083 2759 4127 de
2787 4084 2924 4128 Verte.
2946 4097 2998 4139 q.
3019 4085 3094 4128 17.

632 4151 732 4191 art.
765 4148 831 4189 1.:
868 4165 884 4183 ‹
905 4147 967 4189 In
996 4147 1349 4202 applicatione,
1378 4161 1480 4202 qua
1507 4147 1853 4201 consiliamur,
1885 4148 2010 4201 quid
2037 4148 2293 4203 agendum
2321 4148 2458 4200 sit...,
2489 4148 2818 4203 applicantur
2835 4149 2899 4192 ad
2919 4152 3098 4194 aetum

632 4213 839 4258 habitus
866 4214 1080 4257 rationIs
1108 4216 1375 4269 operativi,
1404 4215 1513 4258 soil.
1543 4214 1749 4259 habitus
1777 4214 2062 4269 synderesis
2091 4218 2141 4258 et
2170 4215 2376 4259 habitu·
2402 4217 2675 4269 sapientiae,
2698 4228 2798 4270 qno
2826 4215 3097 4270 perficitur

632 4280 766 4324 16110
789 4281 1003 4332 superior
1029 4283 1081 4323 et
1108 4280 1314 4326 habitus
1340 4283 1575 4336 scientiae,
1604 4295 1705 4337 qno
1734 4281 1999 4336 perficitur
2025 4282 2158 4325 ratio
2187 4283 2446 4335 inferior».

711 4345 779 4388 Et
806 4343 986 4394 Quodl.
1014 4345 1058 4390 3.
1086 4349 1185 4391 art.
1214 4347 1283 4391 26.
1312 4346 1585 4402 distinguit
1622 4347 1945 4402 cognitiones,
1982 4366 2002 4384 «
2022 4348 2130 4391 sive
2164 4348 2456 4401 pertineant
2495 4346 2560 4392 ad
2598 4350 2796 4401 partem
2823 4352 3092 4394 censiacum

632 4412 778 4464 (idest
808 4410 977 4465 fecta),
1005 4412 1113 4456 sive
1139 4414 1206 4456 ad
1233 4415 1481 4456 rationem
1520 4414 1808 4466 inferiorem,
1846 4425 1977 4468 quae
2003 4413 2291 4457 considerat
2325 4415 2554 4467 humana,
2594 4414 2701 4457 sive
2738 4414 2803 4458 sd
2842 4417 3095 4463 rationem

630 4481 927 4533 superiorem,
958 4492 1090 4534 quae
1121 4481 1412 4524 considerat
1436 4481 1603 4524 divina
1623 4498 1664 4522 ι.

712 4545 947 4589 Ceterum
976 4546 1260 4600 synderesis
1289 4548 1364 4588 est
1392 4558 1570 4600 graeca
1600 4557 1698 4589 vox
1727 4545 2006 4603 συντῆρησις
2035 4547 2333 4599 conservatio,
2362 4543 2471 4589 scil.
2501 4545 2883 4601 principiorum.
