3529 5158
732 380 804 435 36
1267 390 1462 432 'maor
1498 391 1538 430 1.
1576 391 1661 429 ma
1697 387 1952 430 acaunus
1989 385 2283 431 nonnus.
2324 383 2522 425 cAPu'r
2562 384 2652 424 111.
3083 368 3196 442 [40]

730 496 783 543 ut
808 489 966 542 media
991 488 1151 542 omnia
1192 486 1443 554 possibilia
1482 484 1820 543 adhibeantur,
1847 484 1978 549 quod
2017 496 2141 534 onus
2181 487 2310 535 esset
2350 494 2444 533 non
2483 478 2763 546 terendum
2807 480 2894 533 sed
2935 480 3193 545 quemdam

728 578 953 628 sumcere
988 571 1274 636 diligentiae
1319 572 1532 633 modum,
1560 583 1653 622 non
1680 566 2020 621 mathematice
2045 568 2131 619 sed
2171 565 2345 619 morali
2369 563 2550 617 iudicio
2575 562 2904 618 definiendum
2933 571 3080 630 atque
3108 567 3196 618 hu·

729 673 901 712 manae
935 656 1204 711 conditioni
1247 658 1633 715 accomodatum,
1660 668 1804 718 quem
1839 651 2063 705 nimirum
2095 652 2358 716 prudentes
2384 656 2432 701 et
2465 648 2513 701 in
2552 650 2702 701 rebus
2742 646 2846 701 suis
2873 647 3114 701 adhibere
3145 654 3195 701 et

733 746 792 795 ab
831 742 940 796 aliis
978 741 1173 806 exigere
1212 755 1273 794 ex
1312 739 1455 806 aequi
1491 737 1705 803 bonique
1744 751 1930 801 norma,
1970 750 2060 802 pro
2100 734 2170 787 rei
2205 733 2446 798 gravitate
2485 740 2533 785 et
2572 747 2662 798 pro
2703 731 2985 786 conditione
3026 747 3191 799 perso-

732 841 919 892 narum,
962 828 1137 879 solent.

818 985 946 1059 40.
974 987 1190 1067 Quoad
1222 985 1641 1072 ignorantiam
1671 1003 1953 1048 crassam
1982 984 2046 1047 et
2075 983 2386 1061 sumnam,
2413 981 2667 1063 quidam
2698 1000 2836 1046 eam
2861 982 2950 1045 sic
2980 982 3197 1046 distin-

727 1092 951 1178 guunt,
990 1092 1066 1153 ut
1095 1089 1325 1167 supina
1355 1088 1439 1151 sit
1468 1087 1659 1162 illius,
1693 1086 1802 1166 qui
1835 1084 1941 1148 diu
1972 1084 2036 1147 in
2067 1085 2203 1167 ipsa
2233 1084 2394 1148 iacet
2441 1083 2638 1147 veluti
2669 1083 2947 1166 supinus.
2982 1084 3197 1148 Exem-

726 1194 902 1278 plum
932 1190 1322 1275 ignorantiae
1353 1208 1593 1253 crassae
1624 1205 1734 1252 seu
1766 1187 2022 1269 supinae
2055 1186 2232 1271 affert
2263 1185 2351 1249 sic
2397 1184 2652 1249 Glossa:
2687 1209 2721 1243 α
2746 1186 2821 1248 ut
2868 1204 3192 1267 ponamuS,

726 1294 892 1377 quod
929 1293 993 1356 in
1040 1293 1156 1356 hac
1185 1291 1440 1356 civitate
1471 1290 1593 1354 fuit
1623 1290 1792 1353 facta
1822 1287 2190 1353 constitutio
2223 1286 2499 1369 poenalis
2532 1288 2596 1350 et
2627 1286 2751 1350 fuit
2794 1286 3041 1367 publice
3089 1308 3200 1370 pu-

725 1396 990 1471 blicata3
1026 1394 1080 1458 si
1124 1393 1260 1457 dico
1292 1392 1457 1474 quod
1488 1392 1707 1476 ignoro
1738 1391 1933 1454 talem
1964 1389 2494 1464 constitutionem,
2529 1389 2677 1470 quia
2715 1407 2838 1454 non
2871 1389 2996 1453 fuit
3041 1391 3198 1454 mihi

723 1496 1065 1573 notificata,
1092 1514 1214 1559 non
1245 1495 1441 1559 habeo
1473 1494 1708 1557 iustam
1739 1511 1994 1557 causam
2022 1491 2444 1575 ignorantiam
2464 1491 2613 1571 quia
2644 1509 2766 1556 non
2798 1493 2895 1556 est
2928 1511 3191 1570 necesse,

723 1599 889 1682 quod
937 1598 1304 1663 constitutio
1353 1596 1607 1660 auribus
1653 1595 2044 1679 singulorum
2074 1593 2442 1658 inculcetur:
2478 1593 2633 1657 satis
2680 1595 2794 1670 est,
2828 1594 2976 1675 quia
3023 1595 3196 1660 venit

725 1702 803 1766 ad
835 1701 967 1766 eius
998 1699 1292 1765 notitiam
1322 1724 1383 1761 ».
1419 1696 1536 1762 Sed
1567 1697 1719 1762 haec
1749 1696 2060 1779 pertinent
2091 1696 2169 1760 ad
2199 1696 2480 1779 regulam
2512 1695 2632 1759 fori
2663 1695 3000 1760 exterioris.

823 1801 1120 1867 Crassum
1149 1802 1213 1864 et
1241 1801 1536 1879 supinam
1556 1798 1979 1883 ignorantiam
2011 1798 2135 1862 alio
2166 1797 2350 1862 modo
2384 1797 2628 1861 exhibet
2667 1794 2891 1862 Suarez
2924 1796 2998 1859 de
3039 1795 3194 1862 Cen-

723 1906 894 1968 suris
924 1904 1080 1986 disp.
1113 1904 1175 1967 4.
1210 1904 1356 1966 sect.
1396 1902 1497 1965 10.
1531 1921 1591 1964 n.
1631 1901 1755 1975 10..
1791 1902 1866 1963 ut
1909 1919 2127 1964 crassa
2172 1900 2275 1975 sit,
2309 1919 2467 1981 quae
2514 1918 2586 1963 ex
2618 1919 2774 1981 pura
2809 1899 3193 1984 negligentia

722 2006 1033 2071 enascitur
1064 2023 1135 2067 ac
1180 2003 1431 2077 desidia,
1466 2003 1697 2080 supina
1726 2021 1892 2079 vero,
1926 2020 2085 2082 quae
2118 2002 2317 2065 oritur
2349 2020 2420 2065 ex
2451 2000 2645 2065 nimia
2677 2000 3096 2066 sollicitudine
3128 2003 3191 2066 et

725 2108 1046 2172 affectione
1078 2105 1156 2169 ad
1186 2124 1281 2170 res
1316 2104 1471 2169 alias
1503 2105 1616 2167 aut
1647 2102 1774 2166 alia
1802 2103 2075 2187 negotia,
2102 2122 2260 2183 quae
2289 2103 2637 2186 impediunt
2668 2102 2943 2167 debitam
2975 2123 3189 2168 curam

666 2292 671 2299 .
725 2209 1075 2275 addiscendi
1105 2229 1196 2287 ea,
1230 2227 1387 2290 quae
1419 2207 1559 2289 quis
1605 2207 1759 2271 scire
1807 2208 2071 2270 tenetur.
2106 2205 2308 2285 Quam
2345 2206 2808 2271 distinctionem
2840 2207 3190 2272 admittunt

723 2311 787 2375 et
818 2309 1332 2374 Salmanticenses
1364 2309 1439 2371 dc
1479 2307 1780 2372 Censuris
1809 2327 1943 2391 cap.
1982 2308 2039 2371 1.
2064 2328 2125 2371 n.
2164 2308 2312 2372 190.

812 2414 1042 2479 Utrum
1066 2433 1209 2478 vero
1241 2413 1422 2478 detur
1450 2411 1808 2496 ignorantia
1839 2411 2114 2496 graviter
2143 2412 2491 2494 clilpabili8‚
2519 2432 2677 2493 quae
2707 2415 2916 2478 tamen
2949 2433 3074 2479 non
3105 2415 3191 2479 sit

719 2534 927 2582 crassa
974 2517 1086 2579 aut
1116 2515 1356 2598 supina,
1391 2515 1583 2598 negat
1613 2513 1862 2595 quidem
1894 2511 2119 2577 Suarez
2150 2514 2192 2577 1.
2219 2532 2270 2577 c.
2307 2535 2366 2577 n.
2407 2515 2507 2577 11.
2542 2517 2608 2578 et
2642 2515 2744 2578 12.
2778 2518 2995 2582 contra
3030 2517 3188 2583 alios

719 2618 883 2701 apud
931 2615 1445 2681 Salmanticenses
1492 2616 1535 2678 1.
1570 2635 1620 2679 0.
1656 2636 1714 2678 11.
1754 2615 1901 2679 196.
1937 2615 2107 2695 Quae
2139 2617 2421 2698 quaestio
2454 2617 2608 2682 levis
2644 2619 2946 2684 momenti
2993 2619 3188 2684 videri

719 2721 837 2783 hoc
865 2719 1001 2782 loco
1036 2720 1274 2800 potest3
1312 2719 1379 2781 at
1414 2736 1537 2781 non
1566 2716 1721 2780 levis
1754 2719 2029 2800 apparet,
2063 2718 2172 2782 ubi
2203 2719 2276 2783 de
2306 2719 2578 2784 censuris
2607 2720 2841 2804 agitur,
2876 2740 2913 2785 a
2961 2722 3188 2804 quibus

718 2838 925 2885 crassa
954 2821 1019 2883 et
1050 2819 1271 2902 supina
1300 2837 1422 2882 non
1455 2819 1768 2882 excusant.
1788 2816 1905 2900 Sed
1937 2819 2010 2883 de
2042 2820 2158 2883 hac
2193 2821 2554 2902 quaestione
2590 2821 2681 2886 ibi
2711 2823 3021 2906 agendum
3046 2824 3182 2890 erit.

806 2917 912 2991 41.
946 2919 1124 2999 Quod
1163 2921 1402 3004 spectat
1447 2920 1525 2984 ad
1569 2920 1992 3005 ignorantiam
2036 2922 2250 2984 stricte
2287 2921 2658 2997 vincibilem,
2693 2924 2948 3005 quidam
2979 2927 3189 2992 volue-

715 3025 864 3088 runt
908 3023 1001 3087 ita
1049 3022 1357 3105 appellare
1386 3022 1564 3085 illam
1593 3022 2033 3106 ignorantiam,
2068 3043 2258 3105 quam
2295 3044 2419 3089 non
2451 3025 2535 3089 sit
2565 3025 2948 3110 impossibile
2987 3028 3188 3111 depel—

714 3126 879 3191 lere:
921 3124 1067 3189 huic
1115 3142 1449 3207 opposuere
1494 3124 1915 3208 ignorantiam
1962 3125 2210 3210 physice
2263 3126 2701 3191 invincibilem.
2743 3126 2842 3192 Sic
2879 3149 2938 3193 v.
2989 3150 3083 3213 gr.
3133 3131 3188 3196 si

715 3229 928 3314 agitur
973 3228 1047 3292 de
1077 3227 1537 3309 interpretanda
1583 3226 1793 3308 phrasi
1826 3227 2104 3304 obscura,
2139 3228 2212 3292 de
2252 3229 2649 3294 conciliandis
2696 3229 2950 3295 duabus
2975 3251 3188 3297 narra·

713 3330 1010 3406 tionibuS‚
1036 3329 1135 3393 vel
1165 3328 1239 3392 de
1271 3329 1531 3392 veritate
1554 3329 1928 3410 reperienda,
1955 3329 2063 3393 ubi
2093 3330 2526 3394 contradicunt
2550 3331 2667 3395 sibi
2689 3331 2956 3398 invicem
2988 3337 3182 3400 testes

713 3449 822 3495 seu
848 3430 1193 3511 scriptoreS‚
1214 3429 1312 3493 vel
1335 3428 1409 3493 de
1430 3429 1794 3495 inveniendo
1821 3431 2069 3496 domino
2094 3433 2201 3510 rei,
2221 3452 2409 3514 quam
2426 3453 2534 3516 per
2555 3434 2725 3499 viam
2747 3437 3044 3518 repereris
3062 3441 3178 3503 etc.

710 3532 794 3595 Et
824 3531 1074 3612 quidem
1104 3531 1486 3612 possibilitas
1517 3532 1616 3596 vel
1645 3533 2118 3615 impossibilitas
2151 3535 2396 3617 saepius
2427 3537 2630 3600 solum
2662 3556 2734 3602 ex
2766 3540 2992 3603 eventu
3026 3541 3185 3606 diiu-

709 3633 900 3697 dicari
931 3634 1171 3715 potest:
1206 3632 1368 3697 unde
1398 3633 1507 3714 qui
1538 3635 1802 3716 quaerit,
1835 3636 2107 3700 incertus
2139 3638 2254 3712 est,
2290 3656 2369 3701 an
2401 3638 2520 3702 sibi
2550 3639 2842 3722 possibile
2889 3641 3179 3708 futurum

708 3734 793 3799 sit
821 3734 1095 3798 invenire
1125 3734 1292 3816 quod
1322 3736 1585 3816 quaerit,
1618 3736 1844 3819 quibus
1875 3737 1940 3800 in
1972 3737 2218 3801 casibus
2249 3738 2600 3819 frequenter
2628 3761 2752 3806 non
2783 3743 3036 3825 quidem
3068 3746 3184 3810 1111-

709 3836 1001 3920 possibile
1032 3837 1127 3900 est
1159 3855 1374 3900 verum
1403 3836 1693 3914 invenire,
1729 3837 1835 3902 sed
1866 3841 2075 3903 tamen
2111 3839 2289 3904 valde
2320 3840 2589 3908 difficile.

798 3938 1032 4003 Verum
1057 3938 1158 4002 vix
1180 3938 1382 4002 ullum
1411 3939 1476 4002 in
1508 3939 1681 4021 praxi
1713 3958 1897 4003 usum
1928 3939 2078 4004 haec
2101 3941 2348 4006 habent.
2376 3943 2542 4008 Nam
2565 3946 2804 4028 culpari
2829 3949 3183 4032 generatim

705 4058 829 4105 non
866 4041 1092 4122 potest,
1128 4039 1236 4121 qui
1269 4039 1420 4104 adeo
1454 4059 1708 4124 gravem
1739 4040 2016 4105 laborem
2046 4043 2351 4126 suscipere
2385 4064 2507 4110 non
2540 4048 2698 4111 vult.

796 4142 889 4205 De
918 4141 1141 4206 morali
1173 4141 1497 4226 diligentia
1529 4141 1834 4222 quaedam
1881 4145 2028 4207 sunt
2073 4144 2472 4211 declaranda:
2513 4167 2584 4213 ex
2623 4149 2850 4230 quibus
2880 4153 3057 4217 notio
3089 4155 3184 4218 in-

703 4242 958 4307 formari
990 4243 1219 4326 poterit
1256 4242 1645 4328 ignorantiae
1677 4242 2042 4326 simpliciter
2081 4246 2406 4312 vincibilis
2452 4250 2519 4311 1⁰
2555 4250 2814 4316 Moralis
2848 4252 3177 4339 diligentia

706 4364 830 4411 non
861 4345 1088 4410 dicitur
1112 4346 1308 4410 omnis
1342 4344 1667 4428 diligentia
1700 4347 2030 4429 possibiIiS‚
2059 4367 2231 4414 secus
2266 4351 2696 4417 recurrendum
2728 4354 2888 4418 foret
2912 4373 3022 4439 pro
3060 4357 3181 4422 sin-

707 4446 874 4530 gulis
911 4447 1154 4513 casibus
1187 4447 1264 4510 ad
1288 4447 1641 4510 Romanum
1665 4447 2048 4514 Pontificem.
2075 4450 2236 4516 Hinc
2269 4472 2551 4535 perversa
2577 4454 2799 4539 agendi
2828 4456 2991 4521 ratio
3027 4478 3180 4540 quo-

705 4549 988 4624 rundam,
1013 4549 1123 4632 qui
1145 4568 1325 4633 saepe
1354 4552 1676 4614 recurrunt
1701 4551 1779 4615 ad
1803 4551 2353 4619 Poenitentiariam
2377 4576 2434 4620 v.
2461 4577 2553 4640 gr.
2579 4559 2654 4622 ut
2685 4559 2903 4641 petant
2933 4560 3181 4645 dispen-
