3529 5158
669 372 1155 412 PROPOSITIONUM
1192 374 1639 414 DAMNATARUM.
1680 374 2010 415 MIOHAELIS
2049 376 2131 414 Dm
2170 375 2432 415 MOLINOS
2631 375 2794 415 XXXV

346 474 642 548 operatio
663 476 736 533 et
757 490 1018 549 semper
1039 474 1110 533 in
1136 475 1355 535 anima
1369 479 1705 553 operatur,
1725 475 1996 550 quando
2012 476 2177 536 haec
2200 475 2340 535 suis
2364 475 2792 553 discursibuS,

346 563 864 638 cogitationibus
894 568 965 624 et
993 564 1496 638 operationibus
1526 580 1675 623 eum
1715 580 1848 623 non
1882 565 2179 640 impedit.

433 654 538 711 21.
579 653 659 710 In
709 652 1010 712 oratione
1057 668 1227 728 opus
1257 656 1364 714 est
1406 669 1677 713 manere
1705 655 1773 712 in
1810 654 1941 713 fide
1977 654 2258 714 obscura
2300 656 2370 713 et
2410 654 2794 729 universali,

348 758 492 801 cum
529 741 757 815 quiete
794 745 864 801 et
899 741 1239 801 oblivione
1271 744 1748 817 cuiuscumque
1781 743 2209 818 cogitationis
2255 743 2678 817 particularis
2721 758 2799 801 ae

347 829 700 890 distinctae
746 830 1225 890 attributorum
1259 831 1386 891 Dei
1424 849 1503 891 ac
1534 832 1887 892 Trinitatis
1917 835 1987 892 et
2018 834 2116 892 sic
2146 832 2212 891 in
2263 832 2390 892 Dei
2422 831 2801 907 praesentIa

346 935 609 979 manere
640 920 725 979 ad
758 920 945 979 illum
980 920 1394 981 adorandum
1430 925 1500 981 et
1529 921 1883 981 amandum
1917 921 2112 995 cique
2136 920 2656 998 inserviendum,
2681 921 2800 981 sed

350 1009 597 1084 absque
626 1009 1068 1084 productione
1099 1014 1398 1086 actuum3
1426 1010 1584 1085 quia
1617 1011 1803 1071 Deus
1833 1011 1904 1069 in
1938 1010 2045 1069 his
2082 1010 2207 1070 sibi
2245 1028 2373 1070 11911
2410 1012 2796 1085 eomplaoct.

431 1102 536 1159 22.
565 1098 879 1173 Cognitio
917 1100 1079 1158 haec
1109 1116 1227 1174 per
1258 1099 1451 1159 fidem
1487 1116 1621 1159 non
1653 1102 1757 1159 est
1789 1104 1980 1160 aetus
2004 1115 2044 1159 a
2075 1102 2379 1160 creatura
2410 1100 2795 1178 productus,

349 1188 460 1247 sed
483 1190 589 1247 est
617 1188 913 1263 cognitio
952 1206 991 1246 a
1029 1189 1172 1247 Deo
1204 1194 1550 1249 creaturae
1579 1189 1851 1265 tradita,
1876 1206 2078 1263 quam
2110 1193 2418 1249 creatura
2447 1204 2519 1248 99
2550 1188 2794 1248 habere

348 1292 475 1336 11011
522 1277 865 1353 cognoscit
911 1293 1033 1337 1199
1060 1281 1293 1351 postea
1328 1278 1672 1353 cognoscit
1704 1295 1776 1337 se
1806 1279 1986 1337 illam
2023 1278 2335 1338 habuisse
2366 1282 2438 1338 et
2473 1277 2647 1338 idem
2696 1277 2795 1336 di-

348 1366 516 1425 citur
562 1366 644 1425 de
691 1382 932 1426 amore.

433 1456 537 1514 23.
572 1455 843 1532 Mystici
889 1473 1039 1515 911111
1071 1473 1121 1516 9.
1156 1456 1499 1517 Ber-nardo
1530 1457 1600 1515 in
1641 1457 1819 1516 scala
1857 1457 2319 1516 claustralium
2366 1455 2798 1531 distinguunt

348 1550 632 1619 quatuor
662 1545 929 1622 gradus,
957 1546 1327 1624 lectionem,
1352 1546 1870 1617 meditationem,
1897 1547 2264 1606 orationem
2287 1548 2359 1605 et
2385 1546 2796 1619 ¹contempla·-

347 1634 592 1693 tionem
638 1634 950 1694 infusam.
987 1635 1121 1707 Qui
1152 1651 1413 1709 semper
1459 1636 1531 1694 in
1563 1636 1779 1710 primo
1812 1635 2010 1711 sistit,
2044 1652 2390 1709 uunquam
2430 1633 2516 1692 ad
2563 1650 2795 1693 secun-

349 1723 501 1781 dum
544 1724 932 1798 pertransit.
983 1725 1111 1796 Qui
1171 1740 1432 1799 semper
1476 1725 1548 1783 in
1603 1724 1895 1785 seeundo
1947 1723 2268 1799 persistit,
2319 1740 2659 1796 nunquam
2710 1722 2794 1780 ad

346 1813 617 1872 tertium
663 1813 996 1891 pervenit,
1047 1814 1160 1888 qui
1208 1816 1314 1873 est
1360 1818 1590 1873 nostra
1634 1812 2109 1887 contemplatio
2154 1811 2502 1886 aequisita,
2546 1812 2613 1870 in
2663 1828 2799 1885 qua

343 1917 460 1977 per
503 1906 711 1962 totam
762 1903 969 1962 vitam
1005 1902 1492 1977 persistendum
1543 1906 1685 1979 est3
1723 1901 2079 1960 dummodo
2110 1902 2296 1961 Deus
2342 1901 2630 1960 animam
2661 1917 2796 1959 11011
2829 1935 2834 1939 ·

341 1992 566 2051 trahat
594 1988 870 2071 (absque
900 2008 979 2050 eo
1011 1992 1189 2067 quod
1228 1991 1373 2067 ipsa
1405 1992 1474 2050 id
1506 1991 1870 2066 exspectet)
1903 1991 1989 2050 ad
2019 1990 2648 2065 contemplationem
2693 1989 2795 2047 in·-

341 2080 552 2140 fusam
602 2084 674 2141 et
704 2082 827 2140 hac
856 2085 1177 2153 cessante,
1214 2080 1435 2149 anima
1464 2079 1723 2157 regredi
1758 2080 1960 2140 debet
1987 2079 2074 2139 ad
2106 2079 2378 2139 tertium
2412 2078 2694 2154 gradum
2725 2083 2796 2139 et

341 2170 407 2228 in
454 2170 601 2245 ipso
647 2186 1055 2244 permanere,
1095 2171 1347 2244 absque
1385 2187 1463 2230 eo
1495 2170 1672 2245 quod
1712 2170 2003 2244 amplius
2049 2168 2280 2228 redeat
2309 2168 2396 2227 ad
2427 2168 2792 2227 secundum

338 2264 457 2319 aut
500 2260 809 2334 primum.
1750 2284 1754 2289 ·

427 2351 533 2408 24.
562 2349 1094 2422 Qualescumque
1125 2348 1569 2421 cogitationes
1599 2347 1667 2405 in
1702 2348 2005 2406 oratione
2035 2349 2407 2422 occurrant,
2434 2346 2639 2405 etiam
2670 2347 2793 2403 im·-

338 2455 563 2513 purae,
598 2438 802 2498 etiam
849 2444 1083 2497 eontra
1131 2439 1165 2494 I
1169 2440 1368 2511 )eum,
1403 2440 1688 2515 sanctos,
1726 2436 1926 2495 fidem
1973 2439 2043 2496 et
2088 2438 2523 2513 sacramenta,
2571 2434 2630 2493 si
2678 2451 2793 2493 vo-

337 2527 626 2588 luntarie
671 2542 806 2588 non
854 2527 1248 2587 nutriantur
1294 2542 1418 2586 1199
1462 2526 1842 2586 voluntarie
1872 2525 2315 2603 expellantur,
2356 2524 2472 2584 sed
2510 2541 2659 2583 cum
2689 2523 2791 2582 in·

337 2617 716 2678 differentia
760 2622 829 2676 et
875 2605 1327 2693 resignatione
1370 2617 1763 2692 tolerentur,
1813 2632 1947 2674 11011
1992 2615 2371 2690 impediunt
2424 2613 2792 2674 orationem

337 2706 536 2765 fidei:
585 2707 719 2767 imo
773 2723 914 2766 eam
964 2706 1424 2781 perfectiorem
1486 2705 1823 2782 efficiunt3
1872 2705 2034 2779 quia
2083 2705 2308 2765 anima
2360 2707 2526 2764 tunc
2580 2703 2792 2778 magis

339 2795 608 2855 divinae
654 2796 994 2856 voluntati
1042 2796 1383 2872 resignata
1427 2800 1746 2855 remanet.

427 2887 532 2944 25.
576 2885 855 2944 Etiamsi
906 2885 1342 2959 superveniat
1386 2900 1659 2944 somnus
1691 2889 1760 2944 et
1807 2883 2195 2958 dormiatur,
2231 2882 2670 2943 nihilominus
2713 2883 2795 2942 fit

336 2975 550 3034 oratio
574 2977 644 3035 et
669 2975 1142 3050 contemplatio
1173 2974 1483 3051 actualis3
1511 2974 1670 3049 quia
1702 2973 1915 3033 oratio
1937 2977 2009 3032 et
2030 2972 2396 3047 resignatio
2427 2973 2601 3031 idem
2631 2975 2795 3032 sunt

338 3069 406 3123 et
449 3065 610 3124 dum
657 3064 1025 3139 resignatio
1071 3064 1410 3139 perdurat,
1445 3063 1768 3136 perdurat
1811 3069 1881 3121 et
1928 3061 2159 3122 oratio.

424 3156 529 3213 26.
565 3153 727 3212 Tres
760 3153 915 3212 illae
948 3153 1098 3212 viae
1132 3154 1511 3228 purgativa,
1538 3152 1990 3211 illuminativa
2022 3156 2090 3210 et
2131 3151 2397 3209 unitiva
2427 3153 2532 3208 est
2559 3151 2793 3208 absur-

337 3242 493 3302 dum
543 3243 922 3316 maximum,
958 3242 1132 3316 quod
1168 3242 1420 3301 dictum
1457 3241 1661 3298 fuerit
1696 3242 1762 3298 in
1817 3240 2124 3314 mystica3
2160 3255 2306 3297 curn
2357 3254 2486 3294 non
2525 3237 2617 3294 sit
2663 3237 2794 3295 nisi

336 3333 533 3392 unica
580 3333 695 3391 via
739 3332 994 3392 scilicet
1039 3331 1154 3390 via
1197 3332 1484 3390 interna.

423 3424 528 3481 27.
582 3422 710 3494 Qui
761 3421 1098 3482 desiderat
1141 3425 1212 3481 et
1257 3419 1687 3493 amplectitur
1734 3417 2154 3476 devotionem
2207 3414 2608 3491 sensibilem,
2659 3431 2793 3474 non

335 3509 671 3570 desiderat
702 3528 824 3570 nec
872 3510 1137 3584 quaerit
1168 3511 1409 3586 Deum,
1443 3508 1559 3567 sed
1608 3507 1896 3581 seipsum
1948 3511 2018 3566 et
2047 3507 2218 3566 male
2264 3504 2428 3580 agit,
2465 3521 2608 3565 cum
2646 3521 2791 3563 eam

339 3599 671 3660 desiderat
708 3604 777 3659 et
822 3616 966 3658 eam
1014 3598 1258 3659 habere
1292 3602 1591 3673 conatur,
1633 3597 1747 3671 qui
1789 3613 1910 3672 per
1939 3598 2114 3656 viam
2151 3597 2480 3654 internam
2518 3593 2788 3671 incedit,

337 3691 467 3748 tam
516 3690 583 3747 in
630 3688 798 3748 10919
842 3689 1049 3748 sacris
1096 3706 1291 3763 quam
1341 3688 1408 3746 in
1458 3687 1696 3746 diebus
1745 3687 2196 3746 sollemnibus.

424 3780 528 3837 28.
563 3778 881 3836 'Paedium
916 3794 1138 3837 rerum
1167 3776 1619 3853 spiritualium
1653 3777 1897 3835 bonum
1947 3779 2068 3848 9915,
2106 3775 2432 3848 siquidem
2471 3789 2590 3847 per
2621 3772 2790 3832 illud

339 3871 663 3942 purgatur
706 3883 890 3925 amor
933 3867 1264 3941 proprius.

422 3959 524 4015 29.
566 3957 743 4014 Dum
791 3956 1011 4014 anima
1057 3957 1323 4015 interna
1356 3955 1617 4014 fastidit
1659 3954 1999 4013 discursus
2045 3952 2128 4009 de
2177 3953 2318 4010 Deo
2366 3955 2437 4009 et
2481 3949 2788 4024 virtutes,

339 4042 582 4121 frigida
612 4049 931 4120 remanet,
971 4045 1224 4104 nullum
1275 4046 1347 4104 in
1393 4061 1463 4104 se
1510 4044 1657 4118 ipsa
1702 4044 2003 4102 sentiens
2044 4040 2388 4116 fervorem,
2424 4038 2672 4097 bonum
2703 4038 2793 4097 si-

339 4151 543 4284 gaggi
556 4137 799 4284 'Issgum
831 4223 1167 4300 sensibile,
1201 4223 1377 4297 quod
1412 4221 1812 4297 exprimitur
1841 4221 1908 4279 in
1944 4220 2090 4279 vita
2119 4217 2478 4293 spirituali,
2501 4220 2609 4276 est
2639 4217 2795 4277 abo·-

344 4313 672 4389 minabile,
710 4329 1023 4387 spurcum
1072 4313 1153 4371 ed
1192 4311 1626 4370 immundum.

425 4403 530 4461 31.
554 4402 800 4461 Nullus
825 4400 1262 4461 meditativus
1284 4417 1481 4461 veras
1512 4400 1805 4459 virtutes
1828 4403 2094 4458 exercet
2116 4399 2434 4472 internas,
2460 4410 2634 4469 quae
2657 4411 2790 4454 non

343 4488 582 4550 debent
612 4507 652 4550 a
686 4491 997 4550 sensibus
1028 4491 1357 4566 cognosci.
1395 4489 1586 4564 Opus
1618 4492 1721 4548 est
1752 4489 2061 4548 amittere
2094 4487 2402 4546 virtutes.
