3529 5158
1153 318 1237 359 111-3
1274 318 1484 359 armum
1522 318 1569 358 s.
1594 317 1897 358 ALPnoxsr
1935 316 2065 358 mc.
2730 303 2850 377 699β

379 410 443 474 di
484 412 595 497 piu
642 414 743 479 un’
763 414 1091 498 appendice
1127 415 1290 479 satta
1322 414 1759 479 direttamente
1797 416 2009 479 contro
2048 415 2112 478 la
2143 415 2271 479 mia
2309 415 2748 480 dissertazione
2777 444 2835 480 ».

467 514 550 579 Et
595 535 666 580 ex
711 514 807 581 his
855 518 1009 582 satis
1040 518 1235 600 patet,
1268 537 1377 583 cur
1414 518 1604 582 etiam
1637 518 1699 581 111
1731 518 1848 581 1166
1879 516 2190 602 Opusculo
2224 537 2271 582 s.
2314 518 2547 583 Doctor
2585 538 2657 583 ex
2703 539 2841 601 pro-

379 616 537 681 fesso
577 621 1016 702 argumentum
1047 618 1120 684 de
1153 620 1437 703 opinione
1470 638 1661 701 aeque
1694 620 1996 703 probabili
2037 621 2399 705 pertractet3
2428 620 2574 703 quia
2607 621 2842 685 scilicet

382 720 541 784 circa
572 721 686 785 1166
731 721 1100 786 sententiam
1148 741 1345 798 suam,
1384 722 1658 804 alioquin
1709 725 1919 787 autem
1965 723 2557 799 communissimam,
2587 723 2693 788 sed
2730 723 2843 787 ite-

383 842 523 886 rum
569 823 648 886 ab
693 822 1060 888 adversariis
1107 824 1542 909 impugnatam
1588 823 1906 890 defendere
1952 844 2194 891 necesse
2239 826 2380 890 fuit.

477 925 622 995 100.
656 923 743 989 At
788 944 932 990 vero
979 926 1257 1007 nunquid
1303 926 1364 990 in
1398 945 1560 991 nova
1592 926 1707 989 hac
1753 926 2214 992 elucubratione
2263 947 2311 991 s.
2345 928 2703 1012 Alphonsus
2750 927 2842 990 ita

384 1025 653 1091 defendit
692 1026 939 1092 licitum
986 1046 1170 1093 usum
1218 1027 1522 1111 opinionis
1570 1047 1761 1109 aeque
1815 1028 2171 1111 probabilis,
2212 1030 2286 1094 ut
2332 1028 2845 1112 aequiprobabili-

384 1149 588 1194 smum
633 1132 849 1195 contra
895 1130 1238 1212 simplicem
1276 1130 1788 1212 probabilismum
1821 1131 2032 1195 tradat
2062 1131 2126 1194 et
2154 1133 2550 1216 propugnet?
2580 1129 2664 1194 Et
2698 1130 2844 1194 huic

384 1232 733 1315 quaestioni
780 1235 967 1316 prout
1010 1232 1073 1297 in
1121 1232 1539 1316 superioribus
1587 1234 1649 1298 et
1685 1235 1937 1316 propter
1982 1233 2246 1310 easdem,
2289 1253 2360 1299 ac
2407 1232 2710 1317 superius,
2751 1252 2845 1296 ra-

385 1337 601 1414 tiones,
626 1337 915 1421 negative
943 1335 1433 1420 respondendum
1467 1339 1578 1401 est.
1607 1334 1879 1419 Simplex
1908 1335 2132 1418 quippe
2169 1336 2647 1419 probabilismus
2679 1353 2845 1398 mere
2911 1393 2925 1406 ,

384 1438 573 1504 aliam
620 1438 845 1503 thesim
892 1438 1066 1503 addit
1110 1439 1183 1503 de
1219 1439 1392 1504 licito
1441 1458 1559 1503 usu
1608 1437 1913 1520 opinionis
1976 1438 2311 1520 probabilis
2357 1439 2549 1503 etiam
2596 1439 2658 1502 in
2707 1456 2845 1501 6611-

382 1560 568 1605 cursu
613 1540 1065 1623 probabilioris,
1099 1544 1405 1624 quatenus
1436 1541 1816 1624 probabilior
1864 1541 2070 1623 opinio
2104 1541 2181 1605 ab
2220 1542 2353 1624 ipso
2385 1561 2434 1606 s,
2470 1543 2739 1606 Doctore
2772 1560 2842 1604 ea

378 1644 607 1708 dicitur
638 1645 701 1707 et
748 1645 860 1720 est,
894 1663 1051 1724 quae
1097 1644 1327 1707 nititur
1361 1641 1766 1721 fimdoenwnto
1793 1643 2097 1724 yraviorc',
2137 1641 2250 1706 sed
2292 1644 2482 1707 ctiam
2517 1664 2656 1707 cum
2689 1663 2845 1725 preb-

381 1745 555 1813 dena?
586 1744 923 1824 formidine
967 1746 1249 1826 oppositi,
1290 1746 1383 1808 ita
1428 1749 1499 1807 ut
1541 1744 1865 1809 contraria
1902 1746 2091 1808 etlam
2107 1744 2465 1824 probabilis
2497 1748 2841 1809 censeatur.

470 1848 669 1930 Atqui
705 1848 856 1912 haec
892 1846 1084 1911 thesis
1113 1848 1367 1913 minime
1397 1848 1605 1912 locum
1637 1848 1825 1911 habet
1861 1847 2024 1911 inter
2062 1866 2185 1921 666,
2221 1868 2376 1930 (11166
2408 1868 2457 1912 6.
2493 1850 2726 1913 Doctor
2759 1847 2842 1910 ibi

385 1953 457 2019 de
490 1952 774 2035 opinione
797 1951 1002 2015 minus
1027 1949 1331 2033 probabili
1362 1970 1471 2032 pro
1498 1950 1785 2015 libertate
1809 1951 2027 2015 reiicit.
2054 1936 2155 2017 d?
2181 1953 2368 2029 certo,
2389 1952 2594 2034 inquit
2623 1971 2758 2035 cap.
2785 1952 2841 2014 1.

385 2076 444 2121 11.
473 2055 556 2131 2.,
583 2072 808 2129 ancora
840 2073 960 2119 non
994 2073 1156 2119 esser
1177 2053 1361 2117 lecito
1394 2052 1637 2137 seguire
1667 2052 2001 2135 l’opinione
2032 2054 2429 2119 tenuamente
2461 2054 2841 2136 probabile...

384 2156 655 2223 Siccome
701 2176 969 2241 neppure
1015 2160 1139 2241 pub
1178 2156 1462 2241 seguirsi‚
1497 2154 1756 2219 secondo
1807 2156 1851 2219 il
1895 2158 2112 2222 nostro
2160 2156 2436 2231 sistema,
2488 2157 2842 2239 l'opinione,

384 2260 491 2325 che
539 2261 637 2324 sta
682 2279 791 2343 per
820 2260 883 2324 la
918 2259 1161 2335 liberta,
1202 2257 1447 2342 quando
1496 2258 1616 2321 ella
1649 2261 1680 2321 6
1713 2256 1899 2321 molto
1937 2278 2112 2321 meno
2130 2257 2460 2338 probabile
2501 2277 2535 2322 o
2574 2261 2605 2322 6
2653 2262 2846 2322 certa-

383 2365 583 2425 mente
604 2380 782 2423 mem
794 2359 1122 2440 probabile
1153 2360 1605 2443 dell'opinione,
1632 2360 1741 2424 che
1774 2362 1872 2424 sta
1898 2379 2003 2442 per
2028 2359 2090 2423 la
2119 2360 2332 2444 legge;
2359 2360 2573 2442 poiche
2599 2360 2844 2442 quando

382 2465 715 2548 l'opinione
761 2464 1024 2549 benigna
1074 2465 1319 2547 (raempe
1352 2484 1477 2544 pro
1524 2463 1841 2545 libertate)
1881 2464 2196 2547 apparisce
2242 2465 2618 2530 certamente
2663 2484 2843 2529 meno

382 2567 718 2652 probabile,
753 2569 784 2631 6
823 2587 1011 2652 668116
1049 2568 1159 2633 6116
1194 2567 1257 2633 la
1290 2566 1685 2650 probabilita‚
1725 2566 1788 2630 la
1820 2566 2004 2649 quale
2038 2566 2259 2633 assiste
2306 2567 2706 2651 all’opinione
2737 2568 2844 2653 piu

378 2670 581 2755 rigida
611 2669 861 2755 (nempe
879 2689 1005 2750 pro
1038 2669 1199 2751 leye)
1233 2673 1265 2733 6
1296 2670 1493 2734 1116116
1540 2669 2024 2753 preponderante
2056 2670 2127 2735 ed
2159 2672 2225 2736 in
2257 2671 2348 2735 tal
2379 2690 2522 2735 caso
2561 2671 2625 2736 la
2661 2672 2840 2756 legge

381 2793 502 2838 non
551 2776 583 2837 6
629 2773 737 2856 piu
783 2772 1014 2837 dubbia
1050 2791 1163 2837 con
1195 2772 1425 2838 dubbio
1465 2773 1711 2849 stretto,
1746 2792 1848 2837 ma
1881 2776 1912 2838 6
1948 2775 2361 2839 moralmente
2409 2794 2444 2839 o
2492 2775 2674 2857 quasi
2716 2794 2849 2839 mo-

383 2877 684 2940 ralmente
715 2876 881 2940 certa
918 2893 951 2940 6
988 2894 1158 2941 661116
1195 2876 1321 2940 tale
1368 2876 1483 2939 ben
1522 2875 1792 2960 obbliga,
1826 2879 2064 2941 mentre
2097 2876 2299 2941 allora
2337 2879 2370 2940 6
2406 2877 2512 2960 gia
2545 2878 2847 2941 6611111611-

382 2978 654 3044 temente
700 2979 994 3061 proposta
1027 3001 1087 3040 ».
1121 2977 1243 3042 Res
1289 2998 1436 3063 ergo
1476 2998 1546 3043 eo
1595 2977 1942 3055 adducitur,
1980 2981 2052 3043 ut
2085 2997 2159 3041 ex
2205 2981 2411 3043 mente
2460 2999 2508 3042 s.
2542 2979 2845 3061 Alphonsi

382 3083 531 3146 tunc
577 3080 781 3144 solum
826 3078 1084 3144 illicitus
1115 3081 1431 3145 habendus
1470 3080 1554 3143 sit
1586 3099 1735 3145 usus
1771 3080 2075 3161 opinionis
2109 3080 2314 3144 minus
2364 3080 2699 3163 probabilis
2734 3100 2844 3162 pro

383 3185 690 3260 libertate,
723 3183 969 3265 quando
1016 3203 1127 3266 pro
1175 3183 1308 3267 lege
1342 3183 1547 3266 opinio
1579 3184 1675 3247 est
1705 3181 1900 3245 multo
1918 3182 2333 3261 probabilior,
2368 3183 2442 3247 de
2474 3202 2598 3265 qua
2629 3203 2846 3266 nempe

386 3287 463 3351 cl.
494 3287 566 3350 P.
604 3285 914 3370 Haringer
944 3286 1008 3349 in
1047 3287 1177 3349 not.
1212 3284 1287 3348 ad
1323 3284 1535 3348 Theol.
1569 3304 1724 3347 mor.
1753 3304 1802 3347 6.
1837 3284 2138 3366 Α1111161161
2170 3286 2278 3350 lib.
2319 3287 2374 3349 1.
2417 3288 2495 3349 tr.
2528 3288 2583 3350 1.
2619 3307 2677 3349 n.
2714 3287 2842 3364 40„

385 3389 561 3455 iuxta
594 3390 866 3454 mentem
898 3408 949 3454 s.
981 3387 1270 3452 Doctoris
1302 3385 1541 3451 scribit:
1576 3411 1611 3445 <
1642 3386 1740 3450 Ad
1771 3386 2205 3451 certitudinem
2235 3389 2538 3453 moralem
2571 3390 2846 3471 proxime

388 3492 622 3557 accedit
650 3492 860 3572 opinio
889 3489 1147 3554 multo...
1169 3487 1584 3570 probabilior,
1618 3508 1777 3571 quae
1809 3508 1930 3554 non
1961 3490 2090 3553 iam
2122 3493 2214 3554 est
2247 3492 2460 3556 stricte
2498 3493 2707 3570 dubia,
2743 3493 2846 3558 sed

385 3595 706 3660 moraliter
734 3595 847 3658 aut
877 3593 1057 3675 quasi
1082 3592 1400 3658 moraliter
1432 3592 1597 3656 certa
1623 3593 1685 3656 et
1711 3591 1997 3674 opposita
2029 3591 2103 3655 fit
2134 3593 2404 3658 tenuiter
2428 3596 2764 3678 probabilis
2785 3623 2843 3659 ».

381 3698 574 3776 Porro
624 3716 661 3760 a
707 3714 994 3779 supremo
1042 3696 1157 3760 hoc
1212 3695 1673 3778 probabilitatis
1716 3694 1922 3779 gradu
1975 3695 2162 3779 longe
2215 3694 2419 3759 differt
2463 3698 2848 3779 probabilior

384 3801 611 3884 opinio,
645 3799 707 3863 111
743 3798 919 3863 6111116
956 3817 1256 3863 concursu
1290 3818 1337 3861 s.
1371 3797 1727 3880 Alphonsus
1761 3816 1904 3861 cum
1934 3797 2358 3880 probabilistis
2392 3799 2677 3862 omnibus
2713 3819 2850 3881 pro-

381 3903 687 3986 pugnavit
730 3901 977 3966 licitum
1023 3921 1153 3966 esse
1200 3920 1383 3966 usum
1434 3900 1739 3983 opinionis
1778 3900 1984 3964 minus
2018 3898 2378 3981 probabilis.
2413 3899 2577 3982 Ergo
2629 3918 2738 3964 nec
2785 3902 2846 3965 iu

381 4005 498 4068 hoc
528 4003 777 4086 quidem
800 4003 994 4086 Opere
1028 4023 1074 4068 s.
1103 4005 1336 4068 Doctor
1367 4003 1567 4068 reiicit
1598 4002 1980 4087 praedictam
2012 4002 2563 4085 probabilistarum
2600 4004 2845 4068 thesim.

474 4106 709 4171 Verum
743 4125 867 4171 non
905 4104 1088 4169 modo
1136 4104 1293 4168 hanc
1325 4105 1550 4169 thesim
1590 4124 1709 4170 non
1757 4105 1976 4181 reiicit,
2011 4105 2116 4169 sed
2163 4105 2365 4188 ipsam
2405 4104 2665 4187 probare
2711 4125 2851 4170 6611-

386 4209 673 4273 vincitur.
714 4208 1105 4273 Revocentur
1141 4206 1303 4271 enim
1334 4227 1403 4271 ea
1442 4226 1491 4270 s,
1534 4208 1823 4273 Doctoris
1855 4208 2040 4272 verba
2079 4205 2244 4292 Syst.
2283 4226 2437 4272 mor.
2474 4227 2614 4272 ann.
2656 4209 2847 4272 1785.

385 4332 444 4375 n.
480 4311 622 4374 84.:
657 4334 691 4370 «
716 4311 871 4374 Nisi
900 4311 1129 4391 opinio,
1162 4329 1319 4391 qucae
1349 4312 1480 4373 stat
1497 4329 1619 4389 pro
1654 4309 1803 4390 1696,
1837 4310 1926 4374 sit
1952 4313 2068 4372 aut
2096 4314 2266 4373 certa
2296 4313 2410 4373 aut
2436 4308 2660 4374 saltem
2690 4315 2851 4376 certe

384 4411 791 4492 probabilior,
821 4416 1016 4491 prout
1055 4412 1135 4476 ab
1182 4413 1364 4475 ‘initio
1411 4411 1706 4489 dirimas,
1746 4433 1881 4476 eam
1925 4414 2103 4494 sequi
2149 4434 2275 4476 own
2324 4416 2601 4478 tenemur
2638 4442 2698 4480 ».
2734 4414 2851 4480 Sed

393 4514 599 4598 opinio
645 4515 809 4578 certe
847 4514 1242 4596 probabilior,
1276 4519 1463 4599 prout
1510 4535 1558 4581 6.
1595 4517 1828 4581 Doctor
1864 4515 2106 4581 dixerat
2153 4517 2229 4580 ab
2268 4516 2447 4582 initio
2483 4537 2540 4582 n.
2586 4519 2689 4582 56.
2723 4539 2853 4584 non
