<?xml version="1.0" encoding="UTF-8"?>
<!DOCTYPE html PUBLIC "-//W3C//DTD XHTML 1.0 Transitional//EN"
    "http://www.w3.org/TR/xhtml1/DTD/xhtml1-transitional.dtd">
<html xmlns="http://www.w3.org/1999/xhtml" xml:lang="en" lang="en">
 <head>
  <title>
</title>
<meta http-equiv="Content-Type" content="text/html;charset=utf-8" />
  <meta name='ocr-system' content='tesseract 3.04.00' />
  <meta name='ocr-capabilities' content='ocr_page ocr_carea ocr_par ocr_line ocrx_word'/>
</head>
<body>
  <div class='ocr_page' id='page_1' title='image "./opustheologicum00palmgoog_0454.png"; bbox 0 0 3529 5158; ppageno 0'>
   <div class='ocr_carea' id='block_1_1' title="bbox 357 324 2827 401">
    <p class='ocr_par' dir='ltr' id='par_1_1' title="bbox 357 324 2827 401">
     <span class='ocr_line' id='line_1_1' title="bbox 357 324 2827 401; baseline 0.004 -21"><span class='ocrx_word' id='word_1_1' title='bbox 357 324 505 401; x_wconf 79' lang='lat'>[359]</span> <span class='ocrx_word' id='word_1_2' title='bbox 865 338 1140 382; x_wconf 65' lang='lat' dir='ltr'><strong>muscom</strong></span> <span class='ocrx_word' id='word_1_3' title='bbox 1179 340 1479 383; x_wconf 64' lang='lat' dir='ltr'><strong>Porum-As</strong></span> <span class='ocrx_word' id='word_1_4' title='bbox 1518 343 1580 384; x_wconf 78' lang='lat' dir='ltr'><strong>m</strong></span> <span class='ocrx_word' id='word_1_5' title='bbox 1621 343 1780 385; x_wconf 67' lang='lat' dir='ltr'><strong>voa-A</strong></span> <span class='ocrx_word' id='word_1_6' title='bbox 1820 344 2308 388; x_wconf 70' lang='lat' dir='ltr'><strong>Pnnmnmonuu</strong></span> <span class='ocrx_word' id='word_1_7' title='bbox 2718 335 2827 389; x_wconf 80' lang='lat'><strong>359</strong></span> 
     </span>
    </p>
   </div>
   <div class='ocr_carea' id='block_1_2' title="bbox 358 432 2841 4625">
    <p class='ocr_par' dir='ltr' id='par_1_2' title="bbox 358 432 2830 1544">
     <span class='ocr_line' id='line_1_2' title="bbox 451 432 2821 530; baseline 0.005 -32"><span class='ocrx_word' id='word_1_8' title='bbox 451 432 628 508; x_wconf 79' lang='grc'><strong>358.</strong></span> <span class='ocrx_word' id='word_1_9' title='bbox 679 437 749 500; x_wconf 89' lang='lat' dir='ltr'><strong>In</strong></span> <span class='ocrx_word' id='word_1_10' title='bbox 798 436 1014 519; x_wconf 89' lang='lat' dir='ltr'><strong>primis</strong></span> <span class='ocrx_word' id='word_1_11' title='bbox 1061 455 1431 519; x_wconf 77' lang='lat' dir='ltr'>seponamus</span> <span class='ocrx_word' id='word_1_12' title='bbox 1480 441 1771 521; x_wconf 76' lang='lat' dir='ltr'>quartam</span> <span class='ocrx_word' id='word_1_13' title='bbox 1818 443 2210 518; x_wconf 88' lang='lat' dir='ltr'><strong>sententiam,</strong></span> <span class='ocrx_word' id='word_1_14' title='bbox 2262 443 2334 507; x_wconf 92' lang='lat' dir='ltr'><strong>de</strong></span> <span class='ocrx_word' id='word_1_15' title='bbox 2381 464 2504 526; x_wconf 89' lang='lat' dir='ltr'><strong>qua</strong></span> <span class='ocrx_word' id='word_1_16' title='bbox 2553 465 2601 510; x_wconf 91' lang='lat' dir='ltr'><strong>s.</strong></span> <span class='ocrx_word' id='word_1_17' title='bbox 2636 447 2821 530; x_wconf 87' lang='lat' dir='ltr'><strong>Alph.</strong></span> 
     </span>
     <span class='ocr_line' id='line_1_3' title="bbox 360 538 2822 631; baseline 0.004 -27"><span class='ocrx_word' id='word_1_18' title='bbox 360 540 610 604; x_wconf 78' lang='lat' dir='ltr'><strong>scribit:</strong></span> <span class='ocrx_word' id='word_1_19' title='bbox 655 563 689 597; x_wconf 80' lang='lat'><strong>«</strong></span> <span class='ocrx_word' id='word_1_20' title='bbox 722 538 958 618; x_wconf 85' lang='lat' dir='ltr'><strong>Quarta</strong></span> <span class='ocrx_word' id='word_1_21' title='bbox 990 541 1298 605; x_wconf 88' lang='lat' dir='ltr'><strong>sententia</strong></span> <span class='ocrx_word' id='word_1_22' title='bbox 1328 542 1857 619; x_wconf 77' lang='lat' dir='ltr'><strong>communissima,</strong></span> <span class='ocrx_word' id='word_1_23' title='bbox 1893 546 1966 608; x_wconf 86' lang='lat' dir='ltr'><strong>ut</strong></span> <span class='ocrx_word' id='word_1_24' title='bbox 1997 545 2089 609; x_wconf 89' lang='lat' dir='ltr'><strong>ait</strong></span> <span class='ocrx_word' id='word_1_25' title='bbox 2119 543 2303 611; x_wconf 83' lang='lat' dir='ltr'><strong>Croix</strong></span> <span class='ocrx_word' id='word_1_26' title='bbox 2325 546 2432 610; x_wconf 92' lang='lat' dir='ltr'><strong>lib.</strong></span> <span class='ocrx_word' id='word_1_27' title='bbox 2469 547 2530 612; x_wconf 87' lang='lat'><strong>6.</strong></span> <span class='ocrx_word' id='word_1_28' title='bbox 2564 551 2724 631; x_wconf 88' lang='lat' dir='ltr'><strong>part.</strong></span> <span class='ocrx_word' id='word_1_29' title='bbox 2761 551 2822 613; x_wconf 85' lang='lat'><strong>3.</strong></span> 
     </span>
     <span class='ocr_line' id='line_1_4' title="bbox 361 642 2822 733; baseline 0.003 -26"><span class='ocrx_word' id='word_1_30' title='bbox 361 664 420 707; x_wconf 93' lang='lat' dir='ltr'><strong>n.</strong></span> <span class='ocrx_word' id='word_1_31' title='bbox 468 643 615 706; x_wconf 86' lang='grc'><strong>721.</strong></span> <span class='ocrx_word' id='word_1_32' title='bbox 650 642 714 705; x_wconf 88' lang='lat' dir='ltr'><strong>et</strong></span> <span class='ocrx_word' id='word_1_33' title='bbox 744 642 1155 706; x_wconf 85' lang='lat' dir='ltr'><strong>communiter</strong></span> <span class='ocrx_word' id='word_1_34' title='bbox 1183 644 1448 726; x_wconf 87' lang='lat' dir='ltr'><strong>recepta,</strong></span> <span class='ocrx_word' id='word_1_35' title='bbox 1477 646 1550 708; x_wconf 86' lang='lat' dir='ltr'><strong>ut</strong></span> <span class='ocrx_word' id='word_1_36' title='bbox 1582 649 1869 710; x_wconf 88' lang='lat' dir='ltr'><strong>asserunt</strong></span> <span class='ocrx_word' id='word_1_37' title='bbox 1901 645 2262 712; x_wconf 86' lang='lat' dir='ltr'><strong>Salmantic.</strong></span> <span class='ocrx_word' id='word_1_38' title='bbox 2298 648 2373 711; x_wconf 77' lang='lat' dir='ltr'><strong>de</strong></span> <span class='ocrx_word' id='word_1_39' title='bbox 2403 648 2556 731; x_wconf 77' lang='lat' dir='ltr'><strong>Ley.</strong></span> <span class='ocrx_word' id='word_1_40' title='bbox 2593 669 2726 733; x_wconf 86' lang='lat' dir='ltr'><strong>cap.</strong></span> <span class='ocrx_word' id='word_1_41' title='bbox 2762 653 2822 714; x_wconf 87' lang='lat'><strong>3.</strong></span> 
     </span>
     <span class='ocr_line' id='line_1_5' title="bbox 360 743 2825 836; baseline 0.004 -27"><span class='ocrx_word' id='word_1_42' title='bbox 360 766 421 810; x_wconf 92' lang='lat' dir='ltr'><strong>n.</strong></span> <span class='ocrx_word' id='word_1_43' title='bbox 451 745 557 808; x_wconf 82' lang='lat'><strong>55.</strong></span> <span class='ocrx_word' id='word_1_44' title='bbox 584 743 685 807; x_wconf 89' lang='lat' dir='ltr'><strong>cui</strong></span> <span class='ocrx_word' id='word_1_45' title='bbox 709 743 1173 820; x_wconf 80' lang='lat' dir='ltr'><strong>subscribimus,</strong></span> <span class='ocrx_word' id='word_1_46' title='bbox 1209 746 1396 820; x_wconf 88' lang='lat' dir='ltr'><strong>tenet,</strong></span> <span class='ocrx_word' id='word_1_47' title='bbox 1424 765 1601 829; x_wconf 88' lang='lat' dir='ltr'><strong>posse</strong></span> <span class='ocrx_word' id='word_1_48' title='bbox 1624 749 2018 832; x_wconf 89' lang='lat' dir='ltr'><strong>peregrinum</strong></span> <span class='ocrx_word' id='word_1_49' title='bbox 2043 750 2383 833; x_wconf 87' lang='lat' dir='ltr'><strong>dispensari</strong></span> <span class='ocrx_word' id='word_1_50' title='bbox 2417 752 2495 816; x_wconf 89' lang='lat' dir='ltr'><strong>ab</strong></span> <span class='ocrx_word' id='word_1_51' title='bbox 2522 752 2825 836; x_wconf 86' lang='lat' dir='ltr'><strong>Episcopo</strong></span> 
     </span>
     <span class='ocr_line' id='line_1_6' title="bbox 359 845 2827 930; baseline 0.003 -19"><span class='ocrx_word' id='word_1_52' title='bbox 359 846 483 912; x_wconf 88' lang='lat' dir='ltr'><strong>loci</strong></span> <span class='ocrx_word' id='word_1_53' title='bbox 520 864 643 910; x_wconf 91' lang='lat' dir='ltr'><strong>non</strong></span> <span class='ocrx_word' id='word_1_54' title='bbox 682 845 888 910; x_wconf 89' lang='lat' dir='ltr'><strong>solum</strong></span> <span class='ocrx_word' id='word_1_55' title='bbox 918 845 984 908; x_wconf 91' lang='lat' dir='ltr'><strong>in</strong></span> <span class='ocrx_word' id='word_1_56' title='bbox 1013 845 1277 930; x_wconf 88' lang='lat' dir='ltr'><strong>legibus,</strong></span> <span class='ocrx_word' id='word_1_57' title='bbox 1328 847 1433 912; x_wconf 89' lang='lat' dir='ltr'><strong>sed</strong></span> <span class='ocrx_word' id='word_1_58' title='bbox 1457 848 1646 914; x_wconf 89' lang='lat' dir='ltr'><strong>etiam</strong></span> <span class='ocrx_word' id='word_1_59' title='bbox 1679 850 1743 913; x_wconf 91' lang='lat' dir='ltr'><strong>in</strong></span> <span class='ocrx_word' id='word_1_60' title='bbox 1784 850 1947 915; x_wconf 89' lang='lat' dir='ltr'><strong>votis</strong></span> <span class='ocrx_word' id='word_1_61' title='bbox 1987 854 2050 915; x_wconf 91' lang='lat' dir='ltr'><strong>et</strong></span> <span class='ocrx_word' id='word_1_62' title='bbox 2081 852 2467 930; x_wconf 89' lang='lat' dir='ltr'><strong>iuramentis,</strong></span> <span class='ocrx_word' id='word_1_63' title='bbox 2506 854 2691 919; x_wconf 92' lang='lat' dir='ltr'><strong>modo</strong></span> <span class='ocrx_word' id='word_1_64' title='bbox 2739 856 2827 919; x_wconf 90' lang='lat' dir='ltr'><strong>ibi</strong></span> 
     </span>
     <span class='ocr_line' id='line_1_7' title="bbox 360 947 2828 1036; baseline 0.003 -23"><span class='ocrx_word' id='word_1_65' title='bbox 360 949 448 1013; x_wconf 87' lang='lat' dir='ltr'><strong>sit</strong></span> <span class='ocrx_word' id='word_1_66' title='bbox 478 949 687 1012; x_wconf 88' lang='lat' dir='ltr'><strong>animo</strong></span> <span class='ocrx_word' id='word_1_67' title='bbox 724 947 1121 1030; x_wconf 84' lang='lat' dir='ltr'><strong>permanendi</strong></span> <span class='ocrx_word' id='word_1_68' title='bbox 1151 968 1259 1032; x_wconf 89' lang='lat' dir='ltr'><strong>per</strong></span> <span class='ocrx_word' id='word_1_69' title='bbox 1304 949 1602 1015; x_wconf 90' lang='lat' dir='ltr'><strong>maiorem</strong></span> <span class='ocrx_word' id='word_1_70' title='bbox 1638 952 1782 1016; x_wconf 89' lang='lat' dir='ltr'><strong>anni</strong></span> <span class='ocrx_word' id='word_1_71' title='bbox 1821 955 2062 1036; x_wconf 86' lang='lat' dir='ltr'><strong>partem</strong></span> <span class='ocrx_word' id='word_1_72' title='bbox 2093 979 2156 1015; x_wconf 70' lang='lat'><strong>2».</strong></span> <span class='ocrx_word' id='word_1_73' title='bbox 2191 955 2344 1020; x_wconf 89' lang='lat' dir='ltr'><strong>Dico</strong></span> <span class='ocrx_word' id='word_1_74' title='bbox 2377 957 2828 1035; x_wconf 64' lang='lat' dir='ltr'><strong>seponendum,-</strong></span> 
     </span>
     <span class='ocr_line' id='line_1_8' title="bbox 358 1050 2830 1141; baseline 0.003 -25"><span class='ocrx_word' id='word_1_75' title='bbox 358 1052 512 1134; x_wconf 89' lang='lat' dir='ltr'><strong>quia</strong></span> <span class='ocrx_word' id='word_1_76' title='bbox 541 1051 649 1134; x_wconf 89' lang='lat' dir='ltr'><strong>qui</strong></span> <span class='ocrx_word' id='word_1_77' title='bbox 680 1050 871 1115; x_wconf 88' lang='lat' dir='ltr'><strong>habet</strong></span> <span class='ocrx_word' id='word_1_78' title='bbox 903 1051 1183 1115; x_wconf 87' lang='lat' dir='ltr'><strong>animum</strong></span> <span class='ocrx_word' id='word_1_79' title='bbox 1214 1052 1303 1115; x_wconf 85' lang='lat' dir='ltr'><strong>sic</strong></span> <span class='ocrx_word' id='word_1_80' title='bbox 1334 1053 1749 1134; x_wconf 86' lang='lat' dir='ltr'><strong>permanendi,</strong></span> <span class='ocrx_word' id='word_1_81' title='bbox 1785 1073 1907 1119; x_wconf 90' lang='lat' dir='ltr'><strong>non</strong></span> <span class='ocrx_word' id='word_1_82' title='bbox 1941 1055 2170 1119; x_wconf 91' lang='lat' dir='ltr'><strong>dicitur</strong></span> <span class='ocrx_word' id='word_1_83' title='bbox 2201 1075 2311 1121; x_wconf 90' lang='lat' dir='ltr'><strong>nec</strong></span> <span class='ocrx_word' id='word_1_84' title='bbox 2347 1060 2632 1122; x_wconf 87' lang='lat' dir='ltr'><strong>censetur</strong></span> <span class='ocrx_word' id='word_1_85' title='bbox 2663 1078 2830 1141; x_wconf 90' lang='lat' dir='ltr'><strong>pere-</strong></span> 
     </span>
     <span class='ocr_line' id='line_1_9' title="bbox 362 1151 2824 1241; baseline 0.002 -23"><span class='ocrx_word' id='word_1_86' title='bbox 362 1155 603 1240; x_wconf 72' lang='lat' dir='ltr'><strong>grinuS,</strong></span> <span class='ocrx_word' id='word_1_87' title='bbox 652 1152 726 1217; x_wconf 86' lang='lat' dir='ltr'><strong>ut</strong></span> <span class='ocrx_word' id='word_1_88' title='bbox 756 1153 938 1217; x_wconf 87' lang='lat' dir='ltr'><strong>notat</strong></span> <span class='ocrx_word' id='word_1_89' title='bbox 972 1152 1039 1216; x_wconf 90' lang='lat' dir='ltr'><strong>in</strong></span> <span class='ocrx_word' id='word_1_90' title='bbox 1083 1151 1242 1217; x_wconf 86' lang='lat' dir='ltr'><strong>hanc</strong></span> <span class='ocrx_word' id='word_1_91' title='bbox 1285 1172 1417 1217; x_wconf 86' lang='lat' dir='ltr'><strong>rem</strong></span> <span class='ocrx_word' id='word_1_92' title='bbox 1449 1153 1675 1219; x_wconf 90' lang='lat' dir='ltr'><strong>Suarez</strong></span> <span class='ocrx_word' id='word_1_93' title='bbox 1709 1155 1783 1220; x_wconf 82' lang='lat' dir='ltr'><strong>de</strong></span> <span class='ocrx_word' id='word_1_94' title='bbox 1834 1156 1983 1220; x_wconf 76' lang='lat' dir='ltr'><strong>Voto</strong></span> <span class='ocrx_word' id='word_1_95' title='bbox 2029 1158 2134 1221; x_wconf 88' lang='lat' dir='ltr'><strong>lib.</strong></span> <span class='ocrx_word' id='word_1_96' title='bbox 2186 1158 2247 1221; x_wconf 88' lang='grc'><strong>6.</strong></span> <span class='ocrx_word' id='word_1_97' title='bbox 2283 1178 2415 1241; x_wconf 89' lang='lat' dir='ltr'><strong>cap.</strong></span> <span class='ocrx_word' id='word_1_98' title='bbox 2461 1160 2563 1223; x_wconf 92' lang='grc'><strong>11.</strong></span> <span class='ocrx_word' id='word_1_99' title='bbox 2598 1179 2658 1223; x_wconf 88' lang='grc' dir='ltr'><strong>ιι.</strong></span> <span class='ocrx_word' id='word_1_100' title='bbox 2699 1161 2824 1236; x_wconf 87' lang='grc'><strong>10.,</strong></span> 
     </span>
     <span class='ocr_line' id='line_1_10' title="bbox 358 1253 2830 1345; baseline 0.002 -23"><span class='ocrx_word' id='word_1_101' title='bbox 358 1257 511 1339; x_wconf 89' lang='lat' dir='ltr'><strong>quia</strong></span> <span class='ocrx_word' id='word_1_102' title='bbox 543 1255 729 1319; x_wconf 81' lang='lat' dir='ltr'><strong>habet</strong></span> <span class='ocrx_word' id='word_1_103' title='bbox 761 1254 848 1318; x_wconf 90' lang='lat' dir='ltr'><strong>ibi</strong></span> <span class='ocrx_word' id='word_1_104' title='bbox 879 1255 1067 1335; x_wconf 79' lang='lat' dir='ltr'><strong>quasi</strong></span> <span class='ocrx_word' id='word_1_105' title='bbox 1106 1253 1490 1318; x_wconf 78' lang='lat' dir='ltr'><strong>domicilium</strong></span> <span class='ocrx_word' id='word_1_106' title='bbox 1520 1258 1585 1320; x_wconf 84' lang='lat' dir='ltr'><strong>et</strong></span> <span class='ocrx_word' id='word_1_107' title='bbox 1630 1258 1917 1323; x_wconf 87' lang='lat' dir='ltr'><strong>subditus</strong></span> <span class='ocrx_word' id='word_1_108' title='bbox 1964 1259 2056 1323; x_wconf 86' lang='lat' dir='ltr'><strong>ita</strong></span> <span class='ocrx_word' id='word_1_109' title='bbox 2093 1260 2184 1338; x_wconf 90' lang='lat' dir='ltr'><strong>fit,</strong></span> <span class='ocrx_word' id='word_1_110' title='bbox 2229 1261 2302 1325; x_wconf 87' lang='lat' dir='ltr'><strong>ut</strong></span> <span class='ocrx_word' id='word_1_111' title='bbox 2330 1262 2597 1344; x_wconf 84' lang='lat' dir='ltr'><strong>recipere</strong></span> <span class='ocrx_word' id='word_1_112' title='bbox 2629 1262 2830 1345; x_wconf 79' lang='lat' dir='ltr'><strong>possit</strong></span> 
     </span>
     <span class='ocr_line' id='line_1_11' title="bbox 361 1357 2827 1443; baseline 0.001 -17"><span class='ocrx_word' id='word_1_113' title='bbox 361 1359 574 1426; x_wconf 87' lang='lat' dir='ltr'><strong>omnia</strong></span> <span class='ocrx_word' id='word_1_114' title='bbox 619 1359 1005 1422; x_wconf 84' lang='lat' dir='ltr'><strong>sacramenta</strong></span> <span class='ocrx_word' id='word_1_115' title='bbox 1052 1358 1323 1441; x_wconf 87' lang='lat' dir='ltr'><strong>(praeter</strong></span> <span class='ocrx_word' id='word_1_116' title='bbox 1370 1357 1707 1443; x_wconf 82' lang='lat' dir='ltr'><strong>Ordinem),</strong></span> <span class='ocrx_word' id='word_1_117' title='bbox 1748 1362 1940 1426; x_wconf 83' lang='lat' dir='ltr'><strong>etiam</strong></span> <span class='ocrx_word' id='word_1_118' title='bbox 1987 1363 2461 1428; x_wconf 83' lang='lat' dir='ltr'><strong>matrimonium</strong></span> <span class='ocrx_word' id='word_1_119' title='bbox 2499 1365 2827 1429; x_wconf 73' lang='lat' dir='ltr'><strong>assistente</strong></span> 
     </span>
     <span class='ocr_line' id='line_1_12' title="bbox 360 1459 1188 1544; baseline -0.001 -19"><span class='ocrx_word' id='word_1_120' title='bbox 360 1462 450 1527; x_wconf 86' lang='lat' dir='ltr'><strong>ibi</strong></span> <span class='ocrx_word' id='word_1_121' title='bbox 480 1459 750 1544; x_wconf 81' lang='lat' dir='ltr'><strong>parocho</strong></span> <span class='ocrx_word' id='word_1_122' title='bbox 792 1460 886 1524; x_wconf 91' lang='lat' dir='ltr'><strong>uti</strong></span> <span class='ocrx_word' id='word_1_123' title='bbox 917 1460 1188 1544; x_wconf 85' lang='lat' dir='ltr'><strong>proprio.</strong></span> 
     </span>
    </p>

    <p class='ocr_par' dir='ltr' id='par_1_3' title="bbox 360 1560 2833 1850">
     <span class='ocr_line' id='line_1_13' title="bbox 452 1560 2833 1650; baseline 0.002 -22"><span class='ocrx_word' id='word_1_124' title='bbox 452 1561 743 1628; x_wconf 80' lang='lat' dir='ltr'><strong>Ceterum</strong></span> <span class='ocrx_word' id='word_1_125' title='bbox 775 1560 960 1628; x_wconf 78' lang='lat' dir='ltr'><strong>Croix</strong></span> <span class='ocrx_word' id='word_1_126' title='bbox 993 1564 1056 1626; x_wconf 90' lang='lat' dir='ltr'><strong>et</strong></span> <span class='ocrx_word' id='word_1_127' title='bbox 1088 1561 1605 1630; x_wconf 79' lang='lat' dir='ltr'><strong>Salmanticenses</strong></span> <span class='ocrx_word' id='word_1_128' title='bbox 1637 1566 1700 1629; x_wconf 89' lang='lat' dir='ltr'><strong>in</strong></span> <span class='ocrx_word' id='word_1_129' title='bbox 1748 1566 1901 1631; x_wconf 87' lang='lat' dir='ltr'><strong>locis</strong></span> <span class='ocrx_word' id='word_1_130' title='bbox 1936 1567 2225 1650; x_wconf 86' lang='lat' dir='ltr'><strong>allegatis</strong></span> <span class='ocrx_word' id='word_1_131' title='bbox 2259 1587 2382 1633; x_wconf 93' lang='lat' dir='ltr'><strong>non</strong></span> <span class='ocrx_word' id='word_1_132' title='bbox 2422 1570 2698 1633; x_wconf 87' lang='lat' dir='ltr'><strong>tractant</strong></span> <span class='ocrx_word' id='word_1_133' title='bbox 2726 1587 2833 1633; x_wconf 91' lang='lat' dir='ltr'><strong>no·</strong></span> 
     </span>
     <span class='ocr_line' id='line_1_14' title="bbox 361 1667 2830 1753; baseline 0.001 -20"><span class='ocrx_word' id='word_1_134' title='bbox 361 1669 561 1733; x_wconf 87' lang='lat' dir='ltr'><strong>stram</strong></span> <span class='ocrx_word' id='word_1_135' title='bbox 592 1667 751 1732; x_wconf 89' lang='lat' dir='ltr'><strong>hanc</strong></span> <span class='ocrx_word' id='word_1_136' title='bbox 783 1667 1232 1749; x_wconf 89' lang='lat' dir='ltr'><strong>quaestionem,</strong></span> <span class='ocrx_word' id='word_1_137' title='bbox 1260 1667 1364 1731; x_wconf 91' lang='lat' dir='ltr'><strong>sed</strong></span> <span class='ocrx_word' id='word_1_138' title='bbox 1399 1668 1602 1734; x_wconf 90' lang='lat' dir='ltr'><strong>solum</strong></span> <span class='ocrx_word' id='word_1_139' title='bbox 1635 1671 1962 1750; x_wconf 87' lang='lat' dir='ltr'><strong>quaerunt,</strong></span> <span class='ocrx_word' id='word_1_140' title='bbox 1998 1670 2145 1751; x_wconf 90' lang='lat' dir='ltr'><strong>quid</strong></span> <span class='ocrx_word' id='word_1_141' title='bbox 2178 1671 2552 1752; x_wconf 81' lang='lat' dir='ltr'><strong>requiratur,</strong></span> <span class='ocrx_word' id='word_1_142' title='bbox 2587 1674 2660 1735; x_wconf 89' lang='lat' dir='ltr'><strong>ut</strong></span> <span class='ocrx_word' id='word_1_143' title='bbox 2690 1672 2830 1753; x_wconf 90' lang='lat' dir='ltr'><strong>quis</strong></span> 
     </span>
     <span class='ocr_line' id='line_1_15' title="bbox 360 1768 2560 1850; baseline 0 -15"><span class='ocrx_word' id='word_1_144' title='bbox 360 1770 749 1836; x_wconf 88' lang='lat' dir='ltr'><strong>domicilium</strong></span> <span class='ocrx_word' id='word_1_145' title='bbox 781 1770 897 1834; x_wconf 90' lang='lat' dir='ltr'><strong>aut</strong></span> <span class='ocrx_word' id='word_1_146' title='bbox 927 1768 1110 1850; x_wconf 85' lang='lat' dir='ltr'><strong>quasi</strong></span> <span class='ocrx_word' id='word_1_147' title='bbox 1141 1768 1526 1834; x_wconf 87' lang='lat' dir='ltr'><strong>domicilium</strong></span> <span class='ocrx_word' id='word_1_148' title='bbox 1566 1771 1795 1835; x_wconf 87' lang='lat' dir='ltr'><strong>alicubi</strong></span> <span class='ocrx_word' id='word_1_149' title='bbox 1827 1773 2187 1837; x_wconf 85' lang='lat' dir='ltr'><strong>contrahere</strong></span> <span class='ocrx_word' id='word_1_150' title='bbox 2219 1774 2560 1838; x_wconf 85' lang='lat' dir='ltr'><strong>censeatur.</strong></span> 
     </span>
    </p>

    <p class='ocr_par' dir='ltr' id='par_1_4' title="bbox 358 1867 2832 2468">
     <span class='ocr_line' id='line_1_16' title="bbox 455 1867 2826 1959; baseline 0.002 -25"><span class='ocrx_word' id='word_1_151' title='bbox 455 1867 632 1943; x_wconf 73' lang='grc'><strong>359.</strong></span> <span class='ocrx_word' id='word_1_152' title='bbox 681 1870 899 1951; x_wconf 79' lang='lat' dir='ltr'><strong>Quoad</strong></span> <span class='ocrx_word' id='word_1_153' title='bbox 946 1870 1212 1953; x_wconf 88' lang='lat' dir='ltr'><strong>primam</strong></span> <span class='ocrx_word' id='word_1_154' title='bbox 1259 1891 1407 1956; x_wconf 88' lang='lat' dir='ltr'><strong>ergo</strong></span> <span class='ocrx_word' id='word_1_155' title='bbox 1455 1892 1526 1937; x_wconf 81' lang='lat' dir='ltr'><strong>ex</strong></span> <span class='ocrx_word' id='word_1_156' title='bbox 1575 1873 1715 1937; x_wconf 88' lang='lat' dir='ltr'><strong>aliis</strong></span> <span class='ocrx_word' id='word_1_157' title='bbox 1748 1873 1951 1937; x_wconf 88' lang='lat' dir='ltr'><strong>tribus</strong></span> <span class='ocrx_word' id='word_1_158' title='bbox 1989 1875 2403 1956; x_wconf 84' lang='lat' dir='ltr'><strong>opinionibus,</strong></span> <span class='ocrx_word' id='word_1_159' title='bbox 2438 1876 2527 1940; x_wconf 88' lang='lat' dir='ltr'><strong>sic</strong></span> <span class='ocrx_word' id='word_1_160' title='bbox 2557 1895 2607 1940; x_wconf 86' lang='lat' dir='ltr'><strong>s.</strong></span> <span class='ocrx_word' id='word_1_161' title='bbox 2640 1876 2826 1959; x_wconf 89' lang='lat' dir='ltr'><strong>Alph.</strong></span> 
     </span>
     <span class='ocr_line' id='line_1_17' title="bbox 363 1973 2829 2063; baseline 0.001 -23"><span class='ocrx_word' id='word_1_162' title='bbox 363 1977 475 2040; x_wconf 87' lang='lat' dir='ltr'><strong>lib.</strong></span> <span class='ocrx_word' id='word_1_163' title='bbox 515 1978 573 2039; x_wconf 94' lang='lat'><strong>1.</strong></span> <span class='ocrx_word' id='word_1_164' title='bbox 600 1996 660 2040; x_wconf 89' lang='lat' dir='ltr'><strong>n.</strong></span> <span class='ocrx_word' id='word_1_165' title='bbox 701 1975 878 2039; x_wconf 83' lang='lat'><strong>158.:</strong></span> <span class='ocrx_word' id='word_1_166' title='bbox 913 1999 946 2032; x_wconf 84' lang='lat'>«</span> <span class='ocrx_word' id='word_1_167' title='bbox 978 1973 1255 2038; x_wconf 89' lang='lat' dir='ltr'><strong>Prima...</strong></span> <span class='ocrx_word' id='word_1_168' title='bbox 1282 1974 1558 2039; x_wconf 87' lang='lat' dir='ltr'><strong>affirmat</strong></span> <span class='ocrx_word' id='word_1_169' title='bbox 1581 1975 1866 2041; x_wconf 87' lang='lat' dir='ltr'><strong>universe</strong></span> <span class='ocrx_word' id='word_1_170' title='bbox 1891 1977 2021 2040; x_wconf 85' lang='lat' dir='ltr'><strong>tam</strong></span> <span class='ocrx_word' id='word_1_171' title='bbox 2056 1996 2165 2059; x_wconf 90' lang='lat' dir='ltr'><strong>pro</strong></span> <span class='ocrx_word' id='word_1_172' title='bbox 2197 1978 2462 2063; x_wconf 87' lang='lat' dir='ltr'><strong>legibus,</strong></span> <span class='ocrx_word' id='word_1_173' title='bbox 2495 1998 2687 2060; x_wconf 90' lang='lat' dir='ltr'><strong>quam</strong></span> <span class='ocrx_word' id='word_1_174' title='bbox 2719 1998 2829 2062; x_wconf 91' lang='lat' dir='ltr'><strong>pro</strong></span> 
     </span>
     <span class='ocr_line' id='line_1_18' title="bbox 359 2076 2832 2166; baseline 0.001 -24"><span class='ocrx_word' id='word_1_175' title='bbox 359 2078 528 2144; x_wconf 80' lang='lat' dir='ltr'><strong>votis</strong></span> <span class='ocrx_word' id='word_1_176' title='bbox 576 2078 819 2160; x_wconf 86' lang='lat' dir='ltr'><strong>(nempe</strong></span> <span class='ocrx_word' id='word_1_177' title='bbox 867 2076 1293 2160; x_wconf 86' lang='lat' dir='ltr'><strong>dispensandis</strong></span> <span class='ocrx_word' id='word_1_178' title='bbox 1341 2078 1419 2141; x_wconf 92' lang='lat' dir='ltr'><strong>ab</strong></span> <span class='ocrx_word' id='word_1_179' title='bbox 1465 2077 1821 2162; x_wconf 85' lang='lat' dir='ltr'><strong>Episcopo).</strong></span> <span class='ocrx_word' id='word_1_180' title='bbox 1872 2078 2081 2156; x_wconf 87' lang='lat' dir='ltr'><strong>Ratio,</strong></span> <span class='ocrx_word' id='word_1_181' title='bbox 2130 2080 2277 2162; x_wconf 89' lang='lat' dir='ltr'><strong>quia</strong></span> <span class='ocrx_word' id='word_1_182' title='bbox 2325 2081 2685 2166; x_wconf 86' lang='lat' dir='ltr'><strong>peregrinus</strong></span> <span class='ocrx_word' id='word_1_183' title='bbox 2722 2100 2832 2163; x_wconf 89' lang='lat' dir='ltr'><strong>per</strong></span> 
     </span>
     <span class='ocr_line' id='line_1_19' title="bbox 359 2179 2828 2266; baseline 0 -21"><span class='ocrx_word' id='word_1_184' title='bbox 359 2181 544 2245; x_wconf 91' lang='lat' dir='ltr'><strong>illum</strong></span> <span class='ocrx_word' id='word_1_185' title='bbox 576 2197 909 2256; x_wconf 85' lang='lat' dir='ltr'><strong>accessum,</strong></span> <span class='ocrx_word' id='word_1_186' title='bbox 945 2179 1233 2260; x_wconf 86' lang='lat' dir='ltr'><strong>quamvis</strong></span> <span class='ocrx_word' id='word_1_187' title='bbox 1279 2179 1465 2244; x_wconf 90' lang='lat' dir='ltr'><strong>unius</strong></span> <span class='ocrx_word' id='word_1_188' title='bbox 1512 2179 1654 2256; x_wconf 89' lang='lat' dir='ltr'><strong>diei,</strong></span> <span class='ocrx_word' id='word_1_189' title='bbox 1689 2179 1763 2244; x_wconf 86' lang='lat' dir='ltr'><strong>fit</strong></span> <span class='ocrx_word' id='word_1_190' title='bbox 1795 2200 1937 2246; x_wconf 88' lang='lat' dir='ltr'><strong>vere</strong></span> <span class='ocrx_word' id='word_1_191' title='bbox 1974 2181 2261 2247; x_wconf 89' lang='lat' dir='ltr'><strong>subditus</strong></span> <span class='ocrx_word' id='word_1_192' title='bbox 2295 2181 2641 2266; x_wconf 89' lang='lat' dir='ltr'><strong>Superioris</strong></span> <span class='ocrx_word' id='word_1_193' title='bbox 2687 2183 2828 2260; x_wconf 90' lang='lat' dir='ltr'><strong>loci,</strong></span> 
     </span>
     <span class='ocr_line' id='line_1_20' title="bbox 367 2279 2832 2368; baseline 0.001 -21"><span class='ocrx_word' id='word_1_194' title='bbox 367 2282 480 2348; x_wconf 90' lang='lat' dir='ltr'><strong>ubi</strong></span> <span class='ocrx_word' id='word_1_195' title='bbox 524 2282 830 2365; x_wconf 85' lang='lat' dir='ltr'><strong>reperitur</strong></span> <span class='ocrx_word' id='word_1_196' title='bbox 863 2306 924 2343; x_wconf 81' lang='lat'><strong>».</strong></span> <span class='ocrx_word' id='word_1_197' title='bbox 958 2281 1041 2346; x_wconf 90' lang='lat' dir='ltr'><strong>Et</strong></span> <span class='ocrx_word' id='word_1_198' title='bbox 1087 2279 1279 2358; x_wconf 86' lang='lat' dir='ltr'><strong>addit,</strong></span> <span class='ocrx_word' id='word_1_199' title='bbox 1329 2281 1487 2346; x_wconf 90' lang='lat' dir='ltr'><strong>hanc</strong></span> <span class='ocrx_word' id='word_1_200' title='bbox 1533 2282 1908 2347; x_wconf 89' lang='lat' dir='ltr'><strong>sententiam</strong></span> <span class='ocrx_word' id='word_1_201' title='bbox 1958 2285 2176 2348; x_wconf 72' lang='lat' dir='ltr'><strong>merito</strong></span> <span class='ocrx_word' id='word_1_202' title='bbox 2208 2285 2329 2349; x_wconf 92' lang='lat' dir='ltr'><strong>dici</strong></span> <span class='ocrx_word' id='word_1_203' title='bbox 2365 2286 2747 2368; x_wconf 86' lang='lat' dir='ltr'><strong>probabilem</strong></span> <span class='ocrx_word' id='word_1_204' title='bbox 2796 2305 2832 2349; x_wconf 87' lang='lat' dir='ltr'><strong>a</strong></span> 
     </span>
     <span class='ocr_line' id='line_1_21' title="bbox 358 2381 2236 2468; baseline 0 -19"><span class='ocrx_word' id='word_1_205' title='bbox 358 2386 560 2449; x_wconf 88' lang='lat' dir='ltr'><strong>Palao</strong></span> <span class='ocrx_word' id='word_1_206' title='bbox 594 2384 775 2448; x_wconf 89' lang='lat' dir='ltr'><strong>tract.</strong></span> <span class='ocrx_word' id='word_1_207' title='bbox 813 2383 873 2447; x_wconf 89' lang='lat'><strong>3.</strong></span> <span class='ocrx_word' id='word_1_208' title='bbox 908 2381 983 2447; x_wconf 83' lang='lat' dir='ltr'><strong>de</strong></span> <span class='ocrx_word' id='word_1_209' title='bbox 1006 2381 1227 2464; x_wconf 71' lang='lat' dir='ltr'><strong>Leyib.</strong></span> <span class='ocrx_word' id='word_1_210' title='bbox 1261 2382 1417 2466; x_wconf 88' lang='lat' dir='ltr'><strong>disp.</strong></span> <span class='ocrx_word' id='word_1_211' title='bbox 1454 2383 1514 2447; x_wconf 88' lang='grc'><strong>6.</strong></span> <span class='ocrx_word' id='word_1_212' title='bbox 1551 2386 1761 2467; x_wconf 89' lang='lat' dir='ltr'><strong>punct.</strong></span> <span class='ocrx_word' id='word_1_213' title='bbox 1802 2387 1858 2450; x_wconf 87' lang='lat'><strong>7.</strong></span> <span class='ocrx_word' id='word_1_214' title='bbox 1896 2386 1954 2468; x_wconf 62' lang='grc' dir='ltr'><strong>ἓ.</strong></span> <span class='ocrx_word' id='word_1_215' title='bbox 1992 2387 2051 2450; x_wconf 85' lang='grc'><strong>2.</strong></span> <span class='ocrx_word' id='word_1_216' title='bbox 2079 2407 2139 2451; x_wconf 91' lang='lat' dir='ltr'><strong>n.</strong></span> <span class='ocrx_word' id='word_1_217' title='bbox 2176 2388 2236 2451; x_wconf 85' lang='lat'><strong>5.</strong></span> 
     </span>
    </p>

    <p class='ocr_par' dir='ltr' id='par_1_5' title="bbox 359 2485 2838 4006">
     <span class='ocr_line' id='line_1_22' title="bbox 453 2485 2831 2572; baseline 0 -20"><span class='ocrx_word' id='word_1_218' title='bbox 453 2488 545 2552; x_wconf 92' lang='lat' dir='ltr'><strong>De</strong></span> <span class='ocrx_word' id='word_1_219' title='bbox 577 2488 692 2551; x_wconf 84' lang='lat' dir='ltr'><strong>hac</strong></span> <span class='ocrx_word' id='word_1_220' title='bbox 721 2485 1079 2552; x_wconf 88' lang='lat' dir='ltr'><strong>notabimus</strong></span> <span class='ocrx_word' id='word_1_221' title='bbox 1109 2487 1175 2549; x_wconf 89' lang='lat'><strong>1⁰</strong></span> <span class='ocrx_word' id='word_1_222' title='bbox 1207 2505 1244 2550; x_wconf 91' lang='lat' dir='ltr'><strong>a</strong></span> <span class='ocrx_word' id='word_1_223' title='bbox 1276 2506 1326 2551; x_wconf 91' lang='lat' dir='ltr'><strong>s.</strong></span> <span class='ocrx_word' id='word_1_224' title='bbox 1358 2486 1543 2570; x_wconf 87' lang='lat' dir='ltr'><strong>Alph.</strong></span> <span class='ocrx_word' id='word_1_225' title='bbox 1582 2488 1842 2572; x_wconf 86' lang='lat' dir='ltr'><strong>allegari</strong></span> <span class='ocrx_word' id='word_1_226' title='bbox 1872 2492 2117 2571; x_wconf 88' lang='lat' dir='ltr'><strong>praeter</strong></span> <span class='ocrx_word' id='word_1_227' title='bbox 2148 2488 2463 2567; x_wconf 86' lang='lat' dir='ltr'><strong>Pontium,</strong></span> <span class='ocrx_word' id='word_1_228' title='bbox 2498 2489 2831 2572; x_wconf 80' lang='lat' dir='ltr'><strong>Iosephum</strong></span> 
     </span>
     <span class='ocr_line' id='line_1_23' title="bbox 360 2588 2835 2674; baseline 0 -19"><span class='ocrx_word' id='word_1_229' title='bbox 360 2591 436 2655; x_wconf 89' lang='lat' dir='ltr'><strong>de</strong></span> <span class='ocrx_word' id='word_1_230' title='bbox 469 2590 762 2654; x_wconf 88' lang='lat' dir='ltr'><strong>Ianuario</strong></span> <span class='ocrx_word' id='word_1_231' title='bbox 812 2590 875 2653; x_wconf 91' lang='lat' dir='ltr'><strong>et</strong></span> <span class='ocrx_word' id='word_1_232' title='bbox 922 2589 1166 2654; x_wconf 82' lang='lat' dir='ltr'><strong>Tanner</strong></span> <span class='ocrx_word' id='word_1_233' title='bbox 1215 2590 1380 2673; x_wconf 90' lang='lat' dir='ltr'><strong>apud</strong></span> <span class='ocrx_word' id='word_1_234' title='bbox 1412 2588 1595 2655; x_wconf 83' lang='lat' dir='ltr'><strong>Croix</strong></span> <span class='ocrx_word' id='word_1_235' title='bbox 1626 2591 1734 2655; x_wconf 92' lang='lat' dir='ltr'><strong>lib.</strong></span> <span class='ocrx_word' id='word_1_236' title='bbox 1771 2591 1831 2654; x_wconf 89' lang='lat'><strong>6.</strong></span> <span class='ocrx_word' id='word_1_237' title='bbox 1864 2593 2025 2674; x_wconf 90' lang='lat' dir='ltr'><strong>part.</strong></span> <span class='ocrx_word' id='word_1_238' title='bbox 2076 2594 2137 2656; x_wconf 87' lang='lat'><strong>3.</strong></span> <span class='ocrx_word' id='word_1_239' title='bbox 2188 2614 2246 2657; x_wconf 93' lang='lat' dir='ltr'><strong>n.</strong></span> <span class='ocrx_word' id='word_1_240' title='bbox 2287 2593 2431 2657; x_wconf 88' lang='lat'><strong>754.</strong></span> <span class='ocrx_word' id='word_1_241' title='bbox 2469 2590 2584 2656; x_wconf 88' lang='lat' dir='ltr'><strong>Sed</strong></span> <span class='ocrx_word' id='word_1_242' title='bbox 2630 2591 2835 2674; x_wconf 87' lang='lat' dir='ltr'><strong>reipsa</strong></span> 
     </span>
     <span class='ocr_line' id='line_1_24' title="bbox 359 2689 2833 2778; baseline 0 -20"><span class='ocrx_word' id='word_1_243' title='bbox 359 2714 474 2758; x_wconf 80' lang='lat' dir='ltr'><strong>nec</strong></span> <span class='ocrx_word' id='word_1_244' title='bbox 506 2693 751 2756; x_wconf 83' lang='lat' dir='ltr'><strong>Tanner</strong></span> <span class='ocrx_word' id='word_1_245' title='bbox 773 2710 884 2755; x_wconf 79' lang='lat' dir='ltr'><strong>nec</strong></span> <span class='ocrx_word' id='word_1_246' title='bbox 911 2689 1092 2756; x_wconf 85' lang='lat' dir='ltr'><strong>Croix</strong></span> <span class='ocrx_word' id='word_1_247' title='bbox 1126 2710 1198 2756; x_wconf 90' lang='lat' dir='ltr'><strong>ea</strong></span> <span class='ocrx_word' id='word_1_248' title='bbox 1231 2692 1304 2756; x_wconf 88' lang='lat' dir='ltr'><strong>de</strong></span> <span class='ocrx_word' id='word_1_249' title='bbox 1335 2712 1400 2757; x_wconf 90' lang='lat' dir='ltr'><strong>re</strong></span> <span class='ocrx_word' id='word_1_250' title='bbox 1430 2692 1519 2757; x_wconf 88' lang='lat' dir='ltr'><strong>ibi</strong></span> <span class='ocrx_word' id='word_1_251' title='bbox 1549 2693 1915 2775; x_wconf 89' lang='lat' dir='ltr'><strong>loquuntur.</strong></span> <span class='ocrx_word' id='word_1_252' title='bbox 1950 2696 2285 2778; x_wconf 89' lang='lat' dir='ltr'><strong>Iosephum</strong></span> <span class='ocrx_word' id='word_1_253' title='bbox 2318 2715 2354 2759; x_wconf 91' lang='lat' dir='ltr'><strong>a</strong></span> <span class='ocrx_word' id='word_1_254' title='bbox 2386 2695 2678 2759; x_wconf 88' lang='lat' dir='ltr'><strong>Ianuario</strong></span> <span class='ocrx_word' id='word_1_255' title='bbox 2709 2712 2833 2759; x_wconf 91' lang='lat' dir='ltr'><strong>non</strong></span> 
     </span>
     <span class='ocr_line' id='line_1_25' title="bbox 361 2793 2832 2880; baseline 0 -20"><span class='ocrx_word' id='word_1_256' title='bbox 361 2794 542 2880; x_wconf 91' lang='lat' dir='ltr'><strong>potui</strong></span> <span class='ocrx_word' id='word_1_257' title='bbox 575 2793 780 2858; x_wconf 82' lang='lat' dir='ltr'><strong>videre</strong></span> <span class='ocrx_word' id='word_1_258' title='bbox 817 2794 882 2857; x_wconf 87' lang='lat' dir='ltr'><strong>et</strong></span> <span class='ocrx_word' id='word_1_259' title='bbox 911 2812 958 2857; x_wconf 91' lang='lat' dir='ltr'><strong>s.</strong></span> <span class='ocrx_word' id='word_1_260' title='bbox 1000 2793 1186 2875; x_wconf 88' lang='lat' dir='ltr'><strong>Alph.</strong></span> <span class='ocrx_word' id='word_1_261' title='bbox 1236 2794 1393 2858; x_wconf 91' lang='lat' dir='ltr'><strong>citat</strong></span> <span class='ocrx_word' id='word_1_262' title='bbox 1439 2796 1786 2880; x_wconf 87' lang='lat' dir='ltr'><strong>generatim</strong></span> <span class='ocrx_word' id='word_1_263' title='bbox 1836 2796 2047 2861; x_wconf 76' lang='lat' dir='ltr'><strong>Tract.</strong></span> <span class='ocrx_word' id='word_1_264' title='bbox 2089 2796 2163 2861; x_wconf 81' lang='lat' dir='ltr'><strong>de</strong></span> <span class='ocrx_word' id='word_1_265' title='bbox 2201 2796 2496 2879; x_wconf 54' lang='lat' dir='ltr'><strong>Lamnus.</strong></span> <span class='ocrx_word' id='word_1_266' title='bbox 2543 2799 2612 2861; x_wconf 82' lang='lat'><strong>2⁰</strong></span> <span class='ocrx_word' id='word_1_267' title='bbox 2644 2797 2832 2861; x_wconf 86' lang='lat' dir='ltr'><strong>Ratio</strong></span> 
     </span>
     <span class='ocr_line' id='line_1_26' title="bbox 360 2896 2836 2985; baseline 0 -22"><span class='ocrx_word' id='word_1_268' title='bbox 360 2898 639 2982; x_wconf 80' lang='lat' dir='ltr'><strong>allegata</strong></span> <span class='ocrx_word' id='word_1_269' title='bbox 685 2896 842 2960; x_wconf 88' lang='lat' dir='ltr'><strong>levis</strong></span> <span class='ocrx_word' id='word_1_270' title='bbox 891 2897 987 2960; x_wconf 86' lang='lat' dir='ltr'><strong>est</strong></span> <span class='ocrx_word' id='word_1_271' title='bbox 1034 2897 1335 2960; x_wconf 89' lang='lat' dir='ltr'><strong>momenti</strong></span> <span class='ocrx_word' id='word_1_272' title='bbox 1383 2898 1444 2961; x_wconf 92' lang='lat' dir='ltr'><strong>et</strong></span> <span class='ocrx_word' id='word_1_273' title='bbox 1489 2899 1692 2981; x_wconf 87' lang='lat' dir='ltr'><strong>reipsa</strong></span> <span class='ocrx_word' id='word_1_274' title='bbox 1743 2900 1970 2981; x_wconf 89' lang='lat' dir='ltr'><strong>plures,</strong></span> <span class='ocrx_word' id='word_1_275' title='bbox 2020 2902 2129 2982; x_wconf 90' lang='lat' dir='ltr'><strong>qui</strong></span> <span class='ocrx_word' id='word_1_276' title='bbox 2162 2902 2447 2967; x_wconf 87' lang='lat' dir='ltr'><strong>asserunt</strong></span> <span class='ocrx_word' id='word_1_277' title='bbox 2478 2899 2836 2985; x_wconf 89' lang='lat' dir='ltr'><strong>peregrinos</strong></span> 
     </span>
     <span class='ocr_line' id='line_1_27' title="bbox 363 2997 2833 3085; baseline -0.002 -18"><span class='ocrx_word' id='word_1_278' title='bbox 363 3000 560 3067; x_wconf 86' lang='lat' dir='ltr'><strong>teneri</strong></span> <span class='ocrx_word' id='word_1_279' title='bbox 593 2998 670 3063; x_wconf 86' lang='lat' dir='ltr'><strong>ad</strong></span> <span class='ocrx_word' id='word_1_280' title='bbox 703 2998 1037 3063; x_wconf 83' lang='lat' dir='ltr'><strong>servandas</strong></span> <span class='ocrx_word' id='word_1_281' title='bbox 1074 2997 1244 3084; x_wconf 86' lang='lat' dir='ltr'><strong>leges</strong></span> <span class='ocrx_word' id='word_1_282' title='bbox 1281 2999 1403 3064; x_wconf 89' lang='lat' dir='ltr'><strong>loci</strong></span> <span class='ocrx_word' id='word_1_283' title='bbox 1452 3001 1559 3064; x_wconf 91' lang='lat' dir='ltr'><strong>ubi</strong></span> <span class='ocrx_word' id='word_1_284' title='bbox 1606 3002 1772 3077; x_wconf 78' lang='lat' dir='ltr'><strong>sunt,</strong></span> <span class='ocrx_word' id='word_1_285' title='bbox 1823 3004 2058 3085; x_wconf 81' lang='lat' dir='ltr'><strong>negant</strong></span> <span class='ocrx_word' id='word_1_286' title='bbox 2103 3003 2443 3084; x_wconf 85' lang='lat' dir='ltr'><strong>dispensari</strong></span> <span class='ocrx_word' id='word_1_287' title='bbox 2489 3021 2687 3083; x_wconf 84' lang='lat' dir='ltr'><strong>posse,</strong></span> <span class='ocrx_word' id='word_1_288' title='bbox 2737 3001 2833 3064; x_wconf 88' lang='lat' dir='ltr'><strong>uti</strong></span> 
     </span>
     <span class='ocr_line' id='line_1_28' title="bbox 362 3099 2833 3183; baseline -0.001 -16"><span class='ocrx_word' id='word_1_289' title='bbox 362 3103 592 3167; x_wconf 89' lang='lat' dir='ltr'><strong>Suarez</strong></span> <span class='ocrx_word' id='word_1_290' title='bbox 625 3099 700 3163; x_wconf 82' lang='lat' dir='ltr'><strong>de</strong></span> <span class='ocrx_word' id='word_1_291' title='bbox 751 3100 900 3163; x_wconf 80' lang='lat' dir='ltr'><strong>Voto</strong></span> <span class='ocrx_word' id='word_1_292' title='bbox 922 3100 1029 3164; x_wconf 90' lang='lat' dir='ltr'><strong>lib.</strong></span> <span class='ocrx_word' id='word_1_293' title='bbox 1066 3100 1127 3164; x_wconf 84' lang='lat'><strong>6.</strong></span> <span class='ocrx_word' id='word_1_294' title='bbox 1161 3121 1293 3183; x_wconf 88' lang='lat' dir='ltr'><strong>cap.</strong></span> <span class='ocrx_word' id='word_1_295' title='bbox 1334 3103 1435 3165; x_wconf 91' lang='grc'><strong>11.</strong></span> <span class='ocrx_word' id='word_1_296' title='bbox 1474 3124 1533 3166; x_wconf 89' lang='grc' dir='ltr'>ιι.</span> <span class='ocrx_word' id='word_1_297' title='bbox 1565 3103 1668 3166; x_wconf 94' lang='grc'><strong>11.</strong></span> <span class='ocrx_word' id='word_1_298' title='bbox 1704 3103 1775 3164; x_wconf 82' lang='lat'><strong>30</strong></span> <span class='ocrx_word' id='word_1_299' title='bbox 1798 3102 2062 3167; x_wconf 86' lang='lat' dir='ltr'><strong>Pontius</strong></span> <span class='ocrx_word' id='word_1_300' title='bbox 2086 3121 2252 3177; x_wconf 83' lang='lat' dir='ltr'><strong>vero,</strong></span> <span class='ocrx_word' id='word_1_301' title='bbox 2288 3104 2395 3183; x_wconf 88' lang='lat' dir='ltr'><strong>qui</strong></span> <span class='ocrx_word' id='word_1_302' title='bbox 2426 3102 2629 3183; x_wconf 91' lang='lat' dir='ltr'><strong>reipsa</strong></span> <span class='ocrx_word' id='word_1_303' title='bbox 2662 3101 2833 3165; x_wconf 87' lang='lat' dir='ltr'><strong>solus</strong></span> 
     </span>
     <span class='ocr_line' id='line_1_29' title="bbox 365 3202 2832 3285; baseline -0.002 -16"><span class='ocrx_word' id='word_1_304' title='bbox 365 3206 613 3270; x_wconf 78' lang='lat' dir='ltr'><strong>videtur</strong></span> <span class='ocrx_word' id='word_1_305' title='bbox 643 3204 707 3267; x_wconf 88' lang='lat' dir='ltr'><strong>in</strong></span> <span class='ocrx_word' id='word_1_306' title='bbox 739 3203 857 3267; x_wconf 87' lang='lat' dir='ltr'><strong>hac</strong></span> <span class='ocrx_word' id='word_1_307' title='bbox 893 3203 1218 3281; x_wconf 87' lang='lat' dir='ltr'><strong>sententia,</strong></span> <span class='ocrx_word' id='word_1_308' title='bbox 1269 3204 1577 3285; x_wconf 88' lang='lat' dir='ltr'><strong>duplicem</strong></span> <span class='ocrx_word' id='word_1_309' title='bbox 1623 3203 1932 3267; x_wconf 86' lang='lat' dir='ltr'><strong>rationem</strong></span> <span class='ocrx_word' id='word_1_310' title='bbox 1967 3204 2145 3266; x_wconf 86' lang='lat' dir='ltr'><strong>affert</strong></span> <span class='ocrx_word' id='word_1_311' title='bbox 2181 3202 2254 3266; x_wconf 81' lang='lat' dir='ltr'><strong>de</strong></span> <span class='ocrx_word' id='word_1_312' title='bbox 2285 3202 2579 3265; x_wconf 65' lang='lat' dir='ltr'><strong>Blatrim.</strong></span> <span class='ocrx_word' id='word_1_313' title='bbox 2613 3202 2720 3265; x_wconf 91' lang='lat' dir='ltr'><strong>lib.</strong></span> <span class='ocrx_word' id='word_1_314' title='bbox 2772 3203 2832 3265; x_wconf 85' lang='lat'><strong>8.</strong></span> 
     </span>
     <span class='ocr_line' id='line_1_30' title="bbox 365 3303 2831 3390; baseline -0.002 -19"><span class='ocrx_word' id='word_1_315' title='bbox 365 3328 504 3390; x_wconf 87' lang='lat' dir='ltr'><strong>cap.</strong></span> <span class='ocrx_word' id='word_1_316' title='bbox 539 3308 600 3369; x_wconf 88' lang='grc'><strong>4.</strong></span> <span class='ocrx_word' id='word_1_317' title='bbox 633 3327 690 3371; x_wconf 93' lang='lat' dir='ltr'><strong>n.</strong></span> <span class='ocrx_word' id='word_1_318' title='bbox 733 3305 789 3370; x_wconf 87' lang='lat'><strong>7.</strong></span> <span class='ocrx_word' id='word_1_319' title='bbox 824 3306 1057 3382; x_wconf 89' lang='lat' dir='ltr'><strong>Prima,</strong></span> <span class='ocrx_word' id='word_1_320' title='bbox 1107 3306 1253 3388; x_wconf 89' lang='lat' dir='ltr'><strong>quia</strong></span> <span class='ocrx_word' id='word_1_321' title='bbox 1286 3305 1646 3389; x_wconf 88' lang='lat' dir='ltr'><strong>peregrinus</strong></span> <span class='ocrx_word' id='word_1_322' title='bbox 1694 3323 1836 3369; x_wconf 85' lang='lat' dir='ltr'><strong>vere</strong></span> <span class='ocrx_word' id='word_1_323' title='bbox 1868 3304 1965 3369; x_wconf 83' lang='lat' dir='ltr'><strong>est</strong></span> <span class='ocrx_word' id='word_1_324' title='bbox 1996 3306 2146 3368; x_wconf 91' lang='lat' dir='ltr'><strong>tunc</strong></span> <span class='ocrx_word' id='word_1_325' title='bbox 2176 3305 2347 3369; x_wconf 89' lang='lat' dir='ltr'><strong>illius</strong></span> <span class='ocrx_word' id='word_1_326' title='bbox 2379 3304 2501 3369; x_wconf 88' lang='lat' dir='ltr'><strong>loci</strong></span> <span class='ocrx_word' id='word_1_327' title='bbox 2525 3303 2831 3368; x_wconf 85' lang='lat' dir='ltr'><strong>subditus.</strong></span> 
     </span>
     <span class='ocr_line' id='line_1_31' title="bbox 366 3407 2835 3491; baseline -0 -18"><span class='ocrx_word' id='word_1_328' title='bbox 366 3408 491 3474; x_wconf 89' lang='lat' dir='ltr'><strong>Sed</strong></span> <span class='ocrx_word' id='word_1_329' title='bbox 523 3407 744 3475; x_wconf 86' lang='lat' dir='ltr'><strong>Suarez</strong></span> <span class='ocrx_word' id='word_1_330' title='bbox 778 3429 920 3474; x_wconf 90' lang='lat' dir='ltr'><strong>cum</strong></span> <span class='ocrx_word' id='word_1_331' title='bbox 952 3410 1093 3473; x_wconf 88' lang='lat' dir='ltr'><strong>aliis</strong></span> <span class='ocrx_word' id='word_1_332' title='bbox 1142 3409 1429 3474; x_wconf 89' lang='lat' dir='ltr'><strong>omnibus</strong></span> <span class='ocrx_word' id='word_1_333' title='bbox 1479 3409 1760 3491; x_wconf 85' lang='lat' dir='ltr'><strong>patronis</strong></span> <span class='ocrx_word' id='word_1_334' title='bbox 1799 3408 2073 3472; x_wconf 89' lang='lat' dir='ltr'><strong>eiusdem</strong></span> <span class='ocrx_word' id='word_1_335' title='bbox 2104 3409 2446 3473; x_wconf 89' lang='lat' dir='ltr'><strong>sententiae</strong></span> <span class='ocrx_word' id='word_1_336' title='bbox 2478 3408 2551 3473; x_wconf 91' lang='lat' dir='ltr'><strong>de</strong></span> <span class='ocrx_word' id='word_1_337' title='bbox 2583 3409 2698 3471; x_wconf 83' lang='lat' dir='ltr'><strong>hae</strong></span> <span class='ocrx_word' id='word_1_338' title='bbox 2731 3426 2835 3490; x_wconf 91' lang='lat' dir='ltr'><strong>pe-</strong></span> 
     </span>
     <span class='ocr_line' id='line_1_32' title="bbox 362 3509 2832 3598; baseline -0.001 -22"><span class='ocrx_word' id='word_1_339' title='bbox 362 3512 598 3598; x_wconf 87' lang='lat' dir='ltr'><strong>regrini</strong></span> <span class='ocrx_word' id='word_1_340' title='bbox 643 3512 1013 3587; x_wconf 87' lang='lat' dir='ltr'><strong>conditione,</strong></span> <span class='ocrx_word' id='word_1_341' title='bbox 1061 3513 1294 3595; x_wconf 87' lang='lat' dir='ltr'><strong>negant</strong></span> <span class='ocrx_word' id='word_1_342' title='bbox 1339 3511 1865 3592; x_wconf 88' lang='lat' dir='ltr'><strong>consequentiam.</strong></span> <span class='ocrx_word' id='word_1_343' title='bbox 1917 3509 2195 3576; x_wconf 88' lang='lat' dir='ltr'><strong>Secunda</strong></span> <span class='ocrx_word' id='word_1_344' title='bbox 2251 3512 2462 3576; x_wconf 90' lang='lat' dir='ltr'><strong>Pontii</strong></span> <span class='ocrx_word' id='word_1_345' title='bbox 2508 3512 2669 3576; x_wconf 90' lang='lat' dir='ltr'><strong>ratio</strong></span> <span class='ocrx_word' id='word_1_346' title='bbox 2719 3511 2832 3588; x_wconf 88' lang='lat' dir='ltr'><strong>est,</strong></span> 
     </span>
     <span class='ocr_line' id='line_1_33' title="bbox 363 3613 2838 3698; baseline -0 -20"><span class='ocrx_word' id='word_1_347' title='bbox 363 3615 514 3698; x_wconf 84' lang='lat' dir='ltr'><strong>quia</strong></span> <span class='ocrx_word' id='word_1_348' title='bbox 547 3614 719 3680; x_wconf 87' lang='lat' dir='ltr'><strong>solus</strong></span> <span class='ocrx_word' id='word_1_349' title='bbox 766 3614 1087 3697; x_wconf 88' lang='lat' dir='ltr'><strong>episcopus</strong></span> <span class='ocrx_word' id='word_1_350' title='bbox 1133 3613 1304 3678; x_wconf 89' lang='lat' dir='ltr'><strong>illius</strong></span> <span class='ocrx_word' id='word_1_351' title='bbox 1351 3613 1473 3677; x_wconf 90' lang='lat' dir='ltr'><strong>loci</strong></span> <span class='ocrx_word' id='word_1_352' title='bbox 1519 3614 1727 3696; x_wconf 86' lang='lat' dir='ltr'><strong>potest</strong></span> <span class='ocrx_word' id='word_1_353' title='bbox 1774 3614 2127 3697; x_wconf 87' lang='lat' dir='ltr'><strong>dispensare</strong></span> <span class='ocrx_word' id='word_1_354' title='bbox 2162 3634 2197 3679; x_wconf 90' lang='lat' dir='ltr'><strong>a</strong></span> <span class='ocrx_word' id='word_1_355' title='bbox 2235 3615 2717 3698; x_wconf 84' lang='lat' dir='ltr'><strong>particularibus</strong></span> <span class='ocrx_word' id='word_1_356' title='bbox 2754 3614 2838 3677; x_wconf 93' lang='lat' dir='ltr'><strong>le-</strong></span> 
     </span>
     <span class='ocr_line' id='line_1_34' title="bbox 362 3716 2835 3803; baseline -0.001 -22"><span class='ocrx_word' id='word_1_357' title='bbox 362 3718 551 3803; x_wconf 85' lang='lat' dir='ltr'><strong>gibus</strong></span> <span class='ocrx_word' id='word_1_358' title='bbox 600 3716 875 3782; x_wconf 87' lang='lat' dir='ltr'><strong>eiusdem</strong></span> <span class='ocrx_word' id='word_1_359' title='bbox 919 3717 1061 3782; x_wconf 88' lang='lat' dir='ltr'><strong>loci.</strong></span> <span class='ocrx_word' id='word_1_360' title='bbox 1109 3716 1190 3779; x_wconf 90' lang='lat' dir='ltr'><strong>Et</strong></span> <span class='ocrx_word' id='word_1_361' title='bbox 1235 3735 1348 3781; x_wconf 89' lang='lat' dir='ltr'><strong>nos</strong></span> <span class='ocrx_word' id='word_1_362' title='bbox 1395 3716 1760 3801; x_wconf 85' lang='lat' dir='ltr'><strong>negabimus</strong></span> <span class='ocrx_word' id='word_1_363' title='bbox 1812 3718 2338 3800; x_wconf 86' lang='lat' dir='ltr'><strong>consequentiam.</strong></span> <span class='ocrx_word' id='word_1_364' title='bbox 2389 3718 2549 3797; x_wconf 80' lang='lat' dir='ltr'><strong>Quin</strong></span> <span class='ocrx_word' id='word_1_365' title='bbox 2598 3720 2662 3781; x_wconf 84' lang='lat' dir='ltr'><strong>et</strong></span> <span class='ocrx_word' id='word_1_366' title='bbox 2707 3717 2835 3798; x_wconf 85' lang='lat' dir='ltr'><strong>ipse</strong></span> 
     </span>
     <span class='ocr_line' id='line_1_35' title="bbox 363 3818 2835 3903; baseline -0.002 -18"><span class='ocrx_word' id='word_1_367' title='bbox 363 3819 631 3885; x_wconf 86' lang='lat' dir='ltr'><strong>Pontius</strong></span> <span class='ocrx_word' id='word_1_368' title='bbox 681 3818 873 3895; x_wconf 83' lang='lat' dir='ltr'><strong>addit,</strong></span> <span class='ocrx_word' id='word_1_369' title='bbox 921 3838 1044 3883; x_wconf 90' lang='lat' dir='ltr'><strong>non</strong></span> <span class='ocrx_word' id='word_1_370' title='bbox 1091 3837 1221 3883; x_wconf 88' lang='lat' dir='ltr'><strong>esse</strong></span> <span class='ocrx_word' id='word_1_371' title='bbox 1268 3837 1387 3883; x_wconf 89' lang='lat' dir='ltr'><strong>usu</strong></span> <span class='ocrx_word' id='word_1_372' title='bbox 1430 3821 1767 3902; x_wconf 88' lang='lat' dir='ltr'><strong>receptum,</strong></span> <span class='ocrx_word' id='word_1_373' title='bbox 1818 3822 1891 3883; x_wconf 91' lang='lat' dir='ltr'><strong>ut</strong></span> <span class='ocrx_word' id='word_1_374' title='bbox 1927 3820 2268 3903; x_wconf 86' lang='lat' dir='ltr'><strong>Episcopus</strong></span> <span class='ocrx_word' id='word_1_375' title='bbox 2314 3820 2627 3901; x_wconf 88' lang='lat' dir='ltr'><strong>dispenset</strong></span> <span class='ocrx_word' id='word_1_376' title='bbox 2672 3837 2835 3899; x_wconf 87' lang='lat' dir='ltr'><strong>pere-</strong></span> 
     </span>
     <span class='ocr_line' id='line_1_36' title="bbox 364 3919 2698 4006; baseline -0.002 -20"><span class='ocrx_word' id='word_1_377' title='bbox 364 3922 622 4006; x_wconf 86' lang='lat' dir='ltr'><strong>grinum</strong></span> <span class='ocrx_word' id='word_1_378' title='bbox 653 3920 716 3984; x_wconf 93' lang='lat' dir='ltr'><strong>in</strong></span> <span class='ocrx_word' id='word_1_379' title='bbox 750 3922 935 3986; x_wconf 83' lang='lat' dir='ltr'><strong>votis.</strong></span> <span class='ocrx_word' id='word_1_380' title='bbox 970 3921 1136 4005; x_wconf 88' lang='lat' dir='ltr'><strong>Ergo</strong></span> <span class='ocrx_word' id='word_1_381' title='bbox 1171 3939 1291 3986; x_wconf 91' lang='lat' dir='ltr'><strong>non</strong></span> <span class='ocrx_word' id='word_1_382' title='bbox 1326 3924 1602 4003; x_wconf 89' lang='lat' dir='ltr'><strong>apparet,</strong></span> <span class='ocrx_word' id='word_1_383' title='bbox 1639 3942 1748 3986; x_wconf 91' lang='lat' dir='ltr'><strong>cur</strong></span> <span class='ocrx_word' id='word_1_384' title='bbox 1780 3922 2011 3986; x_wconf 87' lang='lat' dir='ltr'><strong>Palaus</strong></span> <span class='ocrx_word' id='word_1_385' title='bbox 2044 3920 2427 4002; x_wconf 86' lang='lat' dir='ltr'><strong>probabilem</strong></span> <span class='ocrx_word' id='word_1_386' title='bbox 2458 3919 2698 3983; x_wconf 85' lang='lat' dir='ltr'><strong>dixerit.</strong></span> 
     </span>
    </p>

    <p class='ocr_par' dir='ltr' id='par_1_6' title="bbox 365 4020 2841 4625">
     <span class='ocr_line' id='line_1_37' title="bbox 458 4020 2837 4107; baseline -0.002 -19"><span class='ocrx_word' id='word_1_387' title='bbox 458 4022 744 4088; x_wconf 89' lang='lat' dir='ltr'><strong>Secunda</strong></span> <span class='ocrx_word' id='word_1_388' title='bbox 770 4023 1076 4088; x_wconf 80' lang='lat' dir='ltr'><strong>sententia</strong></span> <span class='ocrx_word' id='word_1_389' title='bbox 1098 4043 1306 4106; x_wconf 88' lang='lat' dir='ltr'><strong>quam,</strong></span> <span class='ocrx_word' id='word_1_390' title='bbox 1340 4024 1545 4106; x_wconf 89' lang='lat' dir='ltr'><strong>inquit</strong></span> <span class='ocrx_word' id='word_1_391' title='bbox 1570 4042 1617 4089; x_wconf 91' lang='lat' dir='ltr'><strong>s.</strong></span> <span class='ocrx_word' id='word_1_392' title='bbox 1646 4025 1831 4107; x_wconf 83' lang='lat' dir='ltr'><strong>Alph.</strong></span> <span class='ocrx_word' id='word_1_393' title='bbox 1857 4025 1900 4087; x_wconf 91' lang='lat' dir='ltr'><strong>l.</strong></span> <span class='ocrx_word' id='word_1_394' title='bbox 1928 4043 2001 4097; x_wconf 91' lang='lat' dir='ltr'><strong>c.,</strong></span> <span class='ocrx_word' id='word_1_395' title='bbox 2029 4022 2258 4086; x_wconf 85' lang='lat' dir='ltr'><strong>Palaus</strong></span> <span class='ocrx_word' id='word_1_396' title='bbox 2291 4023 2332 4085; x_wconf 92' lang='lat'><strong>1.</strong></span> <span class='ocrx_word' id='word_1_397' title='bbox 2369 4041 2419 4085; x_wconf 87' lang='lat' dir='ltr'><strong>c.</strong></span> <span class='ocrx_word' id='word_1_398' title='bbox 2457 4020 2837 4103; x_wconf 86' lang='lat' dir='ltr'><strong>probabilem</strong></span> 
     </span>
     <span class='ocr_line' id='line_1_38' title="bbox 366 4123 2837 4210; baseline -0.002 -18"><span class='ocrx_word' id='word_1_399' title='bbox 366 4128 603 4210; x_wconf 90' lang='lat' dir='ltr'><strong>pariter</strong></span> <span class='ocrx_word' id='word_1_400' title='bbox 641 4126 813 4204; x_wconf 86' lang='lat' dir='ltr'><strong>dicit,</strong></span> <span class='ocrx_word' id='word_1_401' title='bbox 848 4145 1098 4210; x_wconf 87' lang='lat' dir='ltr'><strong>prorsus</strong></span> <span class='ocrx_word' id='word_1_402' title='bbox 1148 4126 1496 4209; x_wconf 86' lang='lat' dir='ltr'><strong>opposita...</strong></span> <span class='ocrx_word' id='word_1_403' title='bbox 1547 4126 1716 4202; x_wconf 86' lang='lat' dir='ltr'><strong>dicit,</strong></span> <span class='ocrx_word' id='word_1_404' title='bbox 1768 4125 1932 4207; x_wconf 89' lang='lat' dir='ltr'><strong>quod</strong></span> <span class='ocrx_word' id='word_1_405' title='bbox 1973 4123 2351 4207; x_wconf 79' lang='lat' dir='ltr'><strong>peregrinus,</strong></span> <span class='ocrx_word' id='word_1_406' title='bbox 2392 4123 2598 4206; x_wconf 87' lang='lat' dir='ltr'><strong>quoad</strong></span> <span class='ocrx_word' id='word_1_407' title='bbox 2644 4142 2837 4203; x_wconf 74' lang='lat' dir='ltr'><strong>usque</strong></span> 
     </span>
     <span class='ocr_line' id='line_1_39' title="bbox 366 4226 2839 4313; baseline -0.002 -19"><span class='ocrx_word' id='word_1_408' title='bbox 366 4231 667 4313; x_wconf 69' lang='lat' dir='ltr'><strong>acquirat</strong></span> <span class='ocrx_word' id='word_1_409' title='bbox 699 4228 937 4293; x_wconf 75' lang='lat' dir='ltr'><strong>alicubi</strong></span> <span class='ocrx_word' id='word_1_410' title='bbox 965 4250 1178 4294; x_wconf 82' lang='lat' dir='ltr'><strong>verum</strong></span> <span class='ocrx_word' id='word_1_411' title='bbox 1208 4227 1652 4293; x_wconf 71' lang='lat' dir='ltr'><strong>domicilium...</strong></span> <span class='ocrx_word' id='word_1_412' title='bbox 1687 4247 2007 4310; x_wconf 87' lang='lat' dir='ltr'><strong>nunquam</strong></span> <span class='ocrx_word' id='word_1_413' title='bbox 2056 4228 2343 4293; x_wconf 86' lang='lat' dir='ltr'><strong>subditus</strong></span> <span class='ocrx_word' id='word_1_414' title='bbox 2377 4229 2473 4292; x_wconf 86' lang='lat' dir='ltr'><strong>est</strong></span> <span class='ocrx_word' id='word_1_415' title='bbox 2503 4226 2839 4291; x_wconf 88' lang='lat' dir='ltr'><strong>censendus</strong></span> 
     </span>
     <span class='ocr_line' id='line_1_40' title="bbox 368 4330 2839 4415; baseline -0.002 -17"><span class='ocrx_word' id='word_1_416' title='bbox 368 4335 430 4398; x_wconf 86' lang='lat' dir='ltr'><strong>et</strong></span> <span class='ocrx_word' id='word_1_417' title='bbox 457 4334 670 4398; x_wconf 87' lang='lat' dir='ltr'><strong>ideo...</strong></span> <span class='ocrx_word' id='word_1_418' title='bbox 707 4350 818 4396; x_wconf 85' lang='lat' dir='ltr'><strong>neo</strong></span> <span class='ocrx_word' id='word_1_419' title='bbox 847 4333 1074 4414; x_wconf 84' lang='lat' dir='ltr'><strong>potest.</strong></span> <span class='ocrx_word' id='word_1_420' title='bbox 1099 4332 1439 4414; x_wconf 88' lang='lat' dir='ltr'><strong>dispensari</strong></span> <span class='ocrx_word' id='word_1_421' title='bbox 1469 4332 1533 4395; x_wconf 90' lang='lat' dir='ltr'><strong>in</strong></span> <span class='ocrx_word' id='word_1_422' title='bbox 1567 4331 1811 4415; x_wconf 87' lang='lat' dir='ltr'><strong>legibus</strong></span> <span class='ocrx_word' id='word_1_423' title='bbox 1844 4331 2296 4406; x_wconf 90' lang='lat' dir='ltr'><strong>communibus,</strong></span> <span class='ocrx_word' id='word_1_424' title='bbox 2346 4349 2542 4413; x_wconf 89' lang='lat' dir='ltr'><strong>neque</strong></span> <span class='ocrx_word' id='word_1_425' title='bbox 2574 4330 2636 4393; x_wconf 93' lang='lat' dir='ltr'><strong>in</strong></span> <span class='ocrx_word' id='word_1_426' title='bbox 2670 4330 2839 4393; x_wconf 84' lang='lat' dir='ltr'><strong>votis</strong></span> 
     </span>
     <span class='ocr_line' id='line_1_41' title="bbox 367 4432 2841 4516; baseline -0.004 -14"><span class='ocrx_word' id='word_1_427' title='bbox 367 4439 481 4502; x_wconf 87' lang='lat' dir='ltr'><strong>aut</strong></span> <span class='ocrx_word' id='word_1_428' title='bbox 514 4433 898 4502; x_wconf 85' lang='lat' dir='ltr'><strong>iuramentis</strong></span> <span class='ocrx_word' id='word_1_429' title='bbox 944 4435 1021 4498; x_wconf 90' lang='lat' dir='ltr'><strong>ab</strong></span> <span class='ocrx_word' id='word_1_430' title='bbox 1066 4434 1236 4498; x_wconf 84' lang='lat' dir='ltr'><strong>illius</strong></span> <span class='ocrx_word' id='word_1_431' title='bbox 1283 4434 1588 4516; x_wconf 86' lang='lat' dir='ltr'><strong>episcopo.</strong></span> <span class='ocrx_word' id='word_1_432' title='bbox 1640 4432 1812 4512; x_wconf 79' lang='lat' dir='ltr'><strong>Quae</strong></span> <span class='ocrx_word' id='word_1_433' title='bbox 1860 4433 2167 4497; x_wconf 88' lang='lat' dir='ltr'><strong>sententia</strong></span> <span class='ocrx_word' id='word_1_434' title='bbox 2206 4434 2362 4497; x_wconf 90' lang='lat' dir='ltr'><strong>nihil</strong></span> <span class='ocrx_word' id='word_1_435' title='bbox 2394 4433 2518 4498; x_wconf 85' lang='lat' dir='ltr'><strong>fere</strong></span> <span class='ocrx_word' id='word_1_436' title='bbox 2551 4432 2756 4496; x_wconf 86' lang='lat' dir='ltr'><strong>differt</strong></span> <span class='ocrx_word' id='word_1_437' title='bbox 2802 4450 2841 4494; x_wconf 89' lang='lat' dir='ltr'><strong>a</strong></span> 
     </span>
     <span class='ocr_line' id='line_1_42' title="bbox 365 4536 2057 4625; baseline -0.004 -20"><span class='ocrx_word' id='word_1_438' title='bbox 365 4541 592 4625; x_wconf 88' lang='lat' dir='ltr'><strong>prima,</strong></span> <span class='ocrx_word' id='word_1_439' title='bbox 631 4556 747 4602; x_wconf 85' lang='lat' dir='ltr'><strong>seu</strong></span> <span class='ocrx_word' id='word_1_440' title='bbox 780 4536 1023 4617; x_wconf 88' lang='lat' dir='ltr'><strong>quarta,</strong></span> <span class='ocrx_word' id='word_1_441' title='bbox 1057 4555 1246 4617; x_wconf 87' lang='lat' dir='ltr'><strong>quam</strong></span> <span class='ocrx_word' id='word_1_442' title='bbox 1275 4536 1600 4619; x_wconf 88' lang='lat' dir='ltr'><strong>tetigimus</strong></span> <span class='ocrx_word' id='word_1_443' title='bbox 1636 4555 1771 4617; x_wconf 85' lang='lat' dir='ltr'><strong>sup.</strong></span> <span class='ocrx_word' id='word_1_444' title='bbox 1814 4556 1871 4598; x_wconf 90' lang='lat'><strong>11.</strong></span> <span class='ocrx_word' id='word_1_445' title='bbox 1908 4536 2057 4599; x_wconf 73' lang='lat'><strong>358.</strong></span> 
     </span>
    </p>
   </div>
  </div>
 </body>
</html>
