3529 5158
1207 598 1867 682 TRAOTATUS
1921 601 2032 681 II.

662 770 775 835 DE
820 769 1158 861 REGULA
1204 771 1577 837 INTERNA
1623 771 1975 839 ACTUUM
2021 774 2571 841 HUMANORUM

1229 896 1416 961 SIVE
1462 895 2007 962 CONSCIENTIA

1425 1279 1696 1347 CAPUT
1745 1281 1796 1344 Ι.

924 1428 1071 1486 Qun)
1117 1428 1519 1476 conscms‘m
1565 1428 1642 1475 ET
1689 1429 1772 1474 AN
1819 1427 2146 1485 sconsum
2194 1429 2302 1476 srr.

490 1622 527 1672 1.
556 1619 851 1685 Respondeo
874 1620 894 1669 ‘l
910 1659 921 1671 .
940 1616 1247 1673 Conscientia
1270 1624 1345 1670 est
1369 1618 1609 1671 dictamen
1630 1617 1854 1684 rationis,
1877 1633 1961 1671 seu
1986 1625 2123 1672 actus
2141 1618 2435 1685 intellectus»,
2455 1635 2554 1686 quo
2575 1620 2848 1674 iudicamus

388 1705 568 1771 aliqnid
594 1703 706 1758 heic
729 1711 781 1758 et
804 1717 932 1758 nunc
951 1705 1190 1768 agendum
1212 1706 1291 1758 vel
1315 1703 1647 1757 omittendum
1667 1718 1777 1757 aese
1800 1705 1877 1758 vel
1902 1703 2069 1770 luisse,
2087 1712 2316 1771 tanquam
2344 1708 2524 1759 bonum
2545 1709 2625 1759 vel
2646 1708 2842 1771 malum,

386 1790 529 1856 idque
555 1791 639 1843 vel
678 1804 765 1856 per
804 1790 1000 1842 modum
1026 1787 1274 1855 praecepti
1303 1790 1383 1842 vel
1420 1787 1631 1842 consilii.
1661 1789 1793 1842 Haec
1831 1787 2154 1843 communiter
2193 1794 2268 1843 est
2306 1796 2455 1853 recta,
2482 1788 2688 1857 dictam,
2714 1793 2843 1856 quod

388 1890 557 1929 verum
582 1881 686 1939 est;
713 1871 974 1941 aliquando
1013 1879 1173 1927 tamen
1212 1887 1307 1926 non
1347 1880 1421 1926 est
1459 1880 1608 1936 recta,
1640 1872 1829 1927 dictans
1866 1873 2050 1940 aliquid
2089 1874 2249 1939 aliter,
2277 1889 2419 1940 quam
2459 1875 2522 1928 sit
2561 1890 2608 1929 v,
2635 1891 2709 1939 gr.
2738 1890 2847 1929 esse

388 1963 582 2021 bonum,
609 1959 740 2024 quod
778 1966 854 2012 est
890 1958 1070 2011 malurn
1108 1956 1383 2023 diciturque
1423 1972 1644 2019 erronea,
1672 1957 1786 2022 quia
1825 1957 2059 2022 contingit
2100 1974 2210 2012 cum
2248 1973 2420 2012 errore
2460 1958 2605 2024 idque
2635 1962 2712 2013 vel
2740 1958 2840 2012 vin·

387 2043 596 2098 ciuiliter
623 2058 709 2096 scu
734 2042 1059 2109 culpabiliter,
1086 2044 1280 2107 quando
1307 2040 1493 2095 scilicet
1530 2056 1670 2095 error
1708 2042 1854 2095 vitari
1894 2042 2050 2109 potuit
2076 2058 2132 2096 ac
2158 2042 2344 2110 debuit,
2372 2046 2449 2097 vel
2478 2042 2843 2109 invincibiliter,

388 2129 578 2195 quaudo
614 2141 755 2181 error
792 2126 1043 2181 moraliter
1081 2125 1227 2179 vitari
1265 2140 1359 2179 non
1399 2126 1557 2192 potuit
1594 2125 1808 2192 ideoque
1848 2141 1936 2181 nec
1976 2127 2284 2181 voluntarius
2309 2134 2459 2182 estet
2494 2136 2847 2193 consequenter

389 2229 481 2268 non
517 2213 787 2282 imputatur
808 2214 869 2266 ad
907 2216 1128 2280 culpam3
1153 2219 1204 2265 et
1229 2215 1349 2266 haec
1387 2211 1566 2265 dicitur
1601 2211 1896 2265 conscientia
1934 2218 2062 2265 recta
2102 2214 2369 2267 secundum
2404 2212 2539 2278 quid,
2566 2211 2746 2266 sivein
2772 2226 2856 2266 or·

391 2299 501 2354 diue
541 2302 601 2353 ad
639 2314 746 2353 nos.
772 2302 845 2353 Ex
871 2313 913 2352 s,
938 2301 1031 2352 Tu.
1050 2300 1221 2363 Laym.
1243 2300 1276 2352 l.
1306 2300 1349 2350 l.
1370 2305 1434 2351 tr.
1462 2300 1504 2351 l.
1527 2313 1568 2350 c.
1591 2300 1641 2350 2.
1663 2311 1713 2350 n.
1738 2300 1782 2349 l.
1806 2305 1915 2351 etc.
1935 2300 1985 2350 3.

476 2474 633 2549 130.
683 2474 1108 2541 Conscientiae
1140 2495 1360 2540 nomen
1408 2476 1842 2559 multipliciter
1889 2476 2179 2560 usurpari
2217 2477 2556 2541 consuevit.
2592 2504 2624 2533 «
2651 2477 2853 2556 Quan-

390 2582 586 2663 doque
624 2579 807 2657 enim,
849 2581 994 2642 utar
1027 2578 1226 2642 verbis
1266 2599 1313 2643 s.
1342 2578 1615 2644 Thomae
1654 2576 1727 2641 de
1777 2578 1967 2643 Ver-it.
1994 2600 2053 2662 q.
2085 2579 2185 2644 17.
2214 2581 2331 2644 art.
2364 2582 2444 2658 1.‚
2479 2579 2851 2645 conscientia

392 2684 660 2747 sumitur
707 2701 817 2764 pro
856 2682 990 2764 ipsa
1030 2701 1093 2746 re
1131 2681 1425 2758 conscita,
1467 2681 1628 2744 sicut
1659 2681 1808 2747 fides
1848 2683 2149 2766 accipitur
2178 2702 2288 2766 pro
2323 2703 2386 2747 re
2418 2684 2736 2763 credita...‚
2778 2684 2852 2746 ut

392 2806 531 2850 cum
579 2785 840 2850 dicitur:
890 2784 1093 2848 dicam
1141 2784 1257 2847 tibi
1302 2784 1741 2849 conscientiam
1788 2804 2011 2862 meam,
2054 2785 2215 2850 idest
2259 2787 2425 2868 quod
2463 2789 2558 2851 est
2602 2787 2666 2851 in
2714 2804 2851 2850 cou-

390 2888 646 2952 scientia
682 2906 819 2952 mea
844 2912 906 2950 ».
940 2886 1024 2950 Et
1053 2887 1140 2950 sic
1177 2886 1448 2950 sumitur
1481 2886 1539 2949 1.
1561 2886 1720 2951 Tim.
1741 2887 1792 2951 Ι.
1814 2888 1905 2951 5.;
1955 2886 2210 2951 Caritas
2241 2887 2573 2972 (procedit)
2605 2888 2678 2951 dc
2716 2909 2852 2952 con-

387 2991 652 3055 scientia
689 2989 868 3062 bona,
901 2991 976 3053 ut
1006 2989 1098 3052 ait
1129 3008 1177 3052 S.
1206 2988 1425 3052 Thom.
1456 2989 1515 3051 2.
1543 2988 1699 3071 disp.
1728 2990 1832 3052 24.
1861 3009 1919 3071 q.
1950 2991 2008 3052 2.
2038 2992 2155 3054 art.
2184 2991 2246 3053 4.

482 3121 515 3150 «ι
549 3091 930 3174 Quandoque
975 3110 1086 3173 pro
1133 3089 1431 3173 potentia,
1472 3109 1594 3171 qua
1641 3091 1986 3155 conscimus
2012 3117 2072 3155 ».
2101 3090 2216 3156 Sed
2265 3092 2380 3155 hoc
2428 3091 2611 3155 nimis
2658 3093 2855 3154 extra-

389 3215 571 3259 neum
595 3196 777 3259 estet
806 3193 1139 3276 improprie
1164 3192 1419 3268 dictum,
1447 3191 1635 3254 Ratio
1656 3216 1670 3266 3
1698 3193 1848 3273 quia
1878 3215 1912 3248 «
1937 3210 2060 3255 non
2092 3192 2414 3254 consuevit
2444 3192 2607 3254 idem
2631 3209 2855 3256 nomen

387 3317 515 3362 esse
547 3297 861 3380 potentiae
898 3298 962 3360 et
993 3297 1191 3371 actus,
1230 3295 1352 3358 nisi
1389 3293 1634 3375 quando
1661 3295 1839 3355 actus
1876 3292 2102 3373 aliquis
2141 3292 2236 3355 est
2272 3293 2559 3375 proprius
2592 3292 2855 3356 alicuius

387 3400 700 3483 potentiae
737 3398 1082 3482 specialis...
1124 3396 1230 3462 sed
1266 3394 1640 3460 conscientia
1673 3412 1797 3458 non
1834 3395 2042 3475 potest
2079 3393 2397 3459 nominare
2435 3394 2705 3476 aliquem
2751 3394 2858 3458 ha-

388 3503 590 3566 bitum
636 3501 963 3585 specialem
1013 3500 1108 3563 vel
1156 3499 1432 3580 aliquam
1480 3496 1859 3580 potentiam:
1912 3495 2014 3559 sed
2060 3496 2344 3560 nominat
2379 3496 2586 3580 ipsum
2624 3498 2856 3574 actum,

387 3606 495 3687 qni
540 3605 637 3670 est
681 3604 1014 3688 applicatio
1063 3603 1507 3683 cuiuscumque
1555 3600 1820 3664 notitiae
1867 3599 1944 3663 ad
1991 3600 2263 3682 aliquem
2327 3602 2537 3664 actum
2594 3601 2861 3684 particu-

387 3707 581 3772 larem
606 3733 668 3770 ».
694 3706 738 3770 1.
766 3725 817 3769 c.
845 3704 918 3768 de
961 3704 1154 3767 Vertit.

481 3835 515 3866 «
548 3808 931 3889 Quandoque
977 3825 1088 3888 pro
1135 3805 1357 3869 habitu
1403 3804 1531 3867 scil.
1566 3822 1689 3884 quo
1729 3803 1869 3886 quis
1915 3803 2265 3887 disponitur
2305 3805 2381 3868 ad
2428 3805 2862 3869 consciendum

389 3913 450 3975 et
495 3911 833 3976 secundum
878 3910 996 3974 hoc
1025 3909 1161 3991 ipsa
1197 3907 1294 3971 lex
1325 3906 1631 3970 naturalis
1673 3907 1735 3970 et
1773 3907 2026 3970 habitus
2073 3905 2334 3969 rationis
2373 3906 2695 3968 consuevit
2741 3905 2861 3968 dici

391 4012 763 4077 conscientia
796 4036 860 4074 ι».

483 4140 517 4172 «
541 4112 927 4194 Quandoque
952 4131 1061 4195 pro
1087 4113 1295 4175 actu...
1330 4111 1401 4174 In
1425 4109 1785 4174 huiusmodi
1817 4111 2026 4173 tamen
2059 4108 2588 4172 nominationibus
2613 4126 2865 4189 sequen-

392 4218 501 4284 dus
525 4221 621 4284 est
645 4237 800 4284 usus
829 4216 1154 4298 loquendi3
1182 4215 1330 4297 quia
1360 4213 1714 4278 nominibus
1738 4212 2061 4289 utendum,
2089 4213 2164 4276 ut
2195 4212 2421 4295 plureS‚
2449 4214 2524 4277 ut
2546 4212 2774 4277 dicitur
2800 4212 2861 4275 2.

394 4320 596 4405 Topic.
626 4347 690 4384 ».

476 4421 609 4494 131.
657 4420 1003 4503 Praecipue
1047 4418 1558 4486 considerandum
1604 4417 1669 4482 in
1716 4438 1847 4483 rem
1894 4419 2175 4482 nostram
2221 4419 2317 4482 est
2354 4417 2680 4482 discrimen
2729 4436 2869 4481 con-

390 4525 676 4590 scientiae
711 4542 749 4587 a
783 4520 1112 4606 synderesi.
1147 4521 1412 4587 Utemur
1450 4520 1650 4584 verbis
1690 4539 1737 4584 s.
1759 4520 2033 4583 Thomae
2061 4521 2119 4582 2.
2148 4520 2291 4583 dist.
2323 4520 2426 4581 24.
2448 4539 2504 4601 q.
2528 4521 2587 4581 2.
2619 4521 2735 4580 art.
2765 4520 2863 4580 4.:
