3529 5158
715 366 825 421 680
1202 374 1412 415 rnac‘r.
1451 374 1529 415 iv.
1570 374 1655 413 m:
1692 371 1995 412 Paeonis.
2035 370 2236 413 ontrr
2272 369 2363 410 111.
2399 369 2543 410 nun.
2586 369 2693 409 vn.
3038 353 3184 430 [742]

825 472 1097 526 XCVll.7.
1125 470 1295 535 Rixae,
1320 468 1363 522 si
1402 470 1599 522 modum
1635 481 1731 521 non
1768 468 2024 531 excedant,
2049 464 2120 519 uti
2157 472 2207 519 et
2243 463 2486 519 loriculae
2521 478 2732 530 pugne,
2769 463 2986 518 veniales
3023 472 3140 518 sunt
3159 480 3175 531 ;

717 572 875 621 secus,
898 557 941 610 si
966 554 1341 623 progrediantur
1365 554 1427 606 ed
1450 551 1732 614 seditiones,
1761 555 1985 616 vulnera,
2001 552 2193 605 caedes.
2217 552 2443 616 Suntque
2480 553 2602 603 hoec
2625 548 2954 603 communiter
2979 556 3179 616 peecata

715 657 778 698 ex
816 647 956 709 perte
976 638 1252 707 incipientis
1288 636 1470 691 rixam:
1494 639 1620 690 alter
1657 636 1786 689 enim
1813 643 1974 701 potest
2009 650 2064 689 se
2094 635 2362 689 defendere
2394 648 2506 688 oum
2541 633 2879 688 moderamine
2905 633 3182 701 inculpatae

716 730 914 781 tutelae.

808 829 1106 894 Doctrina
1138 830 1232 892 est
1264 827 1450 890 clara.

1781 964 1942 1027 DUB.
1978 963 2120 1027 VII.

1660 1082 1829 1165 Quid
1876 1084 1964 1146 sit
2014 1081 2248 1146 acedia.

826 1228 1045 1281 XCVlll.
1074 1227 1221 1290 Resp.
1243 1223 1420 1278 acedia
1447 1222 1554 1276 sive
1590 1221 1738 1274 animi
1778 1220 1990 1274 taedium
2030 1226 2190 1286 potest
2226 1234 2289 1273 ex
2325 1235 2367 1274 s.
2408 1222 2585 1275 Tuom.
2614 1224 2662 1274 2.
2693 1224 2742 1274 2.
2770 1236 2818 1285 q.
2846 1222 2932 1273 35.
2958 1236 2989 1274 e
3015 1225 3063 1275 2.
3098 1223 3183 1275 du·

718 1309 913 1376 pliciter
949 1307 1200 1375 usurpari:
1229 1310 1276 1359 l.
1311 1306 1623 1370 generaliter
1651 1320 1741 1372 pro
1780 1304 1911 1358 omni
1950 1304 2098 1358 animi
2139 1303 2424 1359 remissione
2461 1304 2510 1358 in
2547 1304 2787 1359 exercitio
2829 1305 3089 1370 virtutum,
3121 1320 3183 1359 eo

718 1395 851 1458 quod
889 1396 1028 1446 labor
1065 1390 1237 1456 aliquis
1275 1390 1338 1444 sil
1383 1390 1672 1443 adiunctus:
1714 1393 1762 1443 2.
1806 1388 2181 1455 particulariter,
2233 1402 2321 1454 pro
2375 1387 2572 1443 tristitia
2611 1396 2661 1443 et
2709 1389 2874 1443 taedio
2912 1392 2975 1443 de
3018 1389 3178 1444 divina

720 1477 946 1541 amicitia,
972 1492 1032 1531 eo
1056 1479 1186 1543 quod
1213 1491 1299 1543 per
1324 1474 1563 1529 virtulum
1601 1473 1831 1529 exercitia
1860 1472 2100 1527 laboriosa
2143 1473 2332 1527 servari
2370 1475 2545 1528 debeat
2570 1481 2620 1527 et
2652 1474 2724 1528 sic
2750 1474 3016 1529 amicitiam
3053 1474 3180 1531 illam

720 1578 817 1616 non
855 1569 1011 1616 curet.

812 1679 987 1755 742.
1023 1685 1056 1721 *
1096 1680 1521 1747 Communiter
1568 1684 1629 1745 et
1678 1702 1713 1745 a
1759 1700 1963 1745 rerum
2004 1680 2427 1763 spiritualium
2473 1682 2925 1747 tractatoribus
2975 1684 3178 1748 acedia

616 1805 621 1809 ’
722 1788 1021 1871 accipitur
1057 1806 1167 1869 pro
1200 1784 1468 1868 quodam
1501 1783 1705 1848 taedio
1741 1783 2030 1866 operandi
2059 1784 2123 1848 in
2164 1783 2374 1848 ordine
2406 1784 2629 1849 salutis
2667 1804 2779 1849 seu
2808 1785 3074 1851 tristitia
3111 1787 3182 1850 de

720 1890 1033 1973 spirituali
1079 1890 1261 1961 bono,
1308 1906 1380 1950 eo
1425 1886 1593 1966 quod
1626 1886 1948 1968 praecipue
1997 1905 2151 1968 opus
2191 1888 2285 1950 est
2321 1886 2704 1951 laboriosum
2742 1892 2807 1951 et
2843 1889 3178 1953 molestum

722 1993 958 2057 homini
989 1993 1099 2056 aut
1132 1990 1558 2054 delectationis
1605 1988 1869 2052 alicuius
1913 1988 2366 2071 impeditivmn.
2411 1988 2481 2051 Id
2518 2007 2567 2052 s.
2594 1989 2869 2053 Thomas
2917 2010 3042 2054 non
3075 1992 3185 2055 im-

724 2095 945 2178 probat
978 2095 1037 2157 2.
1075 2095 1133 2156 2.
1169 2113 1226 2174 q.
1263 2092 1366 2155 35.
1404 2112 1458 2155 a.
1499 2093 1555 2154 1.
1591 2093 1654 2155 et
1686 2092 1783 2153 2.:
1821 2090 2088 2155 advertit
2121 2093 2326 2153 tamen
2361 2090 2525 2173 quod
2574 2091 2688 2154 hoc
2741 2095 2925 2174 pacto
2975 2092 3181 2157 acedia

722 2202 817 2262 est
848 2196 1157 2280 quoddam
1198 2196 1421 2259 vitium
1450 2196 1753 2279 generale,
1791 2193 1954 2276 quod
1988 2192 2302 2276 partimin
2339 2194 2505 2258 omni
2531 2193 2688 2257 vitio
2714 2194 2922 2258 locmn
2957 2195 3179 2269 habet;

722 2302 869 2383 quia
903 2320 1080 2364 omne
1112 2299 1336 2362 vitium
1374 2296 1604 2380 refugit
1636 2316 1672 2359 a
1710 2296 2021 2378 spirituali
2072 2296 2229 2360 bono
2265 2295 2516 2359 virtutis
2558 2296 2896 2379 oppositae,
2945 2298 3178 2378 partim

723 2404 959 2468 obtinet
1015 2404 1077 2465 in
1134 2402 1302 2464 vitiis
1352 2399 1636 2464 omnibus
1661 2400 2030 2476 carnalibuS,
2079 2417 2238 2479 quae
2274 2398 2547 2479 quietem
2593 2400 2658 2462 et
2707 2398 3181 2464 delectationem

722 2507 993 2591 corporis
1027 2506 1354 2588 quaerunt.

812 2611 900 2675 Ut
931 2611 1143 2674 autem
1174 2609 1435 2672 tristitia
1468 2608 1540 2671 de
1574 2607 1732 2670 bono
1766 2606 2078 2687 spirituali
2109 2604 2416 2669 rationem
2449 2605 2677 2668 habeat
2704 2605 2988 2688 specialis
3022 2606 3181 2682 vitii,

723 2715 968 2796 oportet
1015 2715 1086 2776 ut
1133 2710 1381 2792 speciali
1428 2711 1651 2773 virtuti
1707 2712 2072 2791 opponatur.
2141 2709 2273 2772 Iam
2325 2725 2471 2772 vero
2528 2708 3060 2789 quemadmodum
3109 2710 3180 2773 ad

723 2815 1065 2898 quamlibet
1098 2814 1395 2877 virtutem
1444 2813 1708 2896 pertinet
1740 2812 2008 2896 gaudere
2043 2811 2119 2874 de
2157 2812 2404 2893 proprio
2438 2810 2753 2893 spirituali
2785 2812 2972 2889 bone,
3023 2813 3182 2895 quod

720 2917 1007 2981 consistit
1053 2916 1111 2978 in
1164 2916 1410 2998 proprio
1460 2918 1622 2984 actu.
1673 2916 1761 2977 ita
1813 2913 1888 2976 ad
1936 2914 2262 2977 caritatem
2308 2913 2579 2995 pertinet
2625 2913 2984 2995 specialiter
3031 2916 3178 2980 illud

721 3020 1021 3106 gaudium
1046 3018 1387 3100 spirituale.
1415 3037 1537 3100 quo
1563 3018 1701 3098 quis
1726 3015 1962 3098 gaudet
1983 3015 2056 3079 de
2088 3016 2248 3080 bono
2272 3015 2502 3079 divino.
2530 3015 2722 3079 Porro
2753 3016 2869 3080 illa
2895 3018 3180 3089 tristitia,

721 3141 845 3206 qua
882 3123 1021 3204 quis
1052 3121 1346 3185 tristatur
1377 3121 1450 3184 de
1498 3122 1655 3184 bono
1704 3118 2036 3200 spirituali,
2086 3118 2250 3199 quod
2283 3118 2378 3181 est
2416 3117 2480 3181 in
2513 3118 2755 3182 actibus
2788 3118 3182 3202 singularum

724 3226 1051 3291 virtutum.
1092 3242 1211 3287 non
1246 3223 1513 3305 pertinet
1543 3222 1619 3285 ad
1645 3220 1898 3302 aliquod
1929 3220 2191 3302 speciale
2222 3219 2468 3292 vitium,
2510 3220 2615 3284 sed
2648 3220 2726 3284 ad
2760 3222 2972 3286 omnia
3009 3223 3179 3287 vitia.

723 3329 810 3393 At
844 3327 1086 3391 tristari
1124 3326 1197 3389 de
1237 3326 1394 3388 bono
1432 3325 1660 3401 divino,
1694 3324 1770 3414 de
1801 3341 1923 3404 quo
1956 3321 2184 3386 caritas
2222 3321 2472 3405 gaudet,
2509 3322 2776 3404 pertinet
2806 3323 2888 3387 ad
2920 3326 3183 3408 speciale

724 3431 968 3506 vitium,
1003 3428 1167 3510 quod
1205 3428 1432 3491 dicitur
1463 3428 1690 3504 acedia,
1725 3447 1775 3489 s.
1816 3426 2088 3489 Thomas
2119 3424 2265 3488 ibid.
2303 3444 2358 3488 a.
2393 3427 2453 3487 2.

817 3531 973 3594 Cum
1022 3550 1167 3614 ergo
1216 3530 1425 3594 acedia
1463 3531 1545 3592 sit
1591 3527 1852 3592 tristitia
1899 3527 1973 3591 de
2019 3527 2178 3590 bono
2227 3526 2559 3608 spirituali,
2607 3526 2673 3591 in
2717 3533 3031 3610 quantum
3092 3537 3186 3595 est

726 3634 957 3697 bonum
1003 3633 1281 3696 divinum
1331 3636 1518 3713 atque
1563 3651 1636 3694 ea
1666 3631 1892 3694 idcirco
1939 3629 2013 3693 de
2059 3649 2123 3693 se
2156 3628 2490 3693 secundum
2529 3629 2844 3711 propriam
2876 3634 3186 3697 rationem

727 3736 1140 3801 contrarietur
1170 3736 1437 3808 caritati,
1473 3734 1648 3797 cuius
1678 3734 1964 3815 proprius
2011 3733 2260 3796 effectus
2298 3733 2392 3795 est
2432 3731 2734 3815 gaudium
2781 3733 2855 3797 de
2889 3735 3052 3800 Deo:
3103 3757 3188 3800 se·

727 3839 942 3921 quitur
972 3837 1233 3920 speciale
1256 3837 1481 3901 vitium
1521 3836 1764 3899 acediae
1791 3854 1920 3898 esse
1944 3855 2014 3898 ex
2040 3854 2102 3897 se
2133 3837 2454 3916 peccatum
2479 3836 2746 3899 mortale
2777 3836 2926 3914 (art.
2964 3839 3080 3908 3.·›.
3107 3838 3184 3902 Et

728 3942 843 4004 hoc
890 3943 1003 4005 est.
1037 3940 1201 4022 quod
1240 3941 1313 4002 A.
1353 3938 1588 4002 indicat
1620 3936 1886 4001 secundo
1935 3937 2090 3999 loco.

822 4039 997 4112 743.
1033 4041 1259 4104 Acedia
1289 4041 1513 4104 idcirco
1546 4040 1790 4122 proprie
1820 4039 1984 4102 dicta
2017 4058 2136 4102 non
2170 4041 2262 4102 est
2299 4057 2573 4103 recessus
2612 4040 2803 4103 animi
2839 4059 2874 4104 a
2907 4042 3183 4122 quolibet

729 4145 1039 4228 spirituali
1089 4145 1267 4216 bono.
1319 4143 1423 4208 sed
1471 4163 1505 4206 a
1552 4144 1711 4207 bono
1760 4142 1988 4207 (livino.
2038 4141 2425 4226 Quapropter
2479 4142 2530 4206 si
2592 4143 2731 4224 quis
2779 4145 3184 4209 contristetur

729 4248 801 4310 de
832 4248 966 4316 hoc.
1008 4245 1171 4327 quod
1221 4244 1445 4326 aliquis
1490 4246 1663 4328 cogit
1707 4265 1852 4309 eum
1898 4245 2150 4328 implere
2184 4264 2368 4328 opera
2401 4245 2730 4318 virtutum,
2781 4265 2942 4327 quae
2989 4247 3185 4311 facere

726 4367 851 4412 -uon
890 4351 1153 4416 tenetur.
1188 4367 1307 4412 non
1347 4351 1442 4411 est
1472 4353 1799 4440 peccatum
1847 4347 2108 4412 acediae.
2159 4348 2271 4411 Est
2309 4350 2518 4413 autem
2556 4351 2879 4429 peccatum
2920 4350 3183 4419 acediae.

730 4450 975 4532 quando
1014 4450 1423 4513 contristatur
1469 4450 1530 4512 in
1574 4450 1674 4516 iis,
1726 4468 1884 4529 quae
1916 4450 2240 4512 imminent
2287 4450 2341 4513 ei
2373 4449 2649 4514 facienda
2683 4451 2939 4532 propter
2989 4452 3184 4516 Deum

732 4550 818 4632 (a.
854 4551 916 4613 3.
952 4550 1027 4612 ad
1061 4553 1150 4632 2.)
1182 4570 1339 4631 quae
1371 4571 1586 4632 nempe
1622 4550 1964 4614 necessaria
2003 4554 2169 4620 sunt.
2219 4553 2292 4615 ut
2329 4551 2554 4615 caritas
2585 4569 2694 4615 seu
2735 4549 3014 4616 amicitia
3048 4571 3184 4616 cnm

732 4654 864 4718 Deo
899 4652 1306 4716 custodiatur.
1342 4653 1375 4689 ’⁸‘
