3529 5158
331 378 468 453 [196]
829 395 1212 438 anonumum
1250 396 1297 437 s.
1337 396 1642 439 annnousr
1681 398 1800 440 pao
1838 400 2292 442 Paoamrmsuo
2687 389 2792 443 201

419 488 570 562 196.
618 491 749 555 Nec
793 492 1001 556 minus
1046 494 1318 576 captiose
1366 494 1543 559 abusi
1575 497 1724 561 sunt
1753 498 2002 562 nomine
2050 496 2365 563 Comitoli.
2408 499 2642 563 Paulus
2675 497 2793 563 Co-

331 593 586 657 mitolus
633 613 741 675 per
786 613 850 658 se
895 613 1118 676 parum
1165 596 1562 660 auctoritatis
1618 598 1976 663 conciliaret
2029 599 2252 681 cuique
2296 600 2496 682 parti;
2546 601 2791 670 criterio

330 697 491 761 enim
538 716 649 761 seu
692 697 922 762 iudicio
970 717 1192 780 parum
1225 699 1426 763 valuit
1456 702 1522 764 et
1550 719 1732 783 saepe
1770 702 2016 784 saepius
2064 701 2332 766 declinat
2366 701 2443 765 ad
2476 702 2792 785 opiniones

329 798 693 882 singulares,
721 797 1028 864 Gonzalez
1053 801 1096 863 l.
1121 819 1173 865 c.
1200 803 1264 865 et
1300 802 1443 883 post
1466 820 1608 864 eum
1634 801 1760 879 alii,
1796 806 1870 867 ut
1900 802 2274 867 Laurentius
2299 803 2475 867 Berti
2505 802 2581 866 de
2615 801 2791 867 theol.

331 899 666 981 Disczplin.
699 901 808 965 lib.
836 903 942 964 21.
968 920 1101 984 cap.
1134 903 1235 965 13.
1262 920 1334 966 ex
1364 900 1675 968 Comitolo
1700 923 1758 985 q.
1793 906 1894 968 15.
1927 903 2034 968 lib.
2065 908 2125 968 5.
2153 904 2447 982 referunt,
2482 906 2647 987 quod
2672 905 2796 970 foe-

330 1002 468 1067 dam
522 1002 976 1085 prolaptionem
1029 1002 1251 1067 dixerit
1303 1004 1679 1069 sententiam
1728 1006 2052 1079 Armillae,
2102 1007 2206 1088 qui
2257 1007 2321 1071 in
2368 1024 2482 1070 sua
2537 1005 2793 1072 Summa

331 1124 384 1168 v.
415 1106 703 1184 opinion.
733 1107 791 1169 2.
819 1104 1133 1179 statuerit,
1151 1106 1311 1169 satis
1335 1126 1483 1179 esse,
1500 1106 1930 1186 probabiliore
1952 1107 2598 1189 abiectaprohabilem
2620 1111 2798 1190 sequi

328 1227 694 1286 amazonem.

413 1308 648 1372 Verum
694 1308 1046 1391 potuissent
1077 1328 1149 1373 ex
1178 1310 1314 1392 ipsa
1347 1311 1648 1375 Armillae
1678 1310 1818 1392 (seu
1850 1312 2274 1378 Bartolomaei
2311 1314 2499 1378 Fumi
2537 1334 2609 1378 ex
2646 1314 2789 1378 Ord.

327 1410 628 1491 Praedic.)
675 1411 1051 1495 allegatione
1097 1413 1161 1475 et
1203 1412 1670 1494 reprehensione
1714 1414 2082 1498 intelligere,
2133 1415 2327 1483 aliam
2374 1434 2505 1483 esse
2550 1418 2793 1482 contro-

329 1514 610 1587 versiam,
649 1533 840 1595 quam
871 1514 1076 1598 agitat
1106 1511 1473 1592 Comitolus,
1506 1515 2031 1597 quemadmodum
2071 1520 2137 1582 et
2173 1516 2522 1584 Comitolus
2568 1520 2793 1585 tribuit

327 1617 625 1680 Armillae
671 1617 1030 1691 sententiaS,
1080 1635 1235 1698 quas
1281 1617 1381 1680 hic
1426 1634 1549 1681 non
1596 1617 1804 1681 habet.

413 1718 710 1799 Quaestio
751 1718 830 1783 ab
865 1715 1176 1783 Comitolo
1209 1720 1527 1801 proposita
1559 1721 1688 1783 est:
1730 1745 1766 1777 αι
1800 1721 2091 1785 utrumne
2121 1722 2185 1784 in
2223 1721 2630 1803 perdiscendis
2662 1743 2792 1805 per-

327 1826 769 1909 sequendisque
815 1826 1137 1891 christiani
1170 1826 1360 1890 officii
1402 1826 1772 1899 rationibus,
1806 1845 1949 1891 cum
1983 1826 2337 1911 discrepant
2365 1828 2667 1905 doctoreS‚
2706 1830 2791 1894 sit

325 1930 477 1994 satis
522 1929 907 2012 probabilem
937 1929 1112 2010 sequi
1159 1929 1528 2011 opinionem,
1569 1928 1982 2011 probabiliore
2025 1930 2242 1994 relicta
2268 1955 2328 1994 ».
2360 1932 2449 1995 At
2485 1950 2630 1996 vero
2660 1952 2792 2015 per-

325 2032 552 2097 discere
597 2033 663 2095 et
709 2032 990 2115 persequi
1025 2031 1298 2095 rationes
1335 2030 1659 2095 christiani
1707 2030 1897 2095 officii
1933 2031 2029 2096 est
2073 2050 2149 2095 ne
2186 2050 2369 2116 agere
2386 2036 2415 2095 ,9
2446 2032 2790 2099 Ostendant

327 2154 471 2199 num
516 2135 584 2198 in
628 2138 767 2199 tota
813 2133 1173 2216 quaestione
1218 2134 1447 2198 habeat
1493 2135 1592 2198 vel
1637 2153 1835 2198 unum
1887 2133 2164 2209 verbum,
2213 2153 2336 2215 quo
2384 2135 2785 2220 significetur,

327 2238 610 2321 agentem
657 2237 854 2301 teneri
897 2236 961 2300 in
1015 2237 1190 2319 praxi
1249 2236 1312 2300 id
1369 2255 1569 2321 agere,
1617 2236 1787 2319 quod
1834 2235 2214 2318 probabilius
2271 2236 2614 2302 existimet:
2665 2256 2788 2303 non

327 2339 681 2415 ostendent3
731 2339 877 2422 quia
925 2339 1125 2420 reipsa
1171 2357 1293 2403 non
1340 2340 1561 2402 exstat.
1611 2337 1693 2403 Et
1739 2357 1885 2403 sane
1933 2340 2301 2422 argumenta
2350 2340 2428 2403 ab
2474 2359 2544 2405 eo
2592 2341 2787 2405 allata

327 2442 636 2524 pertinent
679 2441 757 2505 ad
804 2440 1159 2524 indaginem
1205 2440 1509 2515 veritatis,
1559 2458 1684 2504 non
1731 2439 1809 2504 ad
1854 2440 2127 2522 pericula
2164 2441 2473 2523 peccandi.

408 2543 588 2625 Quod
624 2562 771 2609 vero
796 2541 1145 2608 Comitolus
1183 2542 1506 2626 praecipiti
1535 2542 1778 2608 ratione
1809 2542 2141 2607 Armillam
2172 2543 2572 2620 vellicaverit,
2613 2545 2788 2628 patet

323 2667 393 2711 ex
428 2666 501 2712 eo
533 2646 700 2728 quod
729 2646 996 2711 Armilla
1027 2647 1146 2711 hoc
1176 2647 1347 2710 tenet
1382 2647 1468 2727 (v.
1509 2646 1721 2724 opinio
1755 2665 1815 2708 n.
1851 2646 1972 2728 3.):
2008 2669 2044 2704 «
2081 2644 2321 2728 Opinio,
2348 2665 2509 2729 quae
2544 2647 2789 2713 meliori

322 2750 550 2814 rationi
598 2749 910 2824 innititur,
960 2748 1268 2830 sequenda
1316 2750 1412 2812 est
1439 2774 1502 2811 ».

407 2850 700 2916 Ceterum
747 2849 913 2932 quod
960 2848 1309 2915 Comitolus
1371 2850 1526 2915 nihil
1572 2850 1805 2916 habeat
1847 2870 2174 2916 commune
2221 2871 2363 2916 cum
2415 2852 2788 2934 probabilio-

320 2956 508 3032 ristiS,
542 2957 723 3039 patet
767 2974 838 3019 ex
876 2955 1156 3036 sequenti
1201 2955 1563 3036 quaestione
1606 2956 1707 3019 16.
1748 2956 2021 3020 eiusdem
2068 2956 2213 3020 libri
2247 2958 2305 3020 5.
2341 2956 2448 3020 ubi
2495 2958 2786 3038 proponit

318 3058 478 3122 hunc
532 3077 768 3122 casum.
809 3083 843 3115 «
874 3056 954 3120 N.
1003 3055 1297 3122 Sacerdos
1343 3057 1417 3121 de
1470 3059 1830 3122 contractus
1885 3058 2198 3122 iniustitia
2253 3058 2411 3121 nihil
2469 3057 2781 3134 dubitans

317 3180 500 3243 quem
547 3160 868 3242 poenitens
913 3160 1181 3234 inivit...,
1231 3178 1353 3224 non
1400 3159 1539 3223 vult
1601 3178 1745 3223 eum
1801 3159 2139 3232 absolvere,
2189 3158 2311 3221 nisi
2366 3177 2402 3221 a
2459 3160 2784 3222 contractu

315 3262 559 3327 recedat
606 3263 795 3344 atque
842 3262 1153 3336 restituat,
1203 3262 1261 3326 id
1313 3261 1479 3343 quod
1524 3281 1588 3325 se
1642 3262 1835 3342 negat
1878 3260 2196 3342 poenitens
2250 3259 2583 3335 facturum,
2620 3259 2786 3339 quod

315 3365 554 3429 iustum
601 3383 789 3428 suum
835 3364 1178 3430 arbitratur
1233 3383 1364 3428 esse
1419 3364 1832 3428 contractum.
1882 3360 2219 3440 Quaeritur
2266 3379 2344 3424 an
2389 3360 2526 3425 iure
2588 3360 2787 3443 possit

317 3486 386 3531 ac
408 3467 633 3531 debeat
670 3467 952 3532 sacerdos
989 3466 1331 3549 poenitenti
1362 3465 1821 3531 absolutionem
1852 3463 2153 3548 denegare
2191 3464 2408 3528 contra
2445 3482 2625 3528 suam
2659 3464 2787 3547 opi-

315 3575 649 3646 nionem...‚
691 3592 769 3637 an
801 3574 1191 3657 impertiri».
1218 3573 1389 3638 Haec
1421 3572 1704 3655 quaestio
1743 3573 1840 3636 est
1869 3571 2067 3636 veluti
2104 3571 2338 3656 Lydius
2376 3572 2598 3654 Lapis;
2638 3592 2785 3637 nam

314 3680 854 3762 probabilioristae
915 3682 1145 3765 negant
1193 3681 1465 3753 omnino,
1514 3698 1692 3763 posse
1747 3678 2191 3744 confessarium
2250 3680 2566 3745 absolvere
2619 3700 2783 3759 eum,

310 3802 515 3864 quem,
563 3802 598 3847 e
644 3783 948 3846 sententia
1011 3802 1145 3861 sua,
1194 3802 1369 3846 reum
1423 3782 1652 3866 reperit
1698 3781 2045 3847 iniustitiae
2101 3784 2164 3846 et
2225 3782 2537 3846 nolentem
2587 3782 2665 3846 ab
2713 3802 2783 3847 ea

313 3885 609 3949 recedere.

398 3986 516 4051 Sed
562 3985 914 4051 Comitolus
961 3987 1191 4050 statuit
1226 3985 1381 4050 duas
1429 3986 1541 4050 has
1587 3987 1827 4050 theses:
1873 3987 1940 4048 1⁰
1985 4010 2019 4042 «
2052 3983 2119 4048 Si
2164 3985 2520 4050 contractus
2573 3986 2783 4066 aperte

309 4092 580 4155 iniustus
619 4092 714 4154 est
747 4108 854 4153 nec
884 4089 1087 4153 ullum
1118 4108 1372 4173 gravem
1397 4093 1732 4172 patronum
1763 4088 1952 4151 habet
1989 4106 2183 4168 eaque
2220 4087 2501 4150 doctrina
2540 4087 2784 4151 excellit

309 4193 610 4268 sacerdos,
659 4193 736 4256 ut
781 4193 835 4256 ei
883 4193 1123 4256 credere
1180 4193 1389 4275 potius
1452 4211 1642 4274 quam
1705 4191 1845 4255 aliis
1892 4190 2113 4254 debeat
2167 4190 2522 4272 poenitens:
2572 4191 2781 4274 opinio

307 4295 682 4378 poenitentis
729 4294 912 4376 culpa
959 4313 1081 4359 non
1128 4297 1314 4358 vacat
1359 4296 1422 4358 et
1466 4294 1758 4378 indignus
1807 4293 1902 4356 est
1949 4292 2341 4356 absolutione
2374 4318 2435 4355 ».

488 4400 558 4461 2ο
603 4423 640 4455 «
677 4395 745 4461 Si
785 4397 1101 4480 poenitens
1141 4417 1176 4460 a
1209 4397 1516 4462 sententia
1554 4396 1846 4460 desistere
1893 4414 1955 4459 se
2004 4395 2168 4460 nolle
2207 4395 2316 4470 ait,
2359 4397 2457 4460 vel
2494 4396 2639 4478 quia
2689 4415 2784 4459 sa-

305 4501 619 4565 cerdotem
666 4498 928 4564 scientia
971 4498 1182 4574 vincit,
1231 4499 1330 4563 vel
1375 4499 1525 4580 quia
1572 4497 1923 4580 opinionem
1970 4516 2150 4561 suam
2198 4517 2235 4561 a
2281 4497 2555 4562 doctiore
2592 4517 2657 4562 se
2689 4516 2784 4560 ac-

304 4603 539 4686 cepisse
587 4602 885 4676 affirmat,
935 4601 1032 4664 vel
1078 4600 1225 4683 quia
1272 4601 1333 4665 in
1382 4619 1447 4664 re
1495 4599 1752 4681 ancipiti
1813 4598 2142 4682 pollicetur
2187 4617 2251 4662 se
2297 4598 2783 4662 deliberaturum
