3529 5158
343 379 493 456 [499]
1211 398 1486 440 Pncoa‘ra
1526 399 1949 443 resonamus
2698 390 2805 444 469

347 493 574 558 crimen
624 496 738 559 est.
789 493 854 558 Si
908 514 1054 579 ergo
1104 514 1422 577 nunquam
1468 498 1775 578 peccatur,
1827 499 2057 580 absque
2105 499 2336 563 actuali
2382 500 2802 576 1·eflexione...;
2902 483 2908 489 ’

345 596 591 660 nullum
638 600 733 662 est
764 599 1152 682 ignorantiae
1183 600 1247 663 et
1277 599 1851 665 inconsiderationis
1887 602 2116 666 crimen
2150 626 2211 665 ³».
2246 601 2485 667 Stulte:
2524 604 2612 667 610
2643 606 2806 668 6111111

347 719 395 762 6.
445 698 739 775 Τ11011166,
797 701 856 762 l.
894 701 952 763 2.
995 720 1053 780 q.
1107 700 1208 763 76.
1246 702 1363 764 art.
1401 703 1561 764 2.:«
1594 701 2000 768 Manifestum
2047 705 2143 768 661
2189 705 2418 783 61116111,
2467 706 2633 787 quod
2678 707 2810 787 qui-
2935 779 2936 782 Ἴ

346 820 609 882 cumque
641 801 905 884 negligit
948 801 1172 865 habere
1220 802 1317 865 vel
1363 801 1560 867 facere
1591 803 1655 867 id
1700 805 1867 886 quod
1913 806 2160 869 tenetur
2189 807 2412 871 habere
2457 809 2557 871 vel
2585 808 2802 888 facere,

348 905 557 987 peccat
580 905 829 986 peccato
855 903 1239 979 omissionis;
1266 904 1424 968 unde
1449 907 1699 989 propter
1713 906 2159 988 neyliycntiam
2183 909 2544 988 {morantia
2569 930 2802 988 eorum,

347 1026 504 1090 quae
537 1007 763 1088 aliquis
795 1007 950 1071 scire
988 1008 1255 1084 tenetur,
1289 1011 1382 1071 est
1397 1013 1722 1087 peccatum
1754 1035 1816 1073 ».
1851 1009 1972 1073 Ubi
2004 1010 2248 1075 habetis
2285 1015 2606 1093 peccatum
2637 1014 2810 1098 igno·

347 1110 585 1174 rantiae
621 1110 698 1173 ob
721 1110 1187 1194 negligentiam.
1215 1111 1297 1173 Et
1328 1111 1538 1174 exinde
1575 1113 1801 1194 repetit
1832 1113 2154 1194 peccatum
2185 1114 2248 1177 in
2288 1117 2508 1198 agente
2538 1135 2609 1179 ex
2635 1116 2807 1200 igno-

347 1213 550 1277 rantia
604 1214 659 1276 1.
696 1215 755 1276 2.
791 1233 849 1294 q.
889 1213 991 1275 76.
1027 1215 1144 1276 art.
1182 1215 1280 1276 3.:
1323 1236 1357 1270 «
1389 1212 1560 1277 Talis
1593 1214 1754 1277 enim
1793 1215 2172 1298 negligentia
2202 1215 2355 1280 facit
2384 1217 2804 1300 ignorantiam

345 1317 546 1398 ipsam
593 1334 723 1380 esse
770 1315 1189 1380 voluntariam
1235 1318 1300 1380 et
1344 1318 1768 1398 peccatum...:
1802 1320 1866 1379 et
1906 1316 2044 1380 ideo
2088 1318 2237 1382 talis
2282 1319 2635 1403 ignorantia
2683 1339 2802 1386 non

345 1419 599 1482 excusat
628 1418 911 1483 totaliter
943 1437 979 1481 a
1011 1421 1261 1500 peccato
1293 1444 1354 1481 ».

433 1520 759 1584 Praeterea
785 1520 1094 1584 reminisci
1126 1523 1488 1603 oportuerat
1519 1521 1834 1585 doctrinae
1865 1525 2209 1587 communis
2235 1524 2668 1608 theologorum
2701 1524 2805 1589 do-

343 1623 636 1698 centium,
671 1623 734 1684 vi
766 1621 922 1704 leyis
950 1623 1264 1686 hominem
1312 1622 1576 1706 obligari
1624 1623 1700 1685 ad
1738 1641 1831 1698 ea,
1866 1643 2025 1704 quae
2072 1624 2147 1687 ad
2186 1625 2380 1707 ipsius
2411 1626 2567 1709 legis
2605 1627 2808 1691 obser-

344 1727 661 1791 vationem
693 1728 840 1789 sunt
871 1726 1264 1800 necessaria;
1299 1726 1485 1804 atque
1519 1724 1655 1787 inde
1691 1724 1843 1801 fieri,
1880 1727 1952 1789 111
1982 1726 2091 1806 qui
2128 1727 2369 1790 omittit
2400 1728 2550 1791 haec
2579 1728 2801 1806 media,

340 1830 545 1914 legem
591 1829 767 1891 illam
815 1826 1047 1891 violare
1092 1826 1354 1889 dicatur.
1387 1826 1487 1889 Ita
1518 1846 1576 1889 v.
1611 1846 1703 1909 gr.
1745 1826 1849 1890 1116
1881 1828 1989 1908 qui
2035 1829 2281 1892 tenetur
2313 1829 2474 1893 alere
2521 1833 2804 1913 parentes

342 1933 404 1995 in
440 1930 807 1994 necessitate
853 1928 1163 2012 degenteS,
1198 1930 1410 2010 peccat
1447 1929 1660 1991 contra
1693 1931 2089 2011 praeceptum
2121 1931 2421 2014 Decalogi
2463 1932 2804 1997 honorandi

342 2034 647 2119 parentes,
687 2033 741 2096 si
775 2031 903 2095 otio
942 2031 1006 2094 et
1036 2030 1184 2094 ludo
1223 2029 1466 2094 deditus
1515 2049 1633 2095 non
1671 2030 1921 2095 laborat
1950 2032 2050 2095 vel
2085 2032 2138 2095 si
2184 2051 2307 2097 non
2337 2053 2401 2098 se
2447 2034 2649 2099 reddit
2677 2034 2806 2099 ido-

341 2156 527 2201 neum
558 2135 635 2199 ad
659 2133 1069 2198 laborandum
1099 2132 1162 2195 in
1195 2132 1487 2214 quapiam
1521 2134 1673 2196 arte.
1701 2131 1768 2196 Si
1799 2134 2122 2215 parochus,
2150 2136 2258 2215 qui
2288 2135 2495 2201 studio
2527 2137 2805 2221 indigeat

340 2239 419 2303 ad
450 2237 970 2321 praedicationem
1001 2237 1065 2299 et
1096 2253 1215 2298 non
1263 2234 1532 2310 studeat,
1566 2235 1718 2299 haec
1766 2235 2018 2300 omissio
2050 2256 2171 2301 non
2203 2242 2298 2301 est
2328 2258 2568 2303 merum
2602 2259 2805 2321 pecca·

341 2346 483 2406 tum
515 2339 802 2408 desidiae.
838 2339 943 2403 sed
976 2340 1072 2402 est
1102 2339 1424 2421 peccatum
1457 2335 1722 2400 violatae
1753 2338 2054 2410 iustitiae,
2086 2359 2211 2420 qua
2242 2341 2488 2404 tenetur
2523 2341 2586 2404 vi
2620 2340 2807 2406 officii

341 2446 440 2509 sui
474 2443 551 2507 ad
584 2442 754 2506 verbi
792 2441 985 2505 divini
1031 2439 1569 2523 praedicationem.
1604 2440 1705 2503 Ita
1736 2440 1790 2503 si
1828 2441 1928 2504 cui
1964 2441 2220 2504 animem
2247 2442 2521 2506 medium
2567 2444 2804 2508 vitandi

339 2549 588 2631 lapsum
612 2545 811 2609 carnis
837 2545 1000 2609 66661
1025 2543 1246 2620 oratic,
1266 2543 1478 2607 contra
1498 2542 1857 2607 castitatem
1880 2544 2110 2625 peccat,
2129 2542 2279 2608 dum
2302 2563 2511 2627 preces
2532 2546 2800 2624 omittit3

338 2652 488 2735 quia
513 2649 814 2734 obligatio
849 2647 1162 2712 castitatis
1193 2646 1459 2729 imponit
1490 2646 1935 2729 obligationem
1965 2646 2151 2710 medii
2185 2647 2261 2711 ad
2293 2666 2431 2713 eam
2454 2650 2798 2714 necessarii.

338 2758 393 2820 A
429 2754 565 2838 pari
598 2753 659 2817 in
692 2770 881 2816 causa
916 2750 1324 2835 ignorantiae.
1359 2746 1519 2813 Cum
1548 2748 1710 2812 enim
1743 2749 1970 2813 notitia
2001 2752 2468 2832 praeceptorum
2499 2753 2562 2815 61
2593 2752 2803 2816 adver-

337 2858 535 2924 tentia
560 2855 689 2920 sint
710 2853 911 2918 media
937 2853 1276 2917 necessaria
1301 2852 1378 2915 ad
1402 2851 1733 2916 eorundem
1760 2852 2271 2929 observationem,
2299 2855 2581 2936 quisquis
2603 2857 2799 2921 sciens

339 2982 411 3026 ac
442 2961 653 3025 volens
685 2957 950 3042 negligit
979 2957 1138 3020 hanc
1173 2956 1513 3031 scientiam,
1540 2957 1756 3018 contra
1788 2955 2001 3018 eadem
2034 2957 2358 3038 praecepta
2391 2958 2622 3037 peccat.
2656 2959 2802 3021 Dixi

335 3066 539 3129 sciens
576 3082 651 3126 ac
682 3060 932 3137 volens,·
968 3059 1116 3141 quia
1154 3059 1361 3140 aliquo
1386 3057 1569 3121 modo
1601 3057 1821 3120 noscat
1846 3058 2092 3137 oportet
2123 3056 2567 3138 obligationem
2613 3057 2800 3121 huius

331 3168 650 3233 scientiae.
686 3164 827 3228 Non
860 3166 1069 3227 tamen
1100 3161 1173 3226 de
1204 3162 1320 3225 hoc
1352 3179 1501 3222 casu
1531 3158 1704 3238 loqui
1736 3156 1983 3220 videtur
2016 3153 2217 3219 Croix.
2252 3156 2416 3238 Ergo
2449 3157 2799 3222 criminatio

334 3254 471 3347 illa,
520 3268 945 3349 undecumque
992 3266 1241 3329 demum
1287 3261 1671 3344 inspiciatur,
1721 3259 2106 3322 calumniosa
2153 3259 2249 3321 est
2295 3260 2357 3322 et
2403 3259 2683 3323 inscitiae
2729 3280 2802 3323 ac

336 3392 521 3439 caeco
553 3370 747 3436 furori
779 3388 1029 3454 prorsus
1062 3367 1336 3431 debetur.

429 3471 609 3546 499.
659 3473 798 3539 Non
846 3475 941 3537 est
990 3468 1332 3536 omittenda
1379 3466 1514 3530 heic
1558 3463 1863 3547 quaesti0‚
1907 3483 2030 3545 qua
2078 3463 2255 3528 abuti
2300 3464 2502 3529 solent
2545 3465 2802 3531 fanatici

337 3578 785 3644 declamatores
823 3572 1139 3658 praedicti,
1174 3591 1251 3634 an
1299 3569 1533 3634 scilicet
1562 3566 1839 3631 excusari
1876 3565 2139 3631 debcant
2170 3586 2206 3630 a
2253 3568 2523 3650 peccato,
2560 3567 2803 3633 defectu

339 3679 780 3755 advertentiae,
831 3676 1112 3741 scelerati
1158 3674 1456 3748 homineS‚
1507 3670 1614 3752 qui
1661 3668 2051 3752 passionibus
2106 3688 2176 3733 ac
2230 3669 2437 3752 pravis
2482 3670 2803 3734 habitibus

337 3783 648 3850 excaecati
693 3782 875 3863 plura
921 3779 1089 3842 mala
1134 3778 1389 3860 patrant
1418 3774 1548 3838 sine
1586 3772 1990 3837 advertentia.
2032 3772 2170 3836 Hoc
2213 3772 2375 3835 enim
2422 3771 2799 3853 insipienter,

336 3887 502 3951 sicut
535 3886 602 3948 et
630 3884 881 3967 peccata
914 3878 1410 3963 crucifigentium
1432 3874 1753 3939 Christum
1785 3875 2122 3938 Dominum
2172 3872 2470 3936 obiiciunt
2500 3873 2563 3935 et
2595 3891 2803 3954 expro-

340 3989 546 4065 brant,
581 3985 763 4067 quasi
796 3984 860 4047 hi
892 3983 1074 4065 culpa
1108 3981 1273 4046 omni
1307 3981 1368 4043 in
1401 3977 1715 4042 communi
1744 3977 2050 4040 sententia
2082 3976 2350 4038 careant.

425 4087 803 4173 Negandum
836 4086 1072 4149 scilicet
1117 4102 1259 4148 cum
1306 4080 1491 4146 Croix
1520 4079 1627 4143 lib.
1665 4079 1725 4141 5.
1759 4098 1819 4141 n.
1855 4079 1960 4140 21.
1997 4078 2059 4140 61
2090 4096 2138 4140 6.
2173 4074 2511 4158 Alphonso‚
2547 4075 2654 4157 qui
2699 4076 2805 4142 do-

334 4192 605 4256 ctrinam
642 4206 1033 4253 communem
1078 4184 1416 4269 proferunt,
1458 4183 1638 4247 hosce
1684 4180 2060 4256 excaecatos,
2094 4178 2475 4255 habituatoS,
2524 4178 2639 4242 etc.
2679 4198 2800 4244 non

334 4295 566 4359 habere
614 4289 1034 4374 cognitionem
1066 4288 1263 4351 ullam
1293 4285 1465 4350 mali.
1497 4285 1686 4349 Aliud
1720 4284 1817 4347 est
1853 4282 2016 4346 enim
2047 4300 2167 4346 non
2215 4299 2596 4364 cognoscere,
2632 4282 2801 4347 aliud

332 4394 785 4482 parvipendere
816 4391 898 4459 id.
935 4389 1102 4472 quod
1141 4388 1402 4453 rationis
1434 4388 1643 4451 lumen
1676 4385 1962 4451 omnibus
2006 4384 2267 4449 insitum
2315 4402 2525 4447 omnes
2569 4388 2799 4450 monet.

331 4496 742 4563 Confundunt
790 4493 920 4557 scil.
962 4491 1069 4556 isti
1115 4490 1349 4575 egregii
1394 4489 1812 4573 cognitionem
1857 4506 2000 4550 cum
2046 4485 2328 4550 tumultu
2373 4486 2799 4551 conscientiae.

328 4600 532 4666 Addit
556 4617 606 4662 s.
630 4596 989 4679 Alphonsus
1018 4593 1127 4656 lib.
1164 4594 1223 4656 5.
1256 4611 1317 4655 n.
1357 4593 1418 4654 4.
1446 4609 1617 4674 prop.
1651 4589 1755 4653 fin.
1791 4590 2008 4671 utique
2037 4588 2205 4670 ipsos
2237 4588 2515 4652 homines
2546 4588 2802 4653 subinde
