3529 5158
925 404 1411 445 Pnoposrrlonun
1448 405 1900 447 DAuNATARUM.
1941 407 1981 447 A
2020 406 2120 446 1³10
2161 405 2239 446 vl.
2723 409 2784 449 LI

335 504 554 566 lantes
586 505 763 565 latas
791 505 931 565 dux
962 506 1072 566 vel
1103 503 1400 565 officialis
1432 504 1733 585 militiae,
1767 510 2124 582 acceptans
2155 504 2452 564 duellum
2483 521 2565 566 ex
2596 506 2789 583 gravi

338 598 524 655 metu
562 594 939 654 amissionis
971 594 1186 654 famae
1218 599 1285 653 et
1314 594 1532 654 officii.

427 687 487 743 4.
522 682 813 743 Licitum
847 688 970 758 est,
1021 683 1091 742 in
1137 686 1320 743 statu
1368 683 1656 743 hominis
1704 684 2019 760 naturali,
2060 688 2405 759 acceptare
2439 688 2508 744 et
2552 684 2789 744 offerre

336 772 656 850 duellum,
695 772 782 831 ad
806 771 1172 833 servandas
1203 788 1354 832 cum
1385 773 1633 832 honore
1667 774 1993 849 fortunas,
2027 771 2298 847 quando
2336 773 2466 833 alio
2497 773 2788 833 remedio

335 877 562 922 earum
602 862 861 921 iactura
888 859 1263 937 propulsari
1298 861 1552 935 nequit.

428 953 488 1011 5.
540 953 823 1010 Asserta
867 949 1142 1011 licentia
1185 966 1306 1025 pro
1352 954 1539 1010 statu
1583 952 1897 1027 naturali,
1948 950 2272 1028 applicari
2320 952 2516 1011 etiam
2565 954 2790 1026 potest

338 1040 548 1099 statui
595 1038 896 1100 civitatis
944 1040 1116 1100 male
1161 1037 1526 1116 ordinatae,
1576 1039 1644 1099 in
1678 1057 1814 1116 qua
1844 1039 2181 1117 nimirum,
2234 1041 2342 1100 vel
2375 1041 2789 1118 negligentia

339 1129 452 1187 vel
482 1129 740 1188 malitia
769 1129 1225 1206 magistratus,
1267 1128 1533 1188 iustitia
1561 1132 1792 1205 aperte
1824 1129 2216 1207 denegatur.

431 1216 794 1277 Damuatac
848 1235 924 1277 ac
964 1217 1320 1295 prohibitae
1365 1222 1687 1292 tanquam
1741 1219 1972 1292 falsae,
2034 1219 2465 1281 scandalosae
2517 1236 2594 1279 ac
2639 1236 2786 1295 per·

336 1322 645 1368 melosae.

1328 1504 1548 1564 NUM.
1595 1505 1788 1564 XVI.

342 1647 814 1727 Propositioues
837 1652 943 1708 85.
960 1647 1197 1725 Synodi
1221 1647 1617 1708 dioecesanae
1642 1646 2071 1724 Pistoricucis,
2099 1649 2439 1708 damnatae
2463 1668 2502 1707 a·
2526 1649 2646 1709 Pio
2671 1648 2788 1709 VI.

513 1738 962 1797 cothitutioue
995 1740 1354 1796 Auctorem
1412 1735 1602 1797 Fidei
1639 1742 1747 1796 etc.
1786 1739 1889 1796 28.
1938 1738 2215 1812 Auyusti
2248 1741 2458 1815 1794„
2493 1756 2649 1814 quae
2694 1739 2791 1796 iu-

512 1832 687 1904 teara
718 1827 1058 1886 exhibetur.

345 1983 747 2047 &vect-issimi
790 1985 1056 2046 Domini
1103 1986 1307 2044 nostri
1364 1984 1629 2044 Domini
1677 1985 1787 2044 Pii
1841 1985 2059 2045 diviua
2115 1985 2526 2047 Providentia
2574 1987 2793 2066 Papae

518 2076 693 2136 Sexti
752 2076 1083 2135 demutatio
1148 2074 1615 2152 quamplurium
1678 2076 2180 2151 propositionum
2229 2083 2662 2153 cccc-emtarum
2718 2096 2793 2138 ca·

515 2164 678 2224 libro
726 2165 947 2224 ital-ico
997 2164 1297 2223 idiomate
1343 2163 1644 2240 impresso
1691 2163 1803 2223 sub
1854 2166 2041 2223 titulo
2089 2164 2244 2225 Atti
2292 2183 2328 2225 e
2384 2166 2632 2227 decreti
2682 2168 2788 2227 del

513 2254 814 2315 Concilio
864 2253 1215 2313 diocesano
1241 2252 1316 2311 'di
1365 2253 1622 2313 Pistoia
1654 2252 1990 2313 dell⁷anno
2040 2256 2232 2313 1786.
2268 2255 2336 2312 in
2369 2256 2626 2316 Pistoia
2673 2273 2790 2334 per

513 2345 685 2404 Atto
734 2343 999 2403 Bracali
1053 2344 1459 2417 stampatore
1515 2342 1847 2401 vescovile
1903 2359 2024 2402 con
2081 2344 2589 2421 approvazione,
2649 2363 2787 2404 cum

498 2432 930 2510 prohibitione
960 2432 1229 2491 ciusdem
1266 2430 1415 2489 libri
1449 2436 1505 2489 ct
1539 2432 1816 2489 aliorum
1848 2448 2369 2507 quorumcumque
2401 2433 2468 2490 in
2515 2435 2648 2493 cius
2685 2435 2786 2493 dc-

506 2521 849 2594 fencionem
886 2527 1014 2581 tam
1031 2520 1271 2599 forscm
1310 2521 1619 2579 editorum
1645 2537 1832 2597 quam
1871 2521 1938 2579 in
1975 2526 2298 2598 posterum
2343 2521 2738 2583 edendorum.

858 2684 1021 2744 Pius
1053 2684 1427 2759 Episcopus
1463 2683 1712 2743 Servus
1746 2683 2104 2744 Servorum
2139 2684 2259 2744 Dei

375 2775 716 2836 universis
749 2773 1299 2833 christifidelibus
1324 2773 1604 2833 salutem
1632 2777 1704 2833 et
1734 2774 2162 2848 apostolicam
2194 2774 2742 2836 benedictionem.

415 2923 785 2980 Auctorem
821 2916 973 2977 fidei
1006 2921 1079 2977 et-
1109 2920 1707 2976 consummatorem
1742 2917 1963 2977 Iesum
1995 2918 2417 2996 aspicientes,
2446 2937 2567 2980 nos
2598 2920 2788 2986 iubet

326 3009 706 3086 Apostolus
738 3007 822 3083 (a)
856 3006 1091 3066 sedulo
1122 3005 1490 3080 recogitare
1522 3006 1787 3081 qualem
1826 3010 2280 3083 quantamque
2311 3009 2425 3068 ille
2463 3010 2790 3070 sustinuit

323 3117 366 3161 a
395 3096 868 3175 peecatoribus
907 3095 1262 3156 adversum
1309 3094 1737 3170 semetipsum
1788 3096 2399 3196 contradictionem,
2440 3103 2518 3157 ut
2563 3115 2647 3158 ne
2693 3098 2788 3159 la-

326 3187 613 3250 boribus
634 3191 705 3246 et
738 3184 1054 3260 periculis
1086 3183 1437 3260 defatigati
1464 3183 1850 3244 deficiamus
1872 3184 2236 3260 aliquando
2266 3185 2509 3244 animis
2541 3187 2788 3245 nostris

325 3293 639 3354 peneque
687 3274 1132 3334 concidamus.
1169 3273 1315 3332 Hac
1346 3272 1783 3332 saluberrima
1814 3271 2220 3346 cogitatione
2249 3271 2498 3330 muniri
2545 3289 2666 3330 nos
2711 3290 2789 3348 ac

325 3366 515 3429 refici
538 3368 685 3425 tum
707 3363 993 3424 maxime
1019 3363 1465 3423 necessarium
1495 3365 1619 3437 est,
1646 3377 1796 3420 cum
1819 3359 2141 3420 adversus
2165 3376 2277 3419 cor
2279 3377 2407 3435 pus
2432 3359 2790 3435 ipsummet

330 3454 613 3531 Christi,
662 3453 825 3530 quod
872 3458 963 3512 est
1006 3451 1291 3512 Ecclesia
1342 3451 1452 3529 (b),
1488 3449 1675 3510 dirae
1720 3448 1919 3510 istius
1952 3465 2076 3508 nec
2106 3465 2405 3525 unquam
2451 3449 2790 3512 desiturae

326 3542 818 3608 coniurationis
848 3547 1075 3602 aestus
1103 3541 1323 3602 acrius
1355 3539 1756 3601 exardescit:
1798 3544 1876 3599 ut
1912 3555 1953 3599 a
1989 3538 2279 3600 Domino
2316 3539 2668 3601 confortati
2720 3545 2790 3602 et

324 3635 399 3695 in
431 3631 745 3710 potentia
776 3630 1053 3691 virtutis
1085 3631 1254 3705 eius,
1304 3635 1492 3691 scuto
1524 3629 1715 3689 Fidei
1760 3628 2067 3704 protecti,
2117 3629 2427 3690 resistere
2457 3629 2791 3706 possimus

325 3725 395 3786 in
433 3722 549 3784 die
586 3721 764 3782 malo
786 3725 857 3781 et
887 3721 1109 3780 omnia
1133 3719 1268 3780 tela
1302 3718 1704 3794 iniquissimi
1740 3717 1938 3795 ignea
1964 3720 2393 3796 exstinguere
2424 3719 2522 3794 (c).
2559 3720 2640 3778 In
2665 3720 2791 3780 hoc

324 3829 494 3874 sane
525 3817 715 3872 motu
746 3813 1139 3886 temporum,
1189 3809 1260 3867 in
1295 3809 1419 3869 hac
1457 3825 1674 3868 rerum
1707 3808 2289 3882 perturbatissime
2334 3808 2788 3887 conversione,

322 3901 563 3979 gravis
592 3903 699 3961 est
729 3898 1001 3975 quidem
1032 3899 1228 3959 bonis
1272 3897 1581 3958 omnibus
1628 3901 1865 3956 contra
1894 3913 2122 3956 omnes
2154 3897 2482 3971 cuiusque
2526 3898 2791 3972 generis

323 3989 683 4054 christiani
709 3989 998 4049 nominis
1020 3988 1248 4048 hostes
1272 3987 1656 4046 colluctatio
1680 3985 2057 4046 subeunda:
2090 3986 2362 4061 gravior
2391 3984 2607 4054 nobis,
2642 3985 2790 4059 qui-

322 4080 476 4157 bus,
505 4097 627 4156 pro
642 4078 901 4140 credita
920 4076 1255 4138 Pastorali
1281 4080 1549 4135 nostrae
1571 4073 2012 4136 sollicitudini
2038 4073 2281 4150 Gregis
2305 4072 2516 4135 totius
2539 4091 2698 4134 cura
2722 4077 2793 4138 et

322 4168 809 4242 moderatione,
846 4166 1051 4225 maior
1082 4164 1322 4225 carectis
1354 4163 1739 4224 christianae
1771 4163 2124 4242 Reliyionis
2147 4163 2315 4223 zelus
2347 4163 2648 4224 incumbit
2674 4163 2787 4244 (d).

399 4464 468 4515 (a)
500 4462 579 4504 Aa
596 4462 738 4504 Reor.
761 4462 841 4503 11.

402 4514 475 4566 (b)
499 4515 577 4557 Ad
607 4513 771 4558 Οοιοσε.
800 4515 839 4556 1.

402 4570 469 4620 (c)
493 4568 573 4610 Aa
590 4569 754 4621 ma.
784 4568 861 4610 VI.

402 4621 474 4675 (d)
496 4621 547 4664 S.
568 4621 788 4667 Sinciue.
811 4620 873 4663 ad
895 4620 1179 4663 Himerium
1198 4619 1621 4662 Tarraconensem
1638 4616 1785 4669 epist.
1805 4617 1937 4670 apud
1958 4616 2218 4666 Constant.
