3529 5158
677 359 787 416 420
1182 366 1396 409 maor.
1438 368 1527 409 111.
1564 368 1650 407 nn
1685 366 1967 409 nmmos,
2004 366 2203 408 estur
2240 367 2321 408 rv.
2362 366 2507 407 nun.
2545 365 2627 407 rv.
2996 347 3137 424 [435]

680 470 824 535 actu
861 467 1183 552 procedere
1215 486 1286 530 ex
1316 466 1484 529 certa
1514 465 1771 530 scientia
1805 464 2010 540 debet;
2045 463 2193 545 quia
2240 464 2295 527 si
2339 463 2403 527 id
2449 463 2713 547 ignoret,
2754 480 2878 526 non
2911 461 3141 545 poterit

677 572 970 638 voluntas
1017 570 1092 634 ad
1138 569 1296 633 illud
1343 568 1687 633 tollendum
1718 567 1979 640 extendi,
2013 567 2163 648 quia
2210 566 2506 630 voluntas
2554 584 2677 629 non
2709 566 2906 629 fertur
2937 566 3003 630 in
3049 566 3141 629 in-

677 676 1017 759 cognitum
1061 673 1151 737 De
1194 672 1311 735 hac
1356 689 1538 753 porro
1583 669 1862 747 scientia,
1895 668 2060 751 quod
2092 669 2321 733 attinet
2352 669 2428 732 ad
2463 668 2878 733 conscientiae
2914 667 3138 744 forum,

677 777 833 843 satis
857 778 952 840 est
982 776 1057 838 ut
1088 774 1330 838 constet
1365 773 1483 855 ipsi
1514 771 1868 854 dispensato
1900 789 2288 851 quacumque
2318 770 2577 845 ratione,
2618 770 2748 834 sive
2775 770 2925 852 quia
2958 790 3017 834 v.
3046 790 3137 855 gr.

677 879 939 962 ipsemet
984 876 1290 941 defectum
1337 894 1524 940 suum
1569 873 1814 956 aperuit
1858 873 2158 955 praelate,
2208 872 2335 936 sive
2381 872 2530 953 quia
2576 874 2744 936 certo
2794 872 2931 950 scit,
2981 873 3141 936 hunc

676 981 774 1046 illi
819 999 951 1044 esse
996 981 1236 1044 notum.
1278 978 1350 1041 In
1388 976 1521 1041 foro
1560 977 1770 1041 tamen
1800 976 2050 1039 externo
2080 974 2156 1052 ei,
2190 974 2298 1056 qui
2330 974 2851 1057 dispensationem
2883 975 3140 1039 tacitam

678 1085 931 1168 allegat,
993 1080 1308 1146 incumbet
1366 1079 1645 1163 probare,
1701 1078 2052 1162 praelatum
2099 1096 2170 1140 ex
2209 1079 2375 1141 certa
2421 1077 2684 1141 scientia
2730 1077 3137 1160 processisse:

677 1186 936 1251 scientia
967 1185 1130 1249 enim
1165 1182 1318 1247 facti
1344 1201 1470 1247 non
1503 1182 1938 1265 praesumitur,
1978 1180 2082 1243 sed
2114 1178 2362 1262 probari
2393 1179 2601 1244 debet.
2653 1177 2831 1244 Suar.
2866 1178 2941 1242 de
2988 1178 3138 1260 Ley.

679 1289 788 1353 lib.
817 1289 879 1352 6.
910 1288 953 1351 l.
986 1288 1087 1350 13.
1120 1307 1181 1350 n.
1219 1286 1322 1349 24.

787 1442 964 1497 XCIV.
991 1444 1040 1495 7.
1070 1441 1164 1510 Qui
1199 1440 1476 1508 impetravit
1513 1437 1926 1506 dispensationem
1958 1438 2030 1505 (v.
2062 1452 2134 1502 gr.
2164 1435 2210 1491 in
2248 1434 2593 1502 impedimento
2621 1434 2879 1490 dirimente
2905 1435 3143 1489 matrimo-

680 1527 836 1599 nium)
872 1535 921 1582 et
957 1542 1045 1593 per
1083 1526 1405 1592 ignorantiam
1446 1527 1524 1579 vei
1562 1523 1921 1591 simplicitatem
1962 1520 2204 1589 expressit
2244 1535 2440 1575 causam
2479 1522 2664 1584 falsam,
2694 1535 2807 1575 eum
2846 1520 3010 1575 valide
3035 1536 3142 1574 con·

680 1617 876 1667 trabere
913 1610 1288 1673 matrimonium,
1317 1609 1436 1663 dicit
1461 1612 1600 1662 Pont-
1626 1606 1692 1662 ἀι
1713 1608 1881 1664 Matr.
1908 1611 1941 1659 Ι.
1969 1609 2016 1658 8.
2044 1621 2087 1660 c.
2118 1608 2200 1658 16.
2225 1620 2289 1660 ex
2315 1622 2357 1660 c.
2389 1606 2529 1661 Cum
2554 1605 2704 1660 inter
2735 1604 2802 1660 de
2825 1603 2979 1660 Sent.
3008 1608 3059 1660 et
3086 1620 3146 1660 re

680 1696 845 1753 indic.
871 1699 968 1750 Sed
993 1694 1287 1750 contrarium
1312 1698 1457 1748 tenet.
1488 1694 1587 1747 Pal.
1614 1697 1730 1747 tom.
1760 1694 1809 1744 4.
1836 1697 1870 1744 t.
1898 1694 1947 1745 3.
1977 1693 2026 1745 d.
2051 1692 2101 1744 6.
2132 1706 2178 1758 p.
2203 1694 2283 1745 {6-
2311 1690 2346 1760 ξ
2372 1692 2423 1744 5.
2449 1705 2512 1745 ex
2536 1704 2656 1760 cap.
2681 1690 2817 1759 Sup.
2842 1689 3059 1754 litteris,
3077 1688 3143 1745 de

684 1780 1003 1849 Rescriptis:
1034 1795 1079 1831 v.
1108 1778 1248 1833 Dian.
1279 1794 1323 1845 p.
1355 1781 1401 1831 8.
1435 1785 1468 1830 ι.
1497 1779 1543 1831 3.
1574 1791 1614 1829 r.
1643 1779 1727 1829 69.
2024 1800 2026 1803 ·

774 1904 953 1978 435.
1004 1906 1194 1989 Saepe
1231 1905 1504 1983 obreptio
1556 1902 1954 1968 confimditur
1984 1921 2126 1966 cum
2169 1901 2602 1982 subreptione,·
2648 1904 2893 1985 proprie
2942 1906 3147 1970 tamen

683 2010 996 2073 diversum
1041 2007 1189 2089 quid
1227 2007 1470 2071 sonant.
1505 2005 1668 2069 Nam
1698 2005 1970 2084 obreptio
1992 2004 2237 2087 proprie
2268 2004 2495 2069 dicitur
2525 2005 2844 2068 committi
2876 2025 2985 2088 per
3006 2026 3150 2069 nar-

684 2111 988 2175 rationem
1034 2109 1132 2173 vel
1168 2108 1615 2191 expressionem
1661 2107 1832 2182 falsi;
1865 2106 2179 2186 subreptio
2211 2107 2423 2170 autem
2454 2125 2563 2190 per
2613 2107 3007 2172 reticentiam
3039 2128 3148 2173 seu

686 2211 1179 2295 suppressionem
1210 2210 1360 2274 veri.

774 2316 865 2378 De
910 2313 1026 2377 hac
1056 2333 1121 2376 re
1153 2311 1553 2377 Reiffenstuel
1598 2313 1662 2375 in
1693 2311 1801 2375 lib.
1840 2313 1896 2374 1.
1937 2312 2036 2374 tit.
2072 2311 2133 2374 3.
2161 2331 2221 2374 n.
2252 2311 2428 2374 154.:
2469 2335 2507 2368 ‹
2543 2309 2848 2375 Nonnulli
2897 2311 3139 2385 volunt,

680 2417 846 2500 quod
879 2416 1155 2499 obreptio
1193 2416 1627 2480 committatur
1649 2433 1756 2497 per
1788 2413 1928 2478 falsi
1959 2414 2398 2490 narrationem,
2438 2412 2766 2496 subreptio
2793 2416 3007 2479 autem
3040 2434 3149 2498 per

680 2520 813 2585 veri
858 2518 1371 2583 taciturnitatem.
1433 2518 1506 2581 ln
1557 2534 1681 2599 quo
1728 2535 1913 2579 sensu
1958 2515 2353 2599 Rescriptum
2399 2515 2632 2581 dicitur
2678 2518 3146 2602 subreptitium,

682 2622 926 2706 quando
974 2621 1347 2704 impetratur
1398 2620 1594 2683 tacita
1623 2619 1887 2683 veritate
1922 2619 2264 2683 necessaria
2295 2619 2690 2703 explicanda:
2742 2621 3154 2706 obreptitium

684 2743 849 2799 vero,
882 2723 1127 2805 quando
1173 2722 1546 2803 impetratur
1576 2739 1859 2803 expressa
1894 2720 2191 2785 falsitate.
2217 2721 2299 2785 Et
2319 2722 2414 2786 ita
2451 2723 2669 2787 tenent
2700 2723 2910 2806 plures
2944 2726 3149 2801 DD...,

683 2829 795 2909 qui
818 2824 1070 2909 proinde
1095 2824 1350 2900 addunt,
1378 2823 1542 2904 quod
1557 2824 1761 2887 maius
1786 2825 1882 2888 est
1902 2823 2130 2888 vitium
2154 2824 2549 2907 obreptioniS,
2583 2845 2774 2908 quam
2805 2828 3155 2912 subreptio·

684 2930 810 3005 nis;
837 2948 981 2992 cum
1005 2927 1261 3013 gravius
1292 2945 1424 2990 esse
1454 2925 1777 3008 reputetur
1807 2925 2036 2991 falsum
2060 2928 2414 3010 exprimere,
2447 2947 2638 3009 quam
2676 2948 2892 2994 verum
2926 2933 3149 2996 tacere.

685 3033 813 3098 Alii
843 3051 988 3098 vero
1035 3029 1428 3113 Rescriptum
1475 3028 1914 3112 subreptitium
1962 3029 2278 3112 appellant
2315 3030 2492 3108 illud,
2527 3031 2692 3112 quod
2737 3033 3151 3115 impetratum

685 3135 807 3200 fuit
851 3152 1134 3217 expressa
1179 3131 1474 3208 falsitate,
1516 3131 1612 3195 vel
1659 3132 1852 3195 tacita
1884 3132 2174 3197 veritate:
2216 3132 2621 3216 obreptitium
2652 3152 2819 3211 vero,
2856 3135 3029 3216 quod
3059 3138 3153 3200 est

683 3238 1089 3322 impetratum
1120 3236 1236 3300 sub
1266 3235 1587 3299 involucro
1618 3235 1967 3312 verborum,
2002 3236 2155 3317 puta
2198 3236 2428 3300 ironice
2460 3237 2557 3300 vel
2593 3236 2815 3301 callide
2838 3238 3148 3320 loquendo

684 3342 812 3405 sive
843 3338 1264 3422 supplicando,
1295 3339 1388 3401 ita
1413 3337 1486 3399 ut
1507 3337 1680 3419 Papa
1710 3355 1832 3401 non
1857 3337 2157 3420 percipiat
2193 3338 2521 3402 veritatem
2545 3363 2611 3400 ».
2646 3362 2683 3397 «
2724 3338 3152 3406 Nihilominus

686 3443 773 3523 (n.
828 3442 1004 3524 153.)
1049 3442 1200 3504 haec
1244 3439 1367 3504 duo
1415 3439 1660 3521 saepius
1691 3439 1853 3503 inter
1897 3457 1961 3502 se
1992 3438 2517 3504 confunduntur...
2566 3442 2631 3506 et
2667 3441 2974 3525 quidquid
3012 3445 3156 3509 dici·

688 3546 792 3608 tur
829 3543 901 3606 de
946 3561 1090 3618 uno,
1139 3541 1328 3605 etiam
1364 3541 1600 3605 dictum
1631 3541 2008 3626 intelligitur
2037 3541 2112 3605 de
2149 3541 2412 3607 altero...
2439 3543 2697 3608 Praeter
2730 3547 3151 3613 auctoritates

689 3646 823 3709 DD.
873 3643 959 3725 (n.
1016 3644 1210 3726 155.)‚
1260 3643 1559 3725 probatur
1605 3662 1674 3708 ex
1720 3645 1763 3708 l.
1805 3645 1860 3706 1.
1894 3643 1961 3707 C.
2003 3641 2079 3708 Si
2120 3645 2394 3724 nuptiae,
2445 3645 2552 3710 ubi
2599 3647 2852 3714 eaedem
2898 3649 3157 3715 litterae

688 3747 870 3812 modo
912 3747 1260 3826 obreptione
1279 3767 1540 3826 precum
1568 3747 1752 3811 modo
1784 3747 2175 3826 subreptione
2206 3767 2470 3828 precum
2498 3749 2824 3832 impetrari
2855 3747 3158 3817 dicuntur

685 3854 749 3916 et
793 3852 881 3916 sic
925 3851 990 3915 hi
1037 3850 1284 3913 termini
1331 3850 1492 3913 inter
1538 3869 1602 3913 se
1648 3849 2112 3913 confunduntur
2158 3868 2230 3913 ac
2276 3868 2386 3933 pro
2435 3852 2797 3936 synonymis
2840 3853 3161 3937 accipiun-

688 3955 791 4018 tur
823 3980 883 4016 ».
919 3952 1094 4033 Quod
1125 3951 1340 4016 deinde
1372 3952 1595 4034 probat
1626 3951 1766 4014 aliis
1797 3951 2069 4015 textibus
2099 3951 2254 4016 iuris
2285 3953 2422 4016 tum
2454 3950 2587 4016 civ.
2624 3956 2761 4017 tum
2792 3951 2946 4018 Can.

774 4055 1070 4120 Generale
1106 4074 1288 4138 porro
1328 4053 1698 4137 principium
1736 4054 1848 4130 est,
1889 4054 2254 4137 rescriptum
2298 4073 2408 4119 seu
2438 4054 2969 4138 dispensationem
3021 4076 3157 4122 esse

686 4159 924 4224 nullam
953 4177 1063 4223 nec
1091 4157 1571 4241 impetrantibus
1615 4154 1921 4238 prodesse,
1963 4157 2473 4240 quotiescumque
2520 4158 2731 4239 aliquo
2783 4177 2856 4222 ex
2902 4158 3158 4224 duobus

688 4260 1014 4344 praedictis
1043 4261 1215 4324 vitiis
1244 4260 1503 4324 laboret.
1538 4258 1726 4323 Ratio
1753 4261 1867 4332 est,
1900 4260 2048 4341 quia
2071 4260 2135 4324 in
2160 4260 2441 4342 quolibet
2468 4261 2771 4343 rescripto
2812 4261 2913 4325 vel
2946 4264 3163 4342 estpri-

688 4365 881 4427 mitur
904 4364 1001 4428 vel
1024 4360 1520 4443 subintelligitur
1540 4361 1857 4426 clausula:
1882 4362 1942 4425 si
1969 4363 2064 4426 ita
2081 4366 2191 4438 est,
2224 4363 2285 4427 si
2294 4382 2515 4442 preces
2545 4362 2808 4426 veritate
2836 4364 3159 4428 nitantur.

690 4467 884 4548 Atqui
916 4466 1054 4529 tum
1093 4464 1369 4546 obreptio
1401 4466 1538 4528 tum
1586 4464 1901 4547 subreptio
1940 4465 2268 4530 veritatem
2299 4465 2489 4540 tollit,
2529 4465 2679 4529 haec
2712 4464 2966 4545 quidem
3014 4485 3162 4531 earn

691 4568 970 4640 tacendo,
1019 4566 1129 4630 illa
1176 4585 1318 4630 vero
1363 4566 1706 4631 falsitatem
1752 4567 2051 4648 ponendo
2100 4567 2265 4652 Ergo
2312 4585 2703 4650 quocumque
2743 4585 2813 4630 ex
2847 4566 2946 4630 his
2992 4567 3158 4632 vitio
