3529 5158
731 353 839 408 386
1252 365 1464 407 rnAo‘r.
1506 366 1593 407 111.
1633 366 1718 405 nn
1754 365 2035 409 19919119.
2073 367 2272 409 099111
2309 367 2390 409 1v.
2430 367 2571 407 nun.
2610 365 2690 407 11.
3055 343 3203 421 [395]

733 465 863 528 lam
910 481 1163 528 causam
1210 463 1579 529 discriminis
1625 483 1690 528 se
1738 483 1919 530 onere
1963 465 2121 549 legis
2167 482 2429 546 pressoS,
2473 463 2629 528 alios
2684 480 2827 526 vero
2883 458 3196 542 exemptos

735 574 1013 636 cernunt.
1041 572 1140 635 Ita
1181 591 1229 635 s.
1265 571 1485 636 Thom.
1527 573 1581 635 1.
1625 573 1684 635 2.
1721 592 1779 654 q.
1823 572 1927 636 97.
1970 575 2086 636 art.
2130 574 2190 634 4.
2265 596 2301 629 «
2334 570 2399 635 Si
2446 572 2658 635 autem
2692 569 2923 650 absque
2954 568 3072 631 hac
3107 586 3198 630 ra-

735 674 904 738 tione
927 693 1038 756 pro
1087 675 1220 739 sola
1269 675 1594 739 voluntate
1640 675 1958 740 licentiam
2003 675 2246 740 tribuat
2276 693 2398 740 non
2446 674 2566 739 erit
2610 672 2809 737 fidelis
2854 672 2919 735 in
2966 670 3199 753 dispen-

734 776 975 841 satione
1008 778 1121 841 aut
1151 778 1269 841 erit
1304 778 1687 860 imprudens:
1725 777 1989 842 infidelis
2037 777 2306 860 quidem,
2340 777 2394 842 si
2423 795 2546 841 non
2577 775 2766 840 habet
2795 773 3199 837 intentionem

736 879 813 943 ad
837 879 1070 945 bonum
1093 899 1444 945 commune:
1465 880 1820 963 imprudens
1838 884 2050 945 autem
2067 882 2121 944 si
2143 881 2452 945 rationem
2468 876 2861 962 dispensandi
2873 875 3124 960 ignoret
3137 900 3196 937 ›.

824 979 997 1060 Quod
1029 1001 1169 1047 vero
1202 983 1393 1046 etiam
1425 984 1650 1065 peccet,
1685 983 1881 1065 quiin
1913 984 2029 1047 tali
2053 1002 2200 1047 casu
2232 983 2409 1066 petit,
2442 982 2606 1046 ratio
2638 983 2751 1059 est,
2787 980 2934 1062 quia
2966 978 3203 1042 inducit

735 1083 1224 1167 dispensatorem
1264 1084 1341 1149 ad
1373 1105 1502 1149 rem
1539 1084 1859 1149 illicitam:
1894 1087 2108 1168 peccat
2144 1103 2290 1169 ergo
2339 1084 2550 1149 eodem
2589 1083 2825 1167 peccati
2870 1099 3094 1167 genere
3139 1080 3201 1143 in

738 1185 1020 1268 petendo,
1057 1206 1128 1249 ac
1158 1187 1483 1271 legislator
1521 1187 1585 1250 in
1622 1187 2022 1252 concedendo.

826 1288 1065 1352 Auctor
1096 1288 1311 1353 deinde
1343 1288 1593 1367 indicat,
1636 1289 1941 1354 eiusmodi
1986 1289 2526 1373 dispensationem,
2561 1287 2691 1352 sine
2715 1286 2927 1350 'causa
2966 1302 3209 1349 conces-¹

736 1406 891 1466 sam,
929 1390 1107 1456 iuxta
1154 1389 1379 1456 Suarez
1412 1391 1486 1454 de
1527 1390 1680 1473 Le9.
1720 1391 1828 1455 lib.
1870 1392 1930 1455 6.
1971 1411 2103 1474 cap.
2144 1392 2245 1455 18.
2285 1411 2344 1454 n.
2396 1393 2479 1466 9.,
2515 1409 2646 1454 9999
2691 1389 3018 1472 peccatum
3047 1405 3204 1450 mor·

736 1492 898 1556 tale:
923 1493 1098 1557 iuxta
1117 1493 1273 1558 alios
1297 1494 1554 1559 veniale.
1591 1494 1769 1574 Quod
1799 1514 1922 1560 non
1952 1495 2044 1559 ita
2082 1496 2176 1559 est
2202 1492 2640 1576 accipiendum,
2675 1490 2856 1573 quasi
2880 1510 2954 1554 ex
2976 1488 3202 1579 Suarez

735 1594 992 1675 quaevis
1023 1594 1400 1679 dispensatio
1448 1597 1807 1661 huiusmodi
1852 1597 2015 1663 foret
2057 1596 2300 1673 letalis:
2350 1615 2495 1661 nam
2542 1595 2651 1660 ubi
2695 1594 2863 1678 leges
2895 1611 3021 1657 non
3060 1593 3206 1656 sunt

736 1697 947 1780 gravis
993 1698 1312 1775 momenti,
1362 1698 1458 1763 uti
1506 1699 1654 1763 sunt
1700 1719 1859 1781 quae
1890 1718 2015 1764 non
2063 1700 2346 1784 obligant
2391 1698 2506 1762 sub
2543 1697 2742 1782 gravi,
2782 1712 2964 1759 nemo
3012 1695 3200 1769 tenet,

736 1798 1255 1881 dispensationem
1281 1819 1458 1883 posse
1491 1821 1621 1865 esse
1656 1802 1938 1878 letalem:
1974 1802 2079 1866 sed
2117 1802 2399 1884 quaestio
2432 1800 2524 1878 fit,
2567 1818 2644 1863 an
2684 1798 3011 1881 peccatum
3045 1814 3205 1861 mor-

737 1901 862 1965 tale
909 1902 994 1966 sit
1030 1922 1101 1966 91
1147 1922 1368 1987 genere
1414 1923 1548 1980 9110,
1591 1904 1741 1968 adeo
1776 1907 1849 1968 111
1886 1905 1948 1968 111
1986 1905 2101 1969 hoc
2137 1905 2463 1988 legislator
2494 1901 2691 1985 possit
2721 1900 3098 1983 quandoque
3127 1899 3206 1963 le-

737 2003 952 2067 taliter
997 2024 1263 2086 peccare.

826 2103 1115 2171 Ceterum
1152 2108 1302 2172 haec
1350 2110 1631 2190 quaestio
1665 2112 1760 2174 est
1796 2111 1997 2193 reipsa
2035 2130 2199 2174 mere
2237 2109 2621 2194 speculativa
2668 2127 2747 2172 an
2780 2107 3019 2172 scilicet
3065 2126 3203 2171 cum

736 2207 1113 2290 dispensatio
1145 2210 1504 2275 huiusmodi
1532 2212 1774 2277 laedere
1797 2211 2082 2277 videatur
2111 2212 2424 2276 iustitiam
2456 2213 2569 2276 9111
2598 2209 3071 2275 distributivam
3095 2211 3205 2307 aut

733 2312 1020 2395 legalem,
1060 2312 1420 2378 huiusmodi
1447 2315 1639 2379 laesio
1678 2315 1763 2379 sit
1794 2334 1865 2379 91
1903 2334 2123 2399 genere
2169 2333 2283 2379 suo
2321 2315 2531 2400 gravis
2570 2316 2683 2379 aut
2717 2314 2892 2379 levis.
2933 2312 3204 2378 Gravem

735 2413 887 2478 dicit
940 2412 1186 2495 Suarez,
1249 2417 1359 2498 qui
1419 2417 1694 2498 alioquin
1750 2418 2053 2500 quosdam
2101 2418 2256 2482 alios
2304 2418 2490 2500 paulo
2551 2418 2853 2482 violenter
2906 2416 2973 2480 in
3027 2434 3205 2481 9119111

739 2518 1111 2583 sententiam
1159 2520 1496 2602 pertrahit:
1536 2520 1736 2585 levem
1783 2520 1996 2586 dicunt
2044 2521 2171 2598 alii,
2212 2521 2320 2603 qui
2351 2539 2461 2604 pro
2501 2539 2565 2585 99
2597 2520 2797 2585 0119111
2826 2519 3023 2585 9119111
3056 2518 3205 2583 9119·

732 2623 917 2704 gatos
966 2640 1002 2685 a
1049 2620 1316 2686 Suarez:
1368 2641 1578 2687 omnes
1625 2625 1835 2687 tamen
1882 2624 2275 2699 conveniunt,
2332 2624 2609 2708 graviter
2658 2623 2898 2706 peccari
2952 2623 3008 2688 si
3057 2622 3199 2686 talis

734 2722 1111 2803 dispensatio
1136 2741 1325 2806 grave
1357 2724 1717 2788 scandalum
1741 2725 1996 2790 inducat
2028 2728 2141 2790 aut
2174 2726 2297 2789 alia
2321 2726 2547 2790 damna
2580 2746 2637 2790 v.
2671 2746 2732 2810 g.
2768 2726 2820 2789 si
2853 2725 2968 2790 alii
2998 2726 3197 2822 magis

741 2822 819 2886 ob
857 2823 1038 2887 hasce
1073 2822 1560 2906 dispensationes
1591 2829 1950 2910 graventur,
1987 2828 2040 2892 si
2076 2829 2286 2913 gravis
2318 2828 2704 2911 perturbatio
2752 2828 3059 2893 timeatur
3084 2822 3205 2891 *aut

734 2926 1127 3009 contemptus
1195 2928 1408 3012 legum
1455 2930 1771 3010 sequatur.
1829 2930 2061 2995 Verum
2117 2932 2222 3013 qui
2274 2933 2473 2996 levem
2520 2951 2591 2996 91
2636 2951 2857 3016 genere
2918 2951 3035 2997 suo
3084 2932 3204 2996 cul-

740 3047 886 3111 pam
932 3048 1064 3094 esse
1095 3030 1494 3109 contendunt,
1536 3030 1768 3110 dicunt,
1809 3033 1959 3097 haec
1990 3053 2121 3098 esse
2152 3034 2541 3099 incommoda
2580 3035 2956 3110 extrinseca:
2991 3035 3204 3100 intrin-

739 3151 876 3196 seca
915 3151 1057 3197 vero
1095 3132 1190 3196 illi
1213 3134 1462 3212 habent,
1498 3134 1607 3216 qui
1629 3135 1879 3218 cuipam
1911 3155 1980 3200 ex
2012 3155 2233 3221 genere
2256 3155 2512 3221 gravem
2545 3156 2674 3202 esse
2704 3137 2939 3202 dicunt.
2970 3125 3201 3203 Idcirco

733 3235 1017 3317 quaestio
1049 3236 1200 3300 haec
1237 3236 1447 3300 evadit
1481 3256 1647 3300 mere
1678 3239 2078 3321 speculativa.
3150 3224 3183 3236 ”

826 3334 1217 3402 Conveniunt
1248 3357 1394 3422 ergo
1431 3357 1640 3404 omnes
1673 3342 1822 3404 tunc
1860 3344 2183 3423 peccatum
2215 3341 2627 3426 dispensantis
2666 3343 2795 3408 sine
2817 3343 2993 3409 iusta
3019 3362 3201 3409 causa

735 3439 865 3503 fore
897 3458 1107 3523 grave,
1146 3442 1212 3503 1⁰
1250 3441 1304 3504 si
1340 3441 1478 3506 inde
1513 3443 1753 3506 oriatur
1784 3444 2057 3509 notabile
2090 3445 2483 3510 scandalum:
2521 3448 2591 3510 2ο
2622 3446 2772 3511 9191
2808 3447 2928 3511 tali
2964 3449 3203 3533 dispen-

735 3540 977 3604 satione
1009 3540 1118 3604 alii
1154 3543 1430 3625 graviter
1463 3547 1818 3609 onerentur:
1848 3547 1917 3609 3⁰
1943 3547 1994 3610 91
2019 3567 2209 3632 grave
2232 3547 2529 3613 damnum
2554 3549 2879 3633 spirituale
2905 3553 3206 3634 sequatur

734 3642 833 3705 vel
866 3641 1234 3725 dispensatis
1266 3664 1337 3708 91
1371 3646 1699 3712 011119910119
1726 3650 1903 3712 901119
1940 3651 2270 3733 praecepti,
2303 3672 2362 3714 v.
2401 3671 2494 3736 gr.
2528 3671 2651 3716 non
2690 3652 2975 3717 sumendi
3009 3673 3205 3719 sacra·

731 3745 961 3822 menta,
1013 3747 1110 3810 vel
1157 3746 1315 3825 aliis„
1357 3749 1409 3812 91
1458 3770 1515 3813 v.
1551 3770 1644 3833 gr.
1678 3749 2066 3834 dispensetur
2111 3753 2250 3835 quis
2299 3773 2334 3818 a
2374 3755 2632 3837 petenda
2678 3755 2930 3819 licentia
2964 3758 3031 3821 in
3066 3758 3204 3822 alie-

730 3848 948 3913 nandis
987 3849 1162 3914 bonis
1195 3851 1642 3916 ecclesiasticis.

821 3948 997 4022 395.
1025 3952 1112 4016 At
1136 3954 1418 4035 potestne
1453 3954 1590 4036 quis
1616 3954 1712 4017 uti
1737 3955 1853 4018 tali
1879 3955 2374 4039 dispensatione?
2391 3959 2744 4043 Respondet
2768 3981 2815 4026 9.
2842 3962 3203 4046 Alphonsus

729 4055 835 4119 lib.
877 4055 932 4118 l.
961 4076 1019 4118 n.
1052 4056 1197 4119 178.
1241 4056 1319 4120 9(1
1355 4056 1416 4120 11.
1456 4056 1498 4120 l.
1533 4057 1883 4122 Auctoris:
1925 4083 1960 4116 «
1993 4061 2267 4142 praeciso
2300 4062 2609 4140 scandalo,
2650 4065 2931 4128 utentem
2970 4066 3090 4130 tali
3118 4065 3206 4128 di-

730 4159 1120 4241 spensatione
1152 4177 1477 4223 commune
1502 4161 1597 4223 est
1621 4178 1741 4224 non
1767 4180 2013 4244 peccare
2030 4163 2306 4247 graviter
2330 4166 2392 4228 et
2417 4166 2733 4248 probabile
2756 4167 2988 4232 estnec
3012 4159 3233 4233 etiam*

736 4259 956 4323 leviter
987 4260 1049 4323 et
1085 4260 1320 4344 allegat
1357 4259 1718 4326 Salmantic.
1753 4261 1827 4325 de
1859 4262 2013 4345 Ley.
2048 4284 2180 4347 cap.
2225 4268 2285 4329 5.
2320 4287 2377 4344 11,
2425 4267 2550 4340 76„
2592 4267 2862 4333 Suarez..
2914 4271 3202 4348 Palaum,

732 4360 1029 4423 Pontium
1061 4364 1177 4426 etc.

821 4461 1153 4527 Rationem
1191 4464 1377 4530 huius
1415 4466 1727 4533 doctrinae
1761 4470 1847 4534 sic
1886 4471 2087 4535 reddit
2131 4471 2357 4537 Suarez
2391 4472 2465 4536 de
2504 4473 2654 4557 Lcy.
2690 4475 2797 4540 lib.
2835 4476 2894 4540 6.
2929 4496 3064 4561 cap.
3097 4479 3202 4542 19.

730 4584 788 4626 n.
831 4563 969 4626 13.:
1029 4590 1061 4623 «
1111 4565 1272 4629 Hinc
1318 4570 1658 4636 necessario
1707 4574 2010 4655 sequitur,
2061 4575 2379 4640 subditum
2429 4578 2515 4641 sic
2569 4577 3012 4662 dispensatum,
3077 4599 3205 4644 non
