3529 5158
725 378 829 432 130
1345 393 1559 434 macr.
1600 392 1663 432 11.
1703 391 1788 431 nn.
1824 387 2242 430 cossormm.
2283 388 2480 429 cnm·
2519 389 2556 428 1.
3042 378 3190 454 [137]

725 488 961 552 tollunt
992 508 1186 571 neque
1225 488 1516 552 minuunt
1548 488 1885 552 humanam
1923 486 2351 570 fragilitatem.
2379 485 2641 550 Proinde
2679 506 2786 570 per
2815 488 2966 552 haec
2996 489 3181 556 homo

723 590 1051 673 exponitur
1087 591 1359 673 periculo
1408 590 1715 673 peccandi,
1757 589 1883 659 ubi,
1925 589 1978 653 si
2009 588 2176 651 iusta
2217 587 2654 653 adhiberentur
2691 592 3010 674 principia,
3061 613 3181 659 non

722 693 1020 773 peccaret.
1063 693 1132 756 Id
1170 713 1227 756 v.
1256 713 1348 777 gr.
1383 692 1630 756 demum
1669 693 2104 773 assequuntur,
2138 690 2247 773 qui
2284 710 2470 755 usum
2505 692 2894 777 coniugalem
2932 694 3182 761 interdi-

719 796 892 857 ctum
924 795 1323 871 contendunt,
1364 795 1513 859 dum
1552 813 1706 859 uxor
1742 796 1993 859 uterum
2030 795 2191 878 gerit
2229 794 2327 858 vel
2366 795 2641 877 tempore
2676 795 3054 862 ieiuniorum
3085 800 3180 864 vel

717 896 782 960 in
806 896 1051 980 magnis
1075 896 1601 961 sollemnitatibus
1639 898 1752 960 aut
1787 896 2002 959 diebus
2025 895 2265 959 festivis
2291 898 2405 960 aut
2427 897 2651 978 quibus
2675 896 2890 963 diebus
2928 904 3179 983 sumpta

718 1002 803 1064 sit
840 999 1231 1063 Eucharistia
1265 1002 1379 1065 etc.
1422 1001 1585 1064 Bene
1608 1019 1657 1062 s.
1686 1000 2126 1063 Bonaventura
2157 998 2231 1059 dc
2259 998 2468 1062 Theol.
2515 999 2703 1063 Ver-it.
2731 1000 2836 1064 lib.
2867 1004 2927 1065 2.
2954 1022 3004 1067 c.
3035 1006 3175 1068 52.:

724 1129 759 1161 «
785 1100 1071 1166 Cavenda
1109 1106 1205 1166 est
1242 1103 1615 1167 conscientia
1637 1102 1824 1166 nimis
1856 1102 2034 1186 larga
2060 1103 2122 1166 et
2146 1102 2327 1165 nimis
2361 1101 2599 1166 stricta.
2638 1102 2804 1167 Nam
2840 1106 3042 1186 prima
3077 1127 3179 1191 ge-

714 1205 891 1268 nerat
915 1205 1498 1287 praesumptionem,
1526 1204 1790 1269 secunda
1815 1203 2322 1285 desperationem.
2351 1203 2511 1267 Item
2542 1204 2738 1286 prima
2765 1204 2914 1269 dicit
2938 1208 3171 1272 malum

713 1307 965 1381 bonum,
1021 1306 1285 1370 secunda
1333 1325 1365 1370 e
1412 1309 1625 1370 contra
1675 1307 1906 1370 bonum
1958 1305 2215 1369 malum.
2273 1306 2434 1368 Item
2485 1305 2682 1387 prima
2735 1323 2916 1389 saepe
2969 1309 3175 1373 salvat

712 1407 1152 1485 damnandum,
1188 1408 1454 1473 secunda
1492 1428 1525 1473 e
1562 1410 1776 1472 contra
1816 1407 2073 1471 damnat
2109 1407 2479 1470 salvandum
2504 1432 2564 1469 ».

801 1510 944 1573 Alia
982 1508 1211 1573 dicitur
1236 1508 1628 1589 pharisaica,
1655 1529 1814 1591 quae
1837 1509 2052 1592 magni
2083 1528 2276 1591 parva
2313 1508 2481 1581 facit,
2524 1508 2700 1591 parvi
2737 1529 2882 1575 vero
2919 1530 3168 1596 magna.

711 1610 811 1675 Sic
848 1612 1013 1676 dicta
1046 1613 1141 1677 est
1173 1632 1209 1675 a
1246 1614 1617 1689 Pharisaei8‚
1656 1613 1766 1693 qui
1802 1611 2094 1675 dicuntur
2139 1611 2367 1675 Matth.
2409 1611 2638 1675 XXIV.
2675 1613 2780 1675 24.
2821 1614 3172 1679 excolantes

707 1713 985 1787 culicem,
1033 1713 1335 1777 camelam
1378 1720 1585 1778 autom
1629 1713 1983 1795 yla-tientes

798 1816 942 1881 Alia
979 1815 1230 1880 demum
1276 1817 1644 1889 cauteriata,
1679 1815 1926 1897 quando
1966 1816 2043 1879 ob
2082 1816 2358 1878 animum
2395 1815 2803 1897 depravatum
2841 1818 2954 1880 aut
2990 1818 3170 1882 indu-

710 1922 920 1982 ratum
966 1922 1031 1983 et
1075 1922 1468 1985 excaecatum
1515 1920 1653 2002 quis
1692 1938 1814 1983 non
1852 1920 2033 1982 curat
2081 1937 2149 1981 ac
2198 1936 2384 2000 prope
2429 1936 2552 1982 non
2598 1919 2790 1982 sentit
2834 1920 3168 1985 instinctus

708 2020 823 2083 aut
858 2023 1069 2084 motus
1105 2022 1415 2099 honestos,
1450 2022 1524 2085 ut
1560 2023 1616 2084 1.
1658 2020 1818 2084 Tim.
1846 2020 1955 2083 IV.
1985 2022 2044 2083 2.
2072 2019 2332 2083 dicitur:
2366 2020 2776 2083 cauteriatam
2808 2018 3168 2085 habentium

705 2144 887 2185 suam
917 2124 1375 2187 conscientiam.
1411 2123 1731 2189 Eiusmodi
1766 2125 1931 2198 sunt,
1965 2124 2074 2204 qui
2111 2123 2225 2186 hac
2264 2124 2468 2187 aetate
2506 2122 2760 2187 Italiam
2782 2123 3162 2201 invaserunt,

700 2227 776 2288 ut
812 2225 1095 2289 ordinem
1124 2226 1423 2290 moralem
1452 2228 1871 2290 restituerent.

797 2323 949 2397 137.
985 2326 1202 2407 Quoad
1240 2329 1609 2412 partitiones
1655 2329 1732 2392 ab
1778 2331 2050 2393 Auctore
2089 2328 2460 2411 propositas,
2509 2328 2676 2392 clara
2725 2328 2932 2393 omnia
2979 2332 3161 2406 sunt3

698 2447 896 2510 neque
921 2448 1075 2513 opus
1102 2433 1214 2508 est,
1255 2433 1329 2495 ut
1365 2431 1770 2495 immoremur
1800 2430 2184 2513 inquirendo.
2226 2428 2472 2511 quando
2504 2430 2878 2494 conscientia
2908 2448 3164 2496 erronea

698 2531 787 2596 sit
833 2532 1203 2596 vincibiliter
1251 2535 1438 2616 atque
1487 2532 1636 2598 adeo
1684 2533 2097 2616 culpabiliter,
2139 2530 2384 2614 quando
2433 2549 2576 2596 vero
2614 2530 3055 2598 invincibiliter
3100 2536 3164 2598 et

699 2636 1032 2717 inculpate.
1074 2634 1241 2698 Satis
1278 2637 1442 2699 enim
1479 2637 1552 2699 de
1588 2636 1685 2699 his
1719 2636 1987 2699 diximus
2025 2636 2087 2698 in
2121 2636 2421 2699 Tractatu
2454 2633 2815 2700 deActibus
2845 2634 3158 2701 numnis.

792 2737 1066 2800 Dubium
1100 2737 1353 2819 aliquod
1377 2739 1611 2802 moveri
1637 2740 1845 2821 potest
1867 2739 2026 2802 circa
2052 2737 2472 2802 definitionem
2495 2738 2901 2803 conscientiae
2933 2744 3159 2812 rectae,

693 2840 845 2903 dum
884 2840 1176 2904 definitur
1199 2860 1308 2924 pro
1334 2860 1424 2918 ea,
1451 2861 1609 2921 quac
1634 2841 1877 2902 izcdicat
1911 2862 2138 2904 seferam.
2173 2840 2335 2904 Nam
2374 2858 2555 2924 aegre
2579 2840 2833 2922 quidam
2870 2842 3157 2920 audiunt,

690 2962 857 3019 eum,
899 2942 1007 3024 qui
1045 2945 1196 3028 agat
1241 2964 1312 3009 ex
1357 2943 1731 3008 conscientia
1779 2942 2216 3007 invincibiliter
2263 2961 2534 3018 erronea,
2584 2962 2706 3007 non
2752 2943 2976 3008 habere
3023 2965 3162 3009 con»

693 3044 1021 3107 scientiam
1066 3049 1320 3120 rectam,
1355 3067 1411 3109 v.
1453 3066 1546 3130 gr.
1587 3045 1696 3128 qui
1742 3044 2150 3110 reverentiam
2197 3044 2443 3108 exhibet
2488 3044 2562 3119 ei,
2603 3063 2786 3127 quem
2833 3044 2993 3110 falso
3042 3048 3163 3112 eti-

689 3148 912 3212 stimat
957 3168 1088 3213 esse
1136 3151 1250 3213 aut
1293 3149 1669 3233 superiorem
1702 3169 1887 3213 suum
1935 3149 2048 3211 aut
2092 3148 2552 3231 presbyterum:
2602 3150 2666 3211 et
2713 3149 2921 3213 tamen
2971 3150 3026 3213 si
3064 3153 3160 3214 est

686 3271 963 3330 erronea,
1012 3270 1135 3317 non
1183 3252 1429 3316 videtur
1473 3270 1650 3335 posse
1697 3251 1819 3314 dici
1866 3269 2029 3315 vera.

784 3355 862 3417 Et
893 3355 1203 3437 quispiam
1230 3356 1449 3437 putare
1475 3357 1699 3437 posset,
1727 3354 1920 3417 latere
1946 3353 2078 3417 heic
2119 3353 2711 3433 aequivocationem,
2747 3372 2868 3434 qua
2901 3355 3156 3419 sublata

692 3457 978 3536 quaestio
1016 3460 1231 3520 cesset.
1256 3457 1703 3539 Aequivocatio
1744 3459 1955 3521 autem
1981 3457 2040 3520 iu
2069 3456 2182 3519 hoc
2220 3474 2351 3518 esse
2382 3455 2610 3536 posset,
2636 3454 2803 3535 quod
2840 3473 2960 3520 vox
2985 3461 3154 3520 recta

691 3557 877 3622 modo
904 3557 1272 3623 adhibeatur
1295 3578 1405 3642 pro
1430 3579 1591 3632 vcro,
1625 3558 1724 3622 cui
1763 3578 1834 3622 ex
1873 3559 2157 3640 opposito
2196 3557 2524 3640 respondet
2559 3556 2802 3621 falsitas
2826 3575 2935 3621 seu
2960 3578 3150 3634 error,

687 3659 874 3724 modo
913 3661 1121 3743 prouti
1170 3665 1403 3724 rectum
1443 3661 1776 3743 opponitur
1807 3661 1980 3723 (levio
2017 3679 2125 3724 seu
2145 3664 2418 3738 peccato.
2457 3660 2530 3722 In
2562 3659 2762 3742 primo
2800 3679 2986 3725 sensu
3025 3682 3156 3744 per-

684 3762 846 3827 tinet
892 3763 970 3827 ad
1019 3765 1229 3828 actum
1276 3763 1487 3828 iudicii
1534 3765 1598 3828 et
1645 3766 1795 3827 tunc
1840 3765 2077 3827 rectum
2124 3762 2286 3826 idem
2336 3763 2504 3826 valet
2549 3780 2619 3826 ac
2667 3781 2882 3826 verum
2944 3782 3018 3828 ac
3065 3765 3152 3828 rei

686 3866 1091 3948 respondens:
1142 3867 1202 3930 in
1252 3865 1516 3932 secundo
1564 3885 1747 3930 sensu
1796 3865 2062 3948 pertinet
2109 3883 2230 3928 non
2278 3864 2356 3928 ad
2409 3864 2728 3940 iudicium,
2777 3864 2882 3929 sed
2932 3865 3011 3930 ad
3057 3887 3152 3929 vo-

687 3967 991 4032 lantatem
1039 3972 1103 4034 et
1148 3972 1296 4034 tunc
1343 3971 1579 4033 rectum
1617 3968 1780 4032 idem
1819 3969 1988 4031 valet
2033 3986 2104 4030 ac
2151 3968 2482 4031 honestum
2527 3986 2636 4031 seu
2683 3967 2918 4032 bonum
2947 3987 3149 4035 mora·

685 4071 847 4145 liter,
888 4072 1055 4152 quod
1101 4073 1312 4136 adesse
1360 4073 1582 4154 potest,
1623 4072 1768 4135 licet
1807 4070 2104 4135 iudicium
2151 4070 2504 4134 intellectus
2540 4068 2625 4133 sit
2660 4088 3008 4148 erroneum,
3047 4073 3144 4136 uti

680 4173 741 4235 iu
783 4173 976 4236 allato
1025 4175 1320 4257 exemplo.

767 4273 1187 4340 Veruntamen
1221 4278 1519 4342 Doctores
1566 4277 1804 4348 volunt,
1854 4277 2293 4342 conscientiam
2339 4274 2778 4340 invincibiliter
2823 4293 3144 4342 erroneam

679 4374 800 4437 dici
849 4393 1024 4456 posse
1071 4381 1325 4452 rectam,
1364 4378 1554 4443 etiam
1609 4381 1915 4460 quatenus
1963 4383 2196 4442 rectum
2245 4376 2555 4462 significat
2600 4397 2828 4440 ver-nm.
2879 4379 2971 4442 De
3020 4399 3143 4461 qua

676 4496 743 4539 re
773 4475 848 4539 cf.
890 4475 1115 4542 Suarez
1155 4479 1217 4543 in
1249 4482 1308 4544 1.
1338 4482 1399 4544 2.
1429 4483 1505 4544 tr.
1535 4483 1595 4544 3.
1623 4481 1780 4564 disp.
1821 4484 1920 4545 12.
1955 4485 2102 4546 sect.
2140 4484 2199 4545 2.
2236 4502 2295 4545 ιι.
2334 4482 2392 4543 2.
2429 4481 2491 4543 et
2533 4480 2846 4545 Becanum
2885 4481 3142 4545 Samma

672 4579 852 4641 tract.
888 4577 961 4642 dc
1000 4581 1212 4645 Acte'b.
1248 4582 1414 4646 hum.
1450 4603 1581 4665 cap.
1618 4585 1679 4647 4.
1713 4605 1773 4666 q.
1810 4587 1869 4648 5.
1906 4605 1965 4648 n.
2001 4584 2152 4648 6.-8.

759 4679 936 4759 Quod
970 4685 1042 4747 ut
1073 4685 1319 4749 evincat
1351 4683 1575 4750 Suarez
1615 4687 1656 4749 l.
1685 4706 1735 4750 c.
1764 4707 1822 4750 n.
1852 4688 1912 4750 2.
1942 4686 2232 4762 advertit,
2267 4686 2458 4750 etiam
2492 4703 2540 4750 s,
2576 4685 2884 4752 'rhomam
2915 4686 3139 4751 admit‘
