3529 5158
717 326 825 380 536
1114 340 1324 380 macr.
1364 340 1444 380 111.
1483 340 1567 380 Da:
1604 338 1912 380 mccxx-rs.
1952 338 2151 380 CAPUT
2191 338 2227 376 1.
2268 337 2410 377 nun.
2450 338 2515 376 11.
2556 337 2693 376 Am.
2734 337 2798 378 11.
3039 318 3186 396 [594]

718 439 1071 510 comitetur,
1119 437 1463 500 reducenda
1509 437 1628 500 erit
1660 435 2023 520 simpliciter
2069 435 2131 497 in
2177 434 2379 516 ipsam
2424 434 2776 498 naturalem
2821 433 3192 516 complexio-

719 560 860 604 nem
897 542 960 603 et
990 540 1117 602 vim
1165 539 1613 621 expulsivam...
1651 538 1826 603 Unde
1873 538 2029 600 tales
2067 554 2290 599 causae
2321 536 2391 598 in
2423 534 2600 598 nullo
2632 538 2850 599 eventu
2896 535 3190 600 dicendae

717 643 865 705 sunt
890 660 1111 706 causae
1137 660 1357 724 graves
1384 642 1498 705 aut
1520 640 1879 706 notabiliter
1902 639 2227 703 influentes
2252 659 2448 718 neque
2459 636 2818 716 prohibitae
2856 642 3050 701 erunt
3073 637 3192 700 ali·-

716 742 966 825 quando
997 743 1111 806 sub
1142 741 1415 821 mortali,
1450 744 1851 825 qmntumvis
1888 741 2100 805 crebro
2121 739 2392 820 pollutio
2427 743 2543 802 aut
2571 739 2896 803 delectatio
2929 760 3193 802 venerea

717 844 868 909 illas
914 846 1237 907 comitetur
1282 844 1379 907 vel
1424 847 1493 908 in
1541 847 1630 908 eis
1664 843 2135 924 praevideatur,
2170 842 2408 906 secluso
2446 859 2778 906 consensus
2817 841 3093 924 periculo
3127 868 3186 904 ».

716 946 920 1027 Quam
950 948 1296 1012 doctrinam
1332 947 1594 1011 laudant
1626 948 1687 1011 in
1721 949 1800 1010 tr.
1837 945 2087 1009 Mora-li
2110 945 2214 1008 26.
2242 964 2293 1008 c.
2324 945 2380 1007 7.
2408 964 2467 1007 n.
2504 945 2610 1008 40.
2645 943 3184 1019 SalmanticenseS‚

718 1051 987 1116 aientes:
1023 1050 1316 1115 Gravitas
1367 1070 1588 1114 causae
1625 1051 1688 1114 in
1728 1050 1989 1113 materia
2027 1048 2310 1111 luxuriae
2343 1066 2463 1110 non
2505 1047 2808 1124 absolute,
2851 1046 2955 1111 sed
2987 1066 3189 1129 respe-

717 1153 878 1216 ctive
925 1155 1019 1216 est
1066 1152 1382 1216 sumenda.
1420 1151 1535 1216 Sed
1582 1171 1691 1235 pro
1738 1151 2071 1215 levissimis
2111 1148 2420 1232 (dixerant
2467 1151 2650 1212 antea
2685 1148 2946 1230 levibns)
2976 1149 3185 1212 causis

718 1255 909 1317 etiam
946 1274 1088 1317 cum
1134 1255 1517 1336 praevisione
1564 1255 1636 1317 de
1684 1254 1849 1317 facto
1895 1253 2220 1317 influxuris
2264 1253 2327 1315 in
2377 1250 2806 1334 pollutionem,
2842 1251 2980 1314 vide
3017 1251 3187 1314 favo-

718 1354 977 1418 rabilem
1009 1355 1353 1419 doctrinam
1380 1356 1542 1439 apud
1568 1357 1813 1420 nostros
1839 1354 2353 1419 Salmanticenses
2379 1357 2530 1418 tom.
2561 1356 2620 1416 4.
2650 1355 2727 1417 tr.
2761 1353 2862 1416 13.
2890 1352 3047 1434 disp.
3080 1354 3182 1416 10.

718 1477 778 1520 n.
816 1458 964 1520 274.
998 1459 1107 1539 (1111
1138 1460 1232 1522 est
1268 1459 1442 1522 locus
1472 1458 1656 1523 modo
1695 1460 1946 1522 citatus.

808 1559 945 1623 Iam
968 1579 1113 1624 vero
1151 1562 1218 1622 1⁰
1250 1562 1400 1624 haec
1423 1561 1831 1624 adversantur
1855 1560 2151 1643 principio
2177 1558 2458 1641 superius
2484 1559 2748 1634 statuto,
2782 1559 3022 1622 scilicet
3051 1579 3189 1642 gra·

720 1660 981 1725 vitatem
1014 1662 1232 1745 culpae
1269 1662 1707 1726 desumendam
1740 1682 1870 1726 esse
1902 1681 2023 1726 non
2057 1682 2126 1725 ex
2166 1663 2226 1726 vi
2260 1680 2482 1725 causae
2520 1661 2834 1743 spectatae
2865 1662 2930 1724 in
2960 1680 3043 1736 se,
3079 1661 3186 1724 sed

717 1781 790 1827 ex
822 1764 1055 1828 actuali
1085 1765 1343 1841 influxu,
1379 1765 1637 1828 relative
1671 1765 1745 1828 ad
1783 1765 2151 1828 subiectum.

807 1866 934 1931 Nec
967 1870 1037 1931 2⁰
1067 1889 1210 1933 cum
1246 1868 1343 1931 his
1377 1869 1665 1932 cohaeret
1695 1869 1878 1946 ratio,
1915 1887 2037 1949 qua
2072 1887 2119 1931 s.
2156 1868 2340 1950 Alph.
2382 1866 2717 1941 contendit,
2760 1886 3020 1930 causam
3059 1886 3186 1930 esse

715 1970 993 2053 graviter
1039 1971 1397 2034 influentem
1446 1973 1508 2034 et
1564 1971 1778 2034 haberi
1827 1989 2082 2055 gravem
2129 1969 2395 2052 culpam,
2452 1988 2594 2033 cum
2640 1969 2781 2050 quis
2827 1968 3189 2050 frequenter

715 2076 1009 2150 expertus
1037 2072 1233 2151 fuerit
1268 2073 1548 2151 effectum
1578 2077 1756 2156 sequi
1802 2094 1872 2139 ex
1919 2074 2291 2156 quibusdam
2338 2075 2559 2148 causis,
2597 2093 2755 2156 quae
2803 2075 3086 2156 alioquin
3118 2094 3187 2137 ex

717 2193 781 2237 se
829 2174 954 2236 sint
999 2175 1192 2250 leves3
1242 2195 1389 2240 nam
1436 2176 1950 2240 Salmanticenses
2000 2177 2191 2240 etiam
2237 2177 2449 2239 crebro
2496 2177 2926 2260 contingentes
2989 2177 3189 2258 pollu-

717 2275 916 2339 tiones
962 2280 1273 2342 excusant.

894 2377 965 2440 3⁰
988 2380 1264 2445 Tandem
1300 2401 1410 2446 cur
1440 2401 1563 2446 non
1602 2381 1836 2445 valebit
1866 2382 1929 2445 in
1962 2399 2148 2444 causa
2177 2399 2211 2443 a
2244 2399 2291 2444 s.
2321 2379 2503 2462 Alph.
2530 2382 2849 2463 proposito
2882 2381 3184 2445 resolutio

716 2478 1300 2547 salmanticensium
1346 2504 1489 2549 mox
1546 2484 1773 2558 allata;
1833 2483 2117 2547 effectum
2173 2501 2302 2546 esse
2356 2483 2565 2565 potius
2612 2481 3064 2548 refundendum
3123 2483 3185 2547 in

719 2587 1068 2650 naturalem
1100 2588 1624 2670 complexionem?
1656 2587 1889 2669 Utique
1922 2588 1982 2650 in
2017 2589 2094 2649 tr.
2132 2585 2381 2649 Biorali
2403 2585 2508 2648 26.
2536 2606 2585 2649 c.
2619 2586 2676 2648 7.
2701 2607 2762 2649 n.
2790 2587 2897 2648 48.
2934 2587 3186 2651 Fratres

715 2706 951 2763 eorum,
1003 2689 1232 2753 omissa
1287 2690 1777 2754 consideratione
1837 2687 2161 2751 naturalis
2206 2687 2669 2767 οουῳῖεωίοηίε,
2716 2692 3053 2753 recurrunt
3114 2689 3187 2752 ad

705 2807 976 2867 pravam
1019 2790 1281 2853 subiecti
1326 2792 1810 2871 dispositionem.
1846 2794 1932 2854 At
1964 2811 2107 2855 vero
2155 2791 2253 2855 vel
2296 2791 2662 2875 intelligunt
2709 2793 3026 2856 actualem
3055 2812 3190 2876 pra·

718 2908 861 2953 vam
908 2891 1375 2973 dispositionem
1408 2894 1641 2958 scilicet
1687 2894 2079 2957 voluntatem
2124 2894 2422 2957 lascivam
2460 2894 2522 2956 in
2559 2894 2684 2956 illis
2734 2894 2981 2958 actibus
3015 2915 3187 2958 usur-

718 2997 935 3079 pandis
983 2999 1046 3062 et
1093 3000 1180 3062 sic
1228 3000 1349 3064 alia
1399 3002 1493 3064 est
1538 3000 1926 3085 hypothesis3
1970 3001 2268 3063 habemus
2316 3000 2479 3064 enim
2525 3019 2714 3084 grave
2762 3004 3088 3083 peccatum
3118 3000 3181 3065 in

714 3117 935 3183 genere
980 3102 1262 3166 luxuriae
1310 3103 1371 3166 in
1421 3104 1553 3186 ipso
1596 3106 1740 3166 actu
1775 3103 1880 3184 qui
1931 3103 2023 3165 est
2070 3121 2275 3178 causa,
2318 3104 2389 3164 ut
2426 3102 2490 3164 in
2521 3103 2835 3166 communi
2877 3104 3180 3168 sententia

713 3203 1105 3284 supponitur.
1141 3204 1257 3267 Vel
1292 3205 1658 3289 intelligunt
1690 3205 1894 3269 solum
1939 3203 2404 3267 inclinationem
2451 3204 2763 3285 quandam
2795 3224 2867 3268 ex
2901 3207 3059 3270 vitio
3097 3207 3181 3270 in·

715 3302 970 3369 ductam
1018 3308 1205 3388 atque
1237 3308 1519 3371 relictam
1551 3308 1743 3370 etiam
1776 3310 1916 3389 post
1949 3306 2393 3389 poenitentiam
2426 3308 2488 3369 et
2526 3307 2613 3371 sic
2645 3325 2716 3371 ea
2756 3308 3183 3373 consideratur

717 3407 790 3468 ut
826 3408 1164 3489 complexio
1198 3409 1502 3472 naturalis
1528 3410 1591 3472 et
1614 3409 1788 3472 nulla
1822 3427 1965 3471 sane
1999 3407 2178 3490 culpa
2218 3409 2426 3491 gravis
2458 3407 2546 3471 ibi
2571 3426 2701 3472 esse
2735 3411 2977 3492 potest3
3013 3413 3179 3492 quia,

715 3506 895 3586 siqua
921 3509 1376 3591 excogitaretur
1401 3511 1462 3573 in
1490 3530 1675 3574 causa
1701 3530 1920 3592 nempe
1945 3510 2099 3573 vitio
2127 3510 2508 3593 praecedenti
2535 3510 2753 3592 (quam
2777 3513 2984 3575 tamen
3012 3512 3180 3575 haud

715 3607 893 3671 facile
930 3609 1454 3691 inveniemus-„eo
1507 3614 1669 3694 quod
1718 3612 1879 3675 desit
1925 3615 2062 3675 tum
2101 3612 2405 3694 praevisio
2455 3613 2591 3675 tum
2640 3632 2830 3677 nexus
2870 3613 3180 3679 sufficiens

713 3711 1153 3796 causalitatis)‚
1194 3714 1395 3777 deleta
1428 3716 1553 3777 iam
1586 3716 1649 3778 et
1681 3714 1930 3778 sublata
1963 3715 2112 3778 haec
2145 3714 2364 3778 fuisset
2394 3734 2502 3797 per
2533 3715 3002 3797 poenitentiam.

804 3813 1280 3892 Concludamus‚
1310 3817 1371 3880 in
1396 3817 1512 3880 hac
1536 3817 1897 3898 quaestione
1931 3816 2003 3879 de
2036 3820 2285 3900 peccato
2319 3817 2686 3899 pollutionis
2712 3836 2832 3882 non
2865 3819 2930 3882 in
2966 3840 3050 3893 se.
3078 3820 3176 3884 sed

711 3915 780 3978 in
811 3936 1001 3981 caia-sa
1035 3922 1297 3992 tantum,
1327 3919 1564 3982 nullam
1611 3938 1820 3982 veram
1871 3938 2162 4001 apparere
2194 3920 2517 3995 rationem,
2553 3939 2664 3982 cur
2705 3918 3095 3987 discedamus
3143 3941 3176 3985 3

710 4023 1022 4085 communi
1069 4023 1374 4086 sententia
1413 4022 1845 4087 universaliter
1883 4022 2240 4104 postulante
2274 4022 2580 4085 actionem
2618 4041 2689 4084 ex
2737 4041 2800 4085 se
2847 4025 3176 4088 mortalem

709 4121 774 4185 in
804 4142 1023 4207 genere
1059 4124 1361 4201 luxuriae,
1404 4127 1475 4187 ut
1507 4125 1756 4188 effectus
1789 4123 1993 4187 malus
2031 4142 2290 4205 sequens
2324 4124 2671 4206 imputetur
2717 4124 2779 4186 in
2827 4142 3018 4189 causa
3067 4125 3178 4190 sub

708 4227 980 4290 mortali.

802 4322 975 4396 594.
1014 4329 1343 4393 Doctrinae
1392 4330 1761 4410 praemissae
1811 4330 1882 4392 de
1933 4329 2157 4392 veniali
2205 4330 2386 4412 culpa
2434 4330 2495 4391 in
2543 4330 2747 4393 causis
2784 4330 3012 4395 leviter
3055 4332 3179 4395 cul·

708 4427 1016 4509 pabilibus
1054 4430 1116 4492 in
1150 4449 1370 4513 genere
1402 4430 1683 4495 luxuriae
1732 4451 1780 4496 s.
1817 4432 1999 4514 Alph.
2040 4431 2146 4495 lib.
2186 4433 2244 4495 3.
2280 4453 2339 4495 n.
2377 4432 2524 4495 484.
2561 4432 2750 4495 aliam
2789 4432 2984 4511 addit,
3019 4455 3178 4517 qnae

708 4528 1023 4611 principiis
1055 4531 1237 4594 rectis
1276 4534 1680 4597 consentanea
1715 4536 1829 4597 cst.
