3529 5158
350 349 493 427 [287]
1043 364 1195 415 Qun>
1233 366 1328 409 sn·
1361 367 1485 409 mx
1522 367 1662 410 snm
1696 368 2106 412 PRADODP‘I'UM
2701 358 2809 412 269

347 464 719 541 hominibus,
769 464 878 546 qui
923 465 1261 530 secundum
1306 484 1443 530 eam
1494 466 1772 550 regulari
1815 466 2056 533 debent.
2119 466 2291 532 Talis
2338 469 2550 533 autem
2616 470 2809 553 appli-

346 566 509 632 catio
556 565 632 630 fit
677 584 785 649 per
828 566 946 635 hoc
999 565 1166 648 quod
1199 566 1266 630 in
1311 566 1603 632 notitiam
1641 585 1856 633 eorum
1892 568 2217 634 deducitur
2248 588 2319 634 ex
2349 569 2485 653 ipsa
2530 571 2808 653 promul-

347 668 600 755 gatione
630 693 694 731 ι».

432 769 702 851 Quidam
725 770 964 837 addunt
992 770 1335 858 (Struggel.
1361 774 1543 837 tract.
1572 774 1634 838 3.
1667 794 1727 856 q.
1767 774 1824 839 1.
1865 795 1924 839 n.
1963 775 2052 859 1.)
2090 799 2125 834 «
2156 794 2296 840 oum
2316 773 2634 839 voluntate
2672 795 2809 839 eam

347 873 504 955 (scil.
529 874 1073 958 communitatem)
1096 879 1398 955 perpetuo
1421 874 1747 959 obliyandi
1767 903 1830 954 »‚
1856 895 2016 959 quae
2046 877 2275 942 clarius
2306 877 2616 960 explicant
2649 878 2806 963 legis

349 979 637 1042 naturam
675 980 738 1043 et
768 978 1093 1047 discrimen
1117 997 1155 1043 a
1186 981 1531 1062 praecepto.
1565 979 1893 1064 Explicant
1926 980 2083 1065 legis
2114 982 2440 1058 naturam3
2468 1000 2614 1045 nam
2632 981 2806 1045 nulla

347 1078 440 1144 lex
462 1097 622 1161 quae
647 1079 1095 1164 obligationem
1123 1098 1246 1146 non
1276 1081 1543 1164 imponit
1567 1084 1631 1146 et
1652 1082 1901 1163 quidem
1932 1081 2403 1157 communitati3
2438 1082 2601 1147 ratio
2642 1081 2805 1147 enim

347 1180 549 1245 solum
578 1180 820 1247 dictans
865 1183 1196 1249 honestum
1241 1184 1515 1249 nondum
1552 1185 1649 1249 est
1683 1184 1800 1249 lex.
1848 1184 2036 1249 Forte
2074 1203 2122 1247 s.
2157 1183 2429 1248 Thomas
2478 1182 2605 1248 vim
2655 1183 2806 1247 obli-

344 1282 532 1367 gandi
576 1283 846 1349 intendit
875 1286 992 1350 sub
1021 1304 1170 1351 voce
1200 1285 1515 1351 ordimztio
1546 1286 1646 1352 vel
1665 1284 2091 1368 prmnulyata.
2122 1285 2449 1369 Explicant
2479 1284 2803 1349 discrimen

346 1386 535 1450 etiam
566 1404 604 1450 a
632 1389 959 1471 praecepto
991 1407 1105 1471 par
1137 1385 1515 1469 ‘tepeo-petuo
1545 1393 1621 1454 ut
1651 1388 1815 1454 infra
1844 1388 2101 1471 patebit.

431 1488 578 1553 Alia
623 1489 920 1556 definitio.
961 1488 1295 1556 Commune
1317 1494 1740 1571 praeceptum,
1777 1491 2027 1564 iustum,
2065 1488 2289 1555 stabile
2319 1493 2383 1553 et
2421 1489 2808 1572 sufficienter

332 1590 825 1674 prmnulyatum.

529 1694 595 1757 10
624 1693 1081 1775 Praeceptum:
1112 1696 1221 1762 ubi
1252 1695 1584 1778 superioris
1616 1695 1979 1780 designatur
2010 1695 2353 1761 auctoritas
2391 1695 2456 1759 et
2485 1694 2805 1759 distinctio

344 1814 382 1859 a
413 1796 655 1881 legibus
691 1798 1088 1881 permissiviS.

525 1901 595 1964 20
626 1898 999 1965 Commune:
1031 1901 1120 1967 sic
1141 1900 1552 1985 distinguitur
1583 1921 1620 1966 a
1651 1901 1917 1984 simplici
1940 1902 2285 1984 praecepto.
2318 1897 2562 1964 Sufficit
2594 1901 2802 1965 tamen

340 2003 417 2066 ut
451 2001 690 2067 feratur
742 2021 852 2085 pro
913 2004 1096 2069 coetu
1150 2003 1382 2085 alique,
1429 2003 1556 2068 imo
1604 2003 1660 2067 si
1703 2002 2154 2086 complectatur
2198 2020 2388 2066 unam
2434 2020 2799 2084 personam;

340 2103 678 2170 dummodo
723 2123 846 2170 non
877 2104 1236 2191 designetur
1271 2104 1553 2189 specialis
1601 2107 1664 2170 et
1707 2104 2049 2182 individua,
2098 2103 2202 2169 sed
2246 2104 2592 2189 generatim
2638 2103 2801 2168 desi-

337 2208 570 2292 gnetur
598 2207 729 2282 illa,
764 2208 873 2289 qui
909 2209 973 2273 et
1017 2228 1181 2273 nunc
1217 2210 1282 2273 et
1309 2209 1375 2272 in
1421 2209 1739 2292 posterum
1779 2207 2105 2291 occupabit
2142 2227 2200 2270 v.
2236 2227 2329 2291 gr.
2365 2205 2618 2290 aliquod
2669 2207 2803 2272 offi-

337 2309 527 2373 cium.
560 2309 644 2373 Et
679 2309 881 2393 reipsa
910 2310 1108 2376 fertur
1135 2311 1202 2375 in
1233 2310 1747 2377 communitatem
1780 2312 2087 2393 quatenus
2133 2309 2529 2393 praecipitur,
2564 2311 2642 2373 ut
2670 2310 2804 2391 qui-

336 2431 605 2494 cumque
635 2431 708 2477 ex
730 2413 1180 2478 communitate
1210 2414 1417 2479 locum
1447 2414 1630 2478 illum
1660 2414 1853 2490 tenet,
1877 2412 1977 2478 vel
2007 2411 2219 2477 coetus
2243 2411 2413 2476 1111113
2444 2429 2587 2549 pars
2611 2430 2804 2494 quan-

335 2515 687 2598 documque
722 2515 1009 2593 efficitur,
1043 2534 1114 2582 eo
1153 2517 1398 2582 statuto
1424 2515 1876 2602 adstringatur.

520 2619 591 2683 3⁰
621 2617 902 2684 Iustum:
933 2619 1095 2685 infra
1140 2620 1502 2704 explicatur.
1537 2617 1697 2684 Sunt
1730 2619 1841 2702 qui
1869 2618 2184 2684 iustitiam
2213 2618 2371 2703 legis
2406 2617 2684 2684 referunt
2723 2618 2800 2682 ad

329 2721 453 2788 1100
490 2740 757 2804 quoque,
789 2743 866 2788 ne
896 2722 1175 2806 superior
1204 2723 1457 2788 excedat
1490 2721 1557 2786 in
1585 2721 1854 2786 iubendo
1886 2740 2067 2786 suam
2097 2721 2494 2804 potestatem.

518 2826 591 2889 40
622 2823 900 2890 Stabile·
878 2874 894 2889 .
940 2845 1013 2890 ex
1041 2827 1271 2891 natura
1306 2843 1438 2902 sua,
1477 2843 1588 2889 nec
1613 2824 1843 2907 pendet
1874 2824 1952 2888 ab
1997 2823 2357 2889 exsistentia
2396 2824 2509 2888 aut
2554 2823 2800 2908 legisla-

328 2927 492 2993 toris
525 2927 714 2993 huius
750 2927 1145 2994 determinati
1177 2930 1289 2994 aut
1318 2929 1543 2993 horum
1573 2927 1945 3012 singillatim
1976 2927 2389 2992 subditorum.

519 3032 590 3095 50
621 3028 1023 3112 Suffleiemer
1038 3029 1549 3114 promulyatum:
1588 3030 1662 3094 de
1708 3048 1833 3111 quo
1870 3028 2051 3093 infra.

417 3128 607 3205 237.
634 3131 1031 3199 conditiones
1077 3133 1442 3199 intrinsecae
1478 3131 1635 3216 legis
1673 3150 1778 3196 sex
1825 3129 2027 3194 solent
2070 3127 2409 3203 numerari,
2460 3145 2678 3210 nempe
2725 3130 2800 3192 ut

324 3237 427 3302 lex
460 3237 551 3302 sit
586 3237 868 3310 honesta,
899 3237 1087 3312 iusta,
1126 3235 1457 3319 possibilis,
1498 3232 1694 3309 utilis,
1728 3229 2056 3313 respiciens
2087 3230 2320 3293 bonum
2364 3246 2691 3292 commune
2738 3230 2801 3293 et

323 3340 654 3423 perpetua.
703 3339 803 3402 Ita
848 3338 1257 3403 communiter
1303 3334 1585 3419 theologi
1615 3352 1687 3398 ex
1733 3332 1994 3398 Isidoro.
2026 3331 2100 3394 In
2137 3349 2272 3413 cap.
2306 3329 2470 3395 enim
2508 3327 2687 3393 Erit.
2736 3331 2797 3394 2.

322 3442 478 3508 dist.
505 3443 570 3505 4.
604 3442 956 3506 referuntur
984 3441 1138 3506 haec
1168 3439 1408 3506 Isidoro
1439 3438 1661 3503 verba:
1703 3461 1738 3495 ⁴<
1762 3434 1900 3499 Erit
1933 3435 2143 3499 autem
2166 3432 2291 3499 Lex
2327 3432 2608 3508 honesta,
2631 3431 2803 3497 iusta

317 3544 666 3628 possibilia
700 3544 1035 3609 secundum
1077 3545 1393 3615 naturam,
1427 3539 1764 3606 secundum
1802 3537 2041 3622 patriae
2088 3534 2619 3612 consuetudinem,
2662 3535 2799 3602 1000

317 3647 721 3733 temporique
744 3647 1130 3720 conveniens,
1161 3644 1525 3722 necessaria,
1558 3642 1757 3720 utilis,
1790 3640 2125 3706 manifesta
2154 3658 2420 3723 quoque,
2455 3658 2530 3705 ne
2564 3638 2799 3721 aliquid

313 3773 430 3835 per
484 3750 934 3817 obscuritatem
963 3749 1027 3813 in
1065 3749 1414 3832 captionem
1444 3746 1781 3823 contineat,
1813 3744 1988 3810 nullo
2013 3745 2256 3827 privato
2290 3741 2637 3818 0001100110,
2696 3741 2800 3805 3011

314 3875 434 3940 pro
468 3852 793 3920 communi
838 3852 1069 3916 civium
1114 3850 1393 3916 utilitate
1437 3849 1787 3932 conscripta
1822 3873 1884 3911 ».
1920 3845 2301 3929 Supponitur
2335 3846 2549 3909 autem
2596 3843 2798 3926 legem

313 3958 470 4022 ferri
505 3956 588 4021 ab
621 3973 693 4021 eo
727 3953 871 4019 vel
856 3954 934 4019 iis
957 3953 1066 4036 qui
1088 3954 1186 4018 1113
1217 3952 1296 4017 ad
1327 3952 1444 4017 hoc
1473 3952 1744 4017 habeant
1777 3970 1887 4015 000
1918 3967 2020 4014 003
2053 3946 2334 4011 excedere
2378 3944 2616 4008 limites
2650 3962 2798 4007 suae

308 4059 666 4143 potestatis
689 4076 798 4123 seu
827 4056 1293 4122 iurisdictionis.
1327 4056 1521 4121 Porro
1553 4021 1907 4118 iurisdicteb
1931 4053 2026 4115 est
2043 4051 2325 4129 potestas
2342 4045 2609 4127 publzca
2633 4047 2799 4108 circa

307 4162 605 4227 aliorum
651 4161 931 4242 reyimen
975 4163 1037 4223 et
1067 4159 1596 4241 yubernationem‚
1631 4159 1910 4241 potestas
1942 4152 2174 4217 30111001
2205 4148 2506 4234 dirigendi
2534 4147 2799 4212 aliorum

305 4268 503 4331 actus
539 4266 605 4329 et
638 4281 823 4347 opera
847 4263 925 4328 ad
956 4263 1189 4327 bonum
1227 4260 1562 4336 societatis,
1606 4257 1986 4342 obligatione
2016 4253 2331 4337 imposita.
2381 4250 2517 4331 Quo
2572 4251 2798 4334 posito,

300 4367 717 4434 conditiones
749 4385 857 4430 seu
880 4365 1218 4448 qualitates
1254 4363 1743 4429 necessariae'ut
1778 4361 1895 4437 lex,
1928 4376 2050 4423 non
2088 4357 2339 4421 tantum
2373 4354 2645 4438 perfecta
2696 4353 2797 4429 sit,

300 4472 418 4538 3011
454 4472 544 4535 ut
589 4467 956 4552 simpliciter
986 4468 1089 4546 sit,
1129 4468 1278 4531 sunt
1315 4467 1726 4529 enumeratae.

394 4575 579 4641 Sane
616 4572 684 4635 10
732 4570 913 4635 debet
947 4590 1077 4635 esse
1123 4568 1400 4646 honesta,
1434 4568 1526 4632 ita
1557 4569 1630 4632 ut
1677 4565 1731 4632 si
1768 4584 1926 4648 quae
1971 4564 2141 4648 leges
2187 4560 2550 4625 inducerent
2589 4558 2667 4622 ad
2706 4557 2801 4620 in·-
