<?xml version="1.0" encoding="UTF-8"?>
<!DOCTYPE html PUBLIC "-//W3C//DTD XHTML 1.0 Transitional//EN"
    "http://www.w3.org/TR/xhtml1/DTD/xhtml1-transitional.dtd">
<html xmlns="http://www.w3.org/1999/xhtml" xml:lang="en" lang="en">
 <head>
  <title>
</title>
<meta http-equiv="Content-Type" content="text/html;charset=utf-8" />
  <meta name='ocr-system' content='tesseract 3.04.00' />
  <meta name='ocr-capabilities' content='ocr_page ocr_carea ocr_par ocr_line ocrx_word'/>
</head>
<body>
  <div class='ocr_page' id='page_1' title='image "./opustheologicum00palmgoog/opustheologicum00palmgoog_0054.png"; bbox 0 0 3529 5158; ppageno 0'>
   <div class='ocr_carea' id='block_1_1' title="bbox 841 361 2790 406">
    <p class='ocr_par' dir='ltr' id='par_1_1' title="bbox 841 361 2790 406">
     <span class='ocr_line' id='line_1_1' title="bbox 841 361 2790 406; baseline 0.001 -6"><span class='ocrx_word' id='word_1_1' title='bbox 841 361 1331 406; x_wconf 75' lang='lat' dir='ltr'>PROPOSITIONUM</span> <span class='ocrx_word' id='word_1_2' title='bbox 1374 364 1825 404; x_wconf 70' lang='lat' dir='ltr'>DAMNATARUM.</span> <span class='ocrx_word' id='word_1_3' title='bbox 1864 364 1903 403; x_wconf 78' lang='lat' dir='ltr'>A</span> <span class='ocrx_word' id='word_1_4' title='bbox 1942 363 2122 403; x_wconf 78' lang='lat' dir='ltr'>CLEM.</span> <span class='ocrx_word' id='word_1_5' title='bbox 2163 363 2245 405; x_wconf 78' lang='lat' dir='ltr'>xl.</span> <span class='ocrx_word' id='word_1_6' title='bbox 2648 364 2790 403; x_wconf 78' lang='lat' dir='ltr'>xmx</span> 
     </span>
    </p>
   </div>
   <div class='ocr_carea' id='block_1_2' title="bbox 306 459 2859 4621">
    <p class='ocr_par' dir='ltr' id='par_1_2' title="bbox 342 459 2859 700">
     <span class='ocr_line' id='line_1_2' title="bbox 429 459 2859 540; baseline 0 -19"><span class='ocrx_word' id='word_1_7' title='bbox 429 462 534 521; x_wconf 88' lang='grc'>86.</span> <span class='ocrx_word' id='word_1_8' title='bbox 564 459 846 537; x_wconf 77' lang='lat' dir='ltr'>Eripere</span> <span class='ocrx_word' id='word_1_9' title='bbox 880 461 1168 537; x_wconf 82' lang='lat' dir='ltr'>simplici</span> <span class='ocrx_word' id='word_1_10' title='bbox 1191 463 1442 538; x_wconf 87' lang='lat' dir='ltr'>populo</span> <span class='ocrx_word' id='word_1_11' title='bbox 1465 463 1591 523; x_wconf 89' lang='lat' dir='ltr'>hoc</span> <span class='ocrx_word' id='word_1_12' title='bbox 1621 463 1957 540; x_wconf 91' lang='lat' dir='ltr'>solatium,</span> <span class='ocrx_word' id='word_1_13' title='bbox 1992 462 2316 539; x_wconf 87' lang='lat' dir='ltr'>iungendi</span> <span class='ocrx_word' id='word_1_14' title='bbox 2349 479 2574 523; x_wconf 88' lang='lat' dir='ltr'>vocem</span> <span class='ocrx_word' id='word_1_15' title='bbox 2608 479 2793 523; x_wconf 86' lang='lat' dir='ltr'>suam</span> <span class='ocrx_word' id='word_1_16' title='bbox 2853 469 2859 473; x_wconf 88' lang='grc'><strong>’</strong></span> 
     </span>
     <span class='ocr_line' id='line_1_3' title="bbox 342 549 2797 628; baseline 0 -17"><span class='ocrx_word' id='word_1_17' title='bbox 342 549 488 611; x_wconf 87' lang='lat' dir='ltr'>voci</span> <span class='ocrx_word' id='word_1_18' title='bbox 535 549 751 609; x_wconf 85' lang='lat' dir='ltr'>totius</span> <span class='ocrx_word' id='word_1_19' title='bbox 806 550 1161 628; x_wconf 74' lang='lat' dir='ltr'>Ecclesiae,</span> <span class='ocrx_word' id='word_1_20' title='bbox 1194 555 1299 611; x_wconf 89' lang='lat' dir='ltr'>est</span> <span class='ocrx_word' id='word_1_21' title='bbox 1328 569 1493 612; x_wconf 90' lang='lat' dir='ltr'>usus</span> <span class='ocrx_word' id='word_1_22' title='bbox 1529 552 1905 612; x_wconf 86' lang='lat' dir='ltr'>contrarius</span> <span class='ocrx_word' id='word_1_23' title='bbox 1937 550 2128 626; x_wconf 85' lang='lat' dir='ltr'>pra-xi</span> <span class='ocrx_word' id='word_1_24' title='bbox 2160 552 2565 626; x_wconf 86' lang='lat' dir='ltr'>apostolicae</span> <span class='ocrx_word' id='word_1_25' title='bbox 2595 555 2666 612; x_wconf 90' lang='lat' dir='ltr'>et</span> <span class='ocrx_word' id='word_1_26' title='bbox 2694 552 2797 612; x_wconf 91' lang='lat' dir='ltr'>in-</span> 
     </span>
     <span class='ocr_line' id='line_1_4' title="bbox 345 637 827 700; baseline -0.004 0"><span class='ocrx_word' id='word_1_27' title='bbox 345 637 631 700; x_wconf 88' lang='lat' dir='ltr'>tentioni</span> <span class='ocrx_word' id='word_1_28' title='bbox 679 638 827 698; x_wconf 88' lang='lat' dir='ltr'>Dei.</span> 
     </span>
    </p>

    <p class='ocr_par' dir='ltr' id='par_1_3' title="bbox 342 726 2796 1074">
     <span class='ocr_line' id='line_1_5' title="bbox 431 726 2794 810; baseline 0 -22"><span class='ocrx_word' id='word_1_29' title='bbox 431 730 537 788; x_wconf 82' lang='grc'>87.</span> <span class='ocrx_word' id='word_1_30' title='bbox 571 726 813 788; x_wconf 89' lang='lat' dir='ltr'>Modus</span> <span class='ocrx_word' id='word_1_31' title='bbox 860 729 1099 803; x_wconf 90' lang='lat' dir='ltr'>plenus</span> <span class='ocrx_word' id='word_1_32' title='bbox 1144 729 1496 807; x_wconf 78' lang='lat' dir='ltr'>sapientia,</span> <span class='ocrx_word' id='word_1_33' title='bbox 1546 730 1801 789; x_wconf 89' lang='lat' dir='ltr'>lumine</span> <span class='ocrx_word' id='word_1_34' title='bbox 1849 733 1919 790; x_wconf 90' lang='lat' dir='ltr'>et</span> <span class='ocrx_word' id='word_1_35' title='bbox 1966 731 2267 810; x_wconf 88' lang='lat' dir='ltr'>caritate,</span> <span class='ocrx_word' id='word_1_36' title='bbox 2301 735 2408 790; x_wconf 88' lang='lat' dir='ltr'>est</span> <span class='ocrx_word' id='word_1_37' title='bbox 2447 730 2605 789; x_wconf 85' lang='lat' dir='ltr'>dare</span> <span class='ocrx_word' id='word_1_38' title='bbox 2651 731 2794 790; x_wconf 89' lang='lat' dir='ltr'>ani-</span> 
     </span>
     <span class='ocr_line' id='line_1_6' title="bbox 344 816 2796 894; baseline 0.002 -19"><span class='ocrx_word' id='word_1_39' title='bbox 344 816 577 876; x_wconf 85' lang='lat' dir='ltr'>mabus</span> <span class='ocrx_word' id='word_1_40' title='bbox 624 818 890 892; x_wconf 87' lang='lat' dir='ltr'>tempus</span> <span class='ocrx_word' id='word_1_41' title='bbox 935 818 1250 892; x_wconf 87' lang='lat' dir='ltr'>portandi</span> <span class='ocrx_word' id='word_1_42' title='bbox 1295 836 1444 878; x_wconf 90' lang='lat' dir='ltr'>cum</span> <span class='ocrx_word' id='word_1_43' title='bbox 1475 818 1860 879; x_wconf 87' lang='lat' dir='ltr'>humilitate</span> <span class='ocrx_word' id='word_1_44' title='bbox 1896 821 1965 879; x_wconf 92' lang='lat' dir='ltr'>et</span> <span class='ocrx_word' id='word_1_45' title='bbox 1995 818 2330 879; x_wconf 87' lang='lat' dir='ltr'>sentiendi</span> <span class='ocrx_word' id='word_1_46' title='bbox 2362 822 2613 879; x_wconf 88' lang='lat' dir='ltr'>statum</span> <span class='ocrx_word' id='word_1_47' title='bbox 2644 835 2796 894; x_wconf 87' lang='lat' dir='ltr'>pec-</span> 
     </span>
     <span class='ocr_line' id='line_1_7' title="bbox 343 905 2790 983; baseline 0 -17"><span class='ocrx_word' id='word_1_48' title='bbox 343 905 495 983; x_wconf 86' lang='lat' dir='ltr'>cati,</span> <span class='ocrx_word' id='word_1_49' title='bbox 534 905 811 980; x_wconf 86' lang='lat' dir='ltr'>petendi</span> <span class='ocrx_word' id='word_1_50' title='bbox 858 907 1171 982; x_wconf 88' lang='lat' dir='ltr'>spiritum</span> <span class='ocrx_word' id='word_1_51' title='bbox 1223 907 1679 982; x_wconf 82' lang='lat' dir='ltr'>poenitentiae</span> <span class='ocrx_word' id='word_1_52' title='bbox 1725 911 1796 967; x_wconf 90' lang='lat' dir='ltr'>et</span> <span class='ocrx_word' id='word_1_53' title='bbox 1841 908 2267 969; x_wconf 79' lang='lat' dir='ltr'>contritionis</span> <span class='ocrx_word' id='word_1_54' title='bbox 2315 911 2385 967; x_wconf 86' lang='lat' dir='ltr'>et</span> <span class='ocrx_word' id='word_1_55' title='bbox 2431 907 2790 983; x_wconf 89' lang='lat' dir='ltr'>incipiendi</span> 
     </span>
     <span class='ocr_line' id='line_1_8' title="bbox 342 994 2628 1074; baseline 0.001 -20"><span class='ocrx_word' id='word_1_56' title='bbox 342 994 425 1054; x_wconf 86' lang='lat' dir='ltr'>ad</span> <span class='ocrx_word' id='word_1_57' title='bbox 471 994 696 1054; x_wconf 90' lang='lat' dir='ltr'>minus</span> <span class='ocrx_word' id='word_1_58' title='bbox 740 995 1128 1056; x_wconf 77' lang='lat' dir='ltr'>satisfacere</span> <span class='ocrx_word' id='word_1_59' title='bbox 1172 996 1473 1056; x_wconf 86' lang='lat' dir='ltr'>iustitiae</span> <span class='ocrx_word' id='word_1_60' title='bbox 1506 996 1653 1074; x_wconf 90' lang='lat' dir='ltr'>Dei,</span> <span class='ocrx_word' id='word_1_61' title='bbox 1702 1000 2060 1071; x_wconf 88' lang='lat' dir='ltr'>antequam</span> <span class='ocrx_word' id='word_1_62' title='bbox 2095 996 2628 1057; x_wconf 86' lang='lat' dir='ltr'>reconcilientur.</span> 
     </span>
    </p>

    <p class='ocr_par' dir='ltr' id='par_1_4' title="bbox 340 1084 2795 1411">
     <span class='ocr_line' id='line_1_9' title="bbox 431 1084 2795 1164; baseline 0.002 -21"><span class='ocrx_word' id='word_1_63' title='bbox 431 1085 536 1143; x_wconf 92' lang='grc'>88.</span> <span class='ocrx_word' id='word_1_64' title='bbox 588 1084 987 1160; x_wconf 88' lang='lat' dir='ltr'>Ignoramus</span> <span class='ocrx_word' id='word_1_65' title='bbox 1032 1084 1197 1160; x_wconf 87' lang='lat' dir='ltr'>quid</span> <span class='ocrx_word' id='word_1_66' title='bbox 1242 1085 1334 1146; x_wconf 90' lang='lat' dir='ltr'>sit</span> <span class='ocrx_word' id='word_1_67' title='bbox 1378 1090 1726 1160; x_wconf 89' lang='lat' dir='ltr'>peccatum</span> <span class='ocrx_word' id='word_1_68' title='bbox 1757 1088 1827 1145; x_wconf 89' lang='lat' dir='ltr'>et</span> <span class='ocrx_word' id='word_1_69' title='bbox 1859 1102 2020 1146; x_wconf 86' lang='lat' dir='ltr'>vera</span> <span class='ocrx_word' id='word_1_70' title='bbox 2055 1085 2492 1164; x_wconf 86' lang='lat' dir='ltr'>poenitentia,</span> <span class='ocrx_word' id='word_1_71' title='bbox 2526 1085 2795 1160; x_wconf 87' lang='lat' dir='ltr'>quando</span> 
     </span>
     <span class='ocr_line' id='line_1_10' title="bbox 341 1174 2795 1253; baseline 0.001 -21"><span class='ocrx_word' id='word_1_72' title='bbox 341 1174 653 1232; x_wconf 91' lang='lat' dir='ltr'>volumus</span> <span class='ocrx_word' id='word_1_73' title='bbox 700 1174 931 1233; x_wconf 85' lang='lat' dir='ltr'>statim</span> <span class='ocrx_word' id='word_1_74' title='bbox 978 1174 1240 1234; x_wconf 88' lang='lat' dir='ltr'>restitui</span> <span class='ocrx_word' id='word_1_75' title='bbox 1277 1174 1680 1249; x_wconf 89' lang='lat' dir='ltr'>possessioni</span> <span class='ocrx_word' id='word_1_76' title='bbox 1713 1175 2033 1234; x_wconf 89' lang='lat' dir='ltr'>bonorum</span> <span class='ocrx_word' id='word_1_77' title='bbox 2071 1176 2358 1253; x_wconf 87' lang='lat' dir='ltr'>illorum,</span> <span class='ocrx_word' id='word_1_78' title='bbox 2392 1174 2639 1249; x_wconf 88' lang='lat' dir='ltr'>quibus</span> <span class='ocrx_word' id='word_1_79' title='bbox 2672 1191 2795 1235; x_wconf 89' lang='lat' dir='ltr'>nos</span> 
     </span>
     <span class='ocr_line' id='line_1_11' title="bbox 340 1262 2794 1338; baseline 0.001 -17"><span class='ocrx_word' id='word_1_80' title='bbox 340 1264 688 1337; x_wconf 87' lang='lat' dir='ltr'>peccatum</span> <span class='ocrx_word' id='word_1_81' title='bbox 730 1262 1052 1337; x_wconf 88' lang='lat' dir='ltr'>spoliavit</span> <span class='ocrx_word' id='word_1_82' title='bbox 1097 1265 1167 1323; x_wconf 84' lang='lat' dir='ltr'>et</span> <span class='ocrx_word' id='word_1_83' title='bbox 1211 1263 1657 1324; x_wconf 77' lang='lat' dir='ltr'>detrectamus</span> <span class='ocrx_word' id='word_1_84' title='bbox 1702 1264 2142 1338; x_wconf 80' lang='lat' dir='ltr'>separationis</span> <span class='ocrx_word' id='word_1_85' title='bbox 2186 1264 2387 1325; x_wconf 88' lang='lat' dir='ltr'>istius</span> <span class='ocrx_word' id='word_1_86' title='bbox 2421 1262 2593 1324; x_wconf 87' lang='lat' dir='ltr'>ferre</span> <span class='ocrx_word' id='word_1_87' title='bbox 2639 1280 2794 1325; x_wconf 88' lang='lat' dir='ltr'>con-</span> 
     </span>
     <span class='ocr_line' id='line_1_12' title="bbox 342 1350 692 1411; baseline -0.003 -1"><span class='ocrx_word' id='word_1_88' title='bbox 342 1350 692 1411; x_wconf 87' lang='lat' dir='ltr'>fusionem.</span> 
     </span>
    </p>

    <p class='ocr_par' dir='ltr' id='par_1_5' title="bbox 343 1439 2796 1607">
     <span class='ocr_line' id='line_1_13' title="bbox 434 1439 2796 1520; baseline -0 -20"><span class='ocrx_word' id='word_1_89' title='bbox 434 1442 539 1500; x_wconf 85' lang='lat'>89.</span> <span class='ocrx_word' id='word_1_90' title='bbox 592 1439 1189 1512; x_wconf 79' lang='lat' dir='ltr'>Quartusdecimus</span> <span class='ocrx_word' id='word_1_91' title='bbox 1235 1440 1483 1517; x_wconf 86' lang='lat' dir='ltr'>gradus</span> <span class='ocrx_word' id='word_1_92' title='bbox 1529 1442 1985 1501; x_wconf 78' lang='lat' dir='ltr'>conversionis</span> <span class='ocrx_word' id='word_1_93' title='bbox 2031 1441 2398 1517; x_wconf 86' lang='lat' dir='ltr'>peccatoris</span> <span class='ocrx_word' id='word_1_94' title='bbox 2446 1444 2568 1520; x_wconf 89' lang='lat' dir='ltr'>est,</span> <span class='ocrx_word' id='word_1_95' title='bbox 2617 1441 2796 1516; x_wconf 88' lang='lat' dir='ltr'>quod</span> 
     </span>
     <span class='ocr_line' id='line_1_14' title="bbox 343 1528 2795 1607; baseline 0.001 -19"><span class='ocrx_word' id='word_1_96' title='bbox 343 1546 493 1588; x_wconf 88' lang='lat' dir='ltr'>cum</span> <span class='ocrx_word' id='word_1_97' title='bbox 519 1529 611 1589; x_wconf 88' lang='lat' dir='ltr'>sit</span> <span class='ocrx_word' id='word_1_98' title='bbox 637 1528 770 1588; x_wconf 86' lang='lat' dir='ltr'>iam</span> <span class='ocrx_word' id='word_1_99' title='bbox 803 1530 1291 1607; x_wconf 88' lang='lat' dir='ltr'>reconciliatus,</span> <span class='ocrx_word' id='word_1_100' title='bbox 1324 1531 1530 1590; x_wconf 86' lang='lat' dir='ltr'>habet</span> <span class='ocrx_word' id='word_1_101' title='bbox 1558 1530 1665 1591; x_wconf 89' lang='lat' dir='ltr'>ius</span> <span class='ocrx_word' id='word_1_102' title='bbox 1688 1530 2048 1591; x_wconf 87' lang='lat' dir='ltr'>assistendi</span> <span class='ocrx_word' id='word_1_103' title='bbox 2075 1531 2413 1591; x_wconf 82' lang='lat' dir='ltr'>Sacrificio</span> <span class='ocrx_word' id='word_1_104' title='bbox 2438 1530 2795 1590; x_wconf 80' lang='lat' dir='ltr'>Ecclesiae.</span> 
     </span>
    </p>

    <p class='ocr_par' dir='ltr' id='par_1_6' title="bbox 340 1617 2799 1871">
     <span class='ocr_line' id='line_1_15' title="bbox 435 1617 2798 1695; baseline 0 -17"><span class='ocrx_word' id='word_1_105' title='bbox 435 1620 539 1678; x_wconf 85' lang='lat'>90.</span> <span class='ocrx_word' id='word_1_106' title='bbox 578 1617 876 1678; x_wconf 78' lang='lat' dir='ltr'>Ecclesia</span> <span class='ocrx_word' id='word_1_107' title='bbox 905 1620 1373 1680; x_wconf 86' lang='lat' dir='ltr'>auctoritatem</span> <span class='ocrx_word' id='word_1_108' title='bbox 1404 1619 2024 1679; x_wconf 82' lang='lat' dir='ltr'>excommunicandi</span> <span class='ocrx_word' id='word_1_109' title='bbox 2055 1620 2277 1695; x_wconf 85' lang='lat' dir='ltr'>habet,</span> <span class='ocrx_word' id='word_1_110' title='bbox 2313 1624 2392 1678; x_wconf 90' lang='lat' dir='ltr'>ut</span> <span class='ocrx_word' id='word_1_111' title='bbox 2422 1636 2566 1678; x_wconf 87' lang='lat' dir='ltr'>eam</span> <span class='ocrx_word' id='word_1_112' title='bbox 2613 1634 2798 1679; x_wconf 83' lang='lat' dir='ltr'>exer-</span> 
     </span>
     <span class='ocr_line' id='line_1_16' title="bbox 342 1707 2799 1785; baseline 0 -18"><span class='ocrx_word' id='word_1_113' title='bbox 342 1709 492 1767; x_wconf 85' lang='lat' dir='ltr'>ceat</span> <span class='ocrx_word' id='word_1_114' title='bbox 536 1723 655 1783; x_wconf 89' lang='lat' dir='ltr'>per</span> <span class='ocrx_word' id='word_1_115' title='bbox 700 1707 948 1782; x_wconf 90' lang='lat' dir='ltr'>primos</span> <span class='ocrx_word' id='word_1_116' title='bbox 995 1712 1313 1785; x_wconf 72' lang='lat' dir='ltr'>pastores,</span> <span class='ocrx_word' id='word_1_117' title='bbox 1363 1708 1447 1767; x_wconf 88' lang='lat' dir='ltr'>de</span> <span class='ocrx_word' id='word_1_118' title='bbox 1494 1724 1822 1767; x_wconf 84' lang='lat' dir='ltr'>consensu</span> <span class='ocrx_word' id='word_1_119' title='bbox 1855 1708 2093 1767; x_wconf 86' lang='lat' dir='ltr'>saltem</span> <span class='ocrx_word' id='word_1_120' title='bbox 2125 1710 2554 1782; x_wconf 87' lang='lat' dir='ltr'>praesumpto</span> <span class='ocrx_word' id='word_1_121' title='bbox 2585 1707 2799 1767; x_wconf 89' lang='lat' dir='ltr'>totius</span> 
     </span>
     <span class='ocr_line' id='line_1_17' title="bbox 340 1812 655 1871; baseline -0.006 -14"><span class='ocrx_word' id='word_1_122' title='bbox 340 1812 655 1871; x_wconf 77' lang='lat' dir='ltr'>corporis.</span> 
     </span>
    </p>

    <p class='ocr_par' dir='ltr' id='par_1_7' title="bbox 340 1885 2800 2229">
     <span class='ocr_line' id='line_1_18' title="bbox 435 1885 2798 1960; baseline -0.001 -14"><span class='ocrx_word' id='word_1_123' title='bbox 435 1888 542 1946; x_wconf 87' lang='grc'>91.</span> <span class='ocrx_word' id='word_1_124' title='bbox 584 1886 1309 1946; x_wconf 81' lang='lat' dir='ltr'>Excommunicationis</span> <span class='ocrx_word' id='word_1_125' title='bbox 1354 1885 1640 1946; x_wconf 85' lang='lat' dir='ltr'>iniustae</span> <span class='ocrx_word' id='word_1_126' title='bbox 1672 1890 1893 1945; x_wconf 89' lang='lat' dir='ltr'>metus</span> <span class='ocrx_word' id='word_1_127' title='bbox 1923 1902 2261 1960; x_wconf 89' lang='lat' dir='ltr'>nunquam</span> <span class='ocrx_word' id='word_1_128' title='bbox 2297 1885 2496 1944; x_wconf 88' lang='lat' dir='ltr'>debet</span> <span class='ocrx_word' id='word_1_129' title='bbox 2525 1901 2648 1945; x_wconf 91' lang='lat' dir='ltr'>nos</span> <span class='ocrx_word' id='word_1_130' title='bbox 2680 1885 2798 1944; x_wconf 89' lang='lat' dir='ltr'>im-</span> 
     </span>
     <span class='ocr_line' id='line_1_19' title="bbox 342 1973 2800 2051; baseline 0 -17"><span class='ocrx_word' id='word_1_131' title='bbox 342 1973 578 2050; x_wconf 90' lang='lat' dir='ltr'>pedire</span> <span class='ocrx_word' id='word_1_132' title='bbox 623 1975 709 2034; x_wconf 89' lang='lat' dir='ltr'>ab</span> <span class='ocrx_word' id='word_1_133' title='bbox 758 1974 1094 2051; x_wconf 91' lang='lat' dir='ltr'>implendo</span> <span class='ocrx_word' id='word_1_134' title='bbox 1125 1975 1353 2035; x_wconf 89' lang='lat' dir='ltr'>debito</span> <span class='ocrx_word' id='word_1_135' title='bbox 1391 1979 1653 2035; x_wconf 87' lang='lat' dir='ltr'>nostro:</span> <span class='ocrx_word' id='word_1_136' title='bbox 1687 1991 2054 2048; x_wconf 82' lang='lat' dir='ltr'>numquam</span> <span class='ocrx_word' id='word_1_137' title='bbox 2092 1974 2352 2035; x_wconf 84' lang='lat' dir='ltr'>eximus</span> <span class='ocrx_word' id='word_1_138' title='bbox 2382 1974 2468 2034; x_wconf 87' lang='lat' dir='ltr'>ab</span> <span class='ocrx_word' id='word_1_139' title='bbox 2500 1973 2800 2034; x_wconf 79' lang='lat' dir='ltr'>Ecclesia</span> 
     </span>
     <span class='ocr_line' id='line_1_20' title="bbox 340 2063 2798 2141; baseline -0 -17"><span class='ocrx_word' id='word_1_140' title='bbox 340 2063 551 2124; x_wconf 87' lang='lat' dir='ltr'>etiam</span> <span class='ocrx_word' id='word_1_141' title='bbox 596 2064 866 2139; x_wconf 86' lang='lat' dir='ltr'>quando</span> <span class='ocrx_word' id='word_1_142' title='bbox 919 2064 1260 2124; x_wconf 88' lang='lat' dir='ltr'>hominum</span> <span class='ocrx_word' id='word_1_143' title='bbox 1314 2064 1619 2138; x_wconf 85' lang='lat' dir='ltr'>nequitia</span> <span class='ocrx_word' id='word_1_144' title='bbox 1664 2064 1975 2123; x_wconf 89' lang='lat' dir='ltr'>videmur</span> <span class='ocrx_word' id='word_1_145' title='bbox 1998 2064 2083 2123; x_wconf 88' lang='lat' dir='ltr'>ab</span> <span class='ocrx_word' id='word_1_146' title='bbox 2114 2063 2500 2141; x_wconf 82' lang='lat' dir='ltr'>eaexpulsi,</span> <span class='ocrx_word' id='word_1_147' title='bbox 2527 2063 2798 2137; x_wconf 86' lang='lat' dir='ltr'>quando</span> 
     </span>
     <span class='ocr_line' id='line_1_21' title="bbox 341 2152 2795 2229; baseline -0.001 -16"><span class='ocrx_word' id='word_1_148' title='bbox 341 2153 510 2227; x_wconf 87' lang='lat' dir='ltr'>Deo,</span> <span class='ocrx_word' id='word_1_149' title='bbox 546 2153 702 2213; x_wconf 86' lang='lat' dir='ltr'>Iesu</span> <span class='ocrx_word' id='word_1_150' title='bbox 736 2153 1006 2214; x_wconf 81' lang='lat' dir='ltr'>Christo</span> <span class='ocrx_word' id='word_1_151' title='bbox 1041 2157 1247 2228; x_wconf 88' lang='lat' dir='ltr'>atque</span> <span class='ocrx_word' id='word_1_152' title='bbox 1280 2153 1408 2229; x_wconf 89' lang='lat' dir='ltr'>ipsi</span> <span class='ocrx_word' id='word_1_153' title='bbox 1441 2153 1780 2213; x_wconf 87' lang='lat' dir='ltr'>Ecclesiae</span> <span class='ocrx_word' id='word_1_154' title='bbox 1810 2170 1929 2228; x_wconf 88' lang='lat' dir='ltr'>per</span> <span class='ocrx_word' id='word_1_155' title='bbox 1954 2153 2302 2213; x_wconf 85' lang='lat' dir='ltr'>caritatem</span> <span class='ocrx_word' id='word_1_156' title='bbox 2334 2152 2514 2211; x_wconf 80' lang='lat' dir='ltr'>affixi</span> <span class='ocrx_word' id='word_1_157' title='bbox 2547 2168 2795 2213; x_wconf 88' lang='lat' dir='ltr'>sumus.</span> 
     </span>
    </p>

    <p class='ocr_par' dir='ltr' id='par_1_8' title="bbox 339 2241 2800 2569">
     <span class='ocr_line' id='line_1_22' title="bbox 428 2241 2798 2317; baseline -0 -15"><span class='ocrx_word' id='word_1_158' title='bbox 428 2243 540 2302; x_wconf 84' lang='lat'>92.</span> <span class='ocrx_word' id='word_1_159' title='bbox 574 2241 730 2301; x_wconf 90' lang='lat' dir='ltr'>Pati</span> <span class='ocrx_word' id='word_1_160' title='bbox 764 2243 990 2317; x_wconf 89' lang='lat' dir='ltr'>potius</span> <span class='ocrx_word' id='word_1_161' title='bbox 1022 2243 1091 2302; x_wconf 90' lang='lat' dir='ltr'>in</span> <span class='ocrx_word' id='word_1_162' title='bbox 1126 2258 1287 2317; x_wconf 87' lang='lat' dir='ltr'>pace</span> <span class='ocrx_word' id='word_1_163' title='bbox 1320 2243 2072 2302; x_wconf 84' lang='lat' dir='ltr'>excommunicat-ionem</span> <span class='ocrx_word' id='word_1_164' title='bbox 2121 2244 2191 2301; x_wconf 83' lang='lat' dir='ltr'>et</span> <span class='ocrx_word' id='word_1_165' title='bbox 2222 2242 2579 2301; x_wconf 73' lang='lat' dir='ltr'>anatliema</span> <span class='ocrx_word' id='word_1_166' title='bbox 2623 2241 2798 2301; x_wconf 89' lang='lat' dir='ltr'>iniu-</span> 
     </span>
     <span class='ocr_line' id='line_1_23' title="bbox 340 2330 2799 2407; baseline -0.001 -16"><span class='ocrx_word' id='word_1_167' title='bbox 340 2334 546 2407; x_wconf 89' lang='lat' dir='ltr'>stum,</span> <span class='ocrx_word' id='word_1_168' title='bbox 581 2348 779 2406; x_wconf 90' lang='lat' dir='ltr'>quam</span> <span class='ocrx_word' id='word_1_169' title='bbox 811 2331 1091 2406; x_wconf 87' lang='lat' dir='ltr'>prodere</span> <span class='ocrx_word' id='word_1_170' title='bbox 1124 2332 1504 2407; x_wconf 76' lang='lat' dir='ltr'>veritatem,</span> <span class='ocrx_word' id='word_1_171' title='bbox 1545 2335 1650 2392; x_wconf 90' lang='lat' dir='ltr'>est</span> <span class='ocrx_word' id='word_1_172' title='bbox 1680 2331 1930 2390; x_wconf 88' lang='lat' dir='ltr'>imitari</span> <span class='ocrx_word' id='word_1_173' title='bbox 1963 2334 2267 2390; x_wconf 87' lang='lat' dir='ltr'>sanctum</span> <span class='ocrx_word' id='word_1_174' title='bbox 2301 2330 2614 2389; x_wconf 85' lang='lat' dir='ltr'>Paulum:</span> <span class='ocrx_word' id='word_1_175' title='bbox 2650 2334 2799 2388; x_wconf 87' lang='lat' dir='ltr'>tan-</span> 
     </span>
     <span class='ocr_line' id='line_1_24' title="bbox 339 2417 2800 2497; baseline -0 -18"><span class='ocrx_word' id='word_1_176' title='bbox 339 2422 480 2479; x_wconf 88' lang='lat' dir='ltr'>tum</span> <span class='ocrx_word' id='word_1_177' title='bbox 551 2420 762 2497; x_wconf 87' lang='lat' dir='ltr'>abest,</span> <span class='ocrx_word' id='word_1_178' title='bbox 817 2424 897 2480; x_wconf 90' lang='lat' dir='ltr'>ut</span> <span class='ocrx_word' id='word_1_179' title='bbox 948 2421 1039 2481; x_wconf 90' lang='lat' dir='ltr'>sit</span> <span class='ocrx_word' id='word_1_180' title='bbox 1091 2420 1346 2497; x_wconf 87' lang='lat' dir='ltr'>erigere</span> <span class='ocrx_word' id='word_1_181' title='bbox 1401 2437 1472 2479; x_wconf 83' lang='lat' dir='ltr'>se</span> <span class='ocrx_word' id='word_1_182' title='bbox 1504 2426 1737 2479; x_wconf 87' lang='lat' dir='ltr'>contra</span> <span class='ocrx_word' id='word_1_183' title='bbox 1790 2420 2258 2479; x_wconf 86' lang='lat' dir='ltr'>auctoritatem</span> <span class='ocrx_word' id='word_1_184' title='bbox 2318 2421 2439 2478; x_wconf 87' lang='lat' dir='ltr'>aut</span> <span class='ocrx_word' id='word_1_185' title='bbox 2498 2417 2800 2479; x_wconf 84' lang='lat' dir='ltr'>scindere</span> 
     </span>
     <span class='ocr_line' id='line_1_25' title="bbox 340 2509 699 2569; baseline 0 -1"><span class='ocrx_word' id='word_1_186' title='bbox 340 2509 699 2569; x_wconf 87' lang='lat' dir='ltr'>unitatem.</span> 
     </span>
    </p>

    <p class='ocr_par' dir='ltr' id='par_1_9' title="bbox 320 2597 2800 2853">
     <span class='ocr_line' id='line_1_26' title="bbox 320 2597 2800 2675; baseline -0.001 -16"><span class='ocrx_word' id='word_1_187' title='bbox 320 2636 329 2642; x_wconf 85' lang='lat'>-</span> <span class='ocrx_word' id='word_1_188' title='bbox 432 2601 543 2659; x_wconf 89' lang='grc'>93.</span> <span class='ocrx_word' id='word_1_189' title='bbox 588 2599 779 2659; x_wconf 89' lang='lat' dir='ltr'>Iesus</span> <span class='ocrx_word' id='word_1_190' title='bbox 811 2599 1213 2674; x_wconf 87' lang='lat' dir='ltr'>quandoque</span> <span class='ocrx_word' id='word_1_191' title='bbox 1259 2601 1454 2659; x_wconf 83' lang='lat' dir='ltr'>sanat</span> <span class='ocrx_word' id='word_1_192' title='bbox 1500 2599 1800 2675; x_wconf 90' lang='lat' dir='ltr'>vulnera,</span> <span class='ocrx_word' id='word_1_193' title='bbox 1850 2615 2022 2673; x_wconf 86' lang='lat' dir='ltr'>quae</span> <span class='ocrx_word' id='word_1_194' title='bbox 2070 2613 2390 2672; x_wconf 88' lang='lat' dir='ltr'>praeceps</span> <span class='ocrx_word' id='word_1_195' title='bbox 2435 2597 2800 2672; x_wconf 86' lang='lat' dir='ltr'>primorum</span> 
     </span>
     <span class='ocr_line' id='line_1_27' title="bbox 340 2685 2798 2764; baseline -0.001 -16"><span class='ocrx_word' id='word_1_196' title='bbox 340 2695 690 2764; x_wconf 85' lang='lat' dir='ltr'>pastorum</span> <span class='ocrx_word' id='word_1_197' title='bbox 738 2687 1082 2747; x_wconf 83' lang='lat' dir='ltr'>festinatio</span> <span class='ocrx_word' id='word_1_198' title='bbox 1129 2687 1379 2763; x_wconf 86' lang='lat' dir='ltr'>infligit</span> <span class='ocrx_word' id='word_1_199' title='bbox 1424 2687 1567 2746; x_wconf 89' lang='lat' dir='ltr'>sine</span> <span class='ocrx_word' id='word_1_200' title='bbox 1611 2688 1826 2762; x_wconf 89' lang='lat' dir='ltr'>ipsius</span> <span class='ocrx_word' id='word_1_201' title='bbox 1873 2687 2204 2747; x_wconf 81' lang='lat' dir='ltr'>mandato·</span> <span class='ocrx_word' id='word_1_202' title='bbox 2244 2686 2432 2746; x_wconf 91' lang='lat' dir='ltr'>Iesus</span> <span class='ocrx_word' id='word_1_203' title='bbox 2478 2685 2798 2764; x_wconf 88' lang='lat' dir='ltr'>restituit,</span> 
     </span>
     <span class='ocr_line' id='line_1_28' title="bbox 343 2776 1833 2853; baseline -0.002 -15"><span class='ocrx_word' id='word_1_204' title='bbox 343 2776 523 2853; x_wconf 90' lang='lat' dir='ltr'>quod</span> <span class='ocrx_word' id='word_1_205' title='bbox 560 2776 694 2851; x_wconf 92' lang='lat' dir='ltr'>ipsi</span> <span class='ocrx_word' id='word_1_206' title='bbox 724 2776 1218 2837; x_wconf 86' lang='lat' dir='ltr'>inconsiderato</span> <span class='ocrx_word' id='word_1_207' title='bbox 1253 2778 1393 2836; x_wconf 88' lang='lat' dir='ltr'>zelo</span> <span class='ocrx_word' id='word_1_208' title='bbox 1426 2776 1833 2836; x_wconf 88' lang='lat' dir='ltr'>rescindunt.</span> 
     </span>
    </p>

    <p class='ocr_par' dir='ltr' id='par_1_10' title="bbox 340 2863 2802 3121">
     <span class='ocr_line' id='line_1_29' title="bbox 431 2863 2799 2941; baseline -0.001 -14"><span class='ocrx_word' id='word_1_209' title='bbox 431 2869 543 2927; x_wconf 83' lang='lat'>94.</span> <span class='ocrx_word' id='word_1_210' title='bbox 580 2865 767 2925; x_wconf 81' lang='lat' dir='ltr'>Nihil</span> <span class='ocrx_word' id='word_1_211' title='bbox 805 2866 1091 2940; x_wconf 86' lang='lat' dir='ltr'>peiorem</span> <span class='ocrx_word' id='word_1_212' title='bbox 1142 2865 1224 2924; x_wconf 85' lang='lat' dir='ltr'>‹le</span> <span class='ocrx_word' id='word_1_213' title='bbox 1264 2865 1562 2925; x_wconf 87' lang='lat' dir='ltr'>Ecclesia</span> <span class='ocrx_word' id='word_1_214' title='bbox 1607 2865 1986 2940; x_wconf 86' lang='lat' dir='ltr'>opinionem</span> <span class='ocrx_word' id='word_1_215' title='bbox 2027 2865 2277 2941; x_wconf 87' lang='lat' dir='ltr'>ingerit</span> <span class='ocrx_word' id='word_1_216' title='bbox 2314 2863 2458 2923; x_wconf 86' lang='lat' dir='ltr'>eius</span> <span class='ocrx_word' id='word_1_217' title='bbox 2491 2863 2799 2940; x_wconf 91' lang='lat' dir='ltr'>inimicis,</span> 
     </span>
     <span class='ocr_line' id='line_1_30' title="bbox 340 2952 2802 3031; baseline -0 -17"><span class='ocrx_word' id='word_1_218' title='bbox 340 2972 543 3031; x_wconf 85' lang='lat' dir='ltr'>quam</span> <span class='ocrx_word' id='word_1_219' title='bbox 581 2954 811 3014; x_wconf 84' lang='lat' dir='ltr'>videre</span> <span class='ocrx_word' id='word_1_220' title='bbox 843 2954 981 3014; x_wconf 89' lang='lat' dir='ltr'>illic</span> <span class='ocrx_word' id='word_1_221' title='bbox 1026 2955 1439 3014; x_wconf 89' lang='lat' dir='ltr'>dominatum</span> <span class='ocrx_word' id='word_1_222' title='bbox 1467 2955 1758 3014; x_wconf 83' lang='lat' dir='ltr'>exerceri</span> <span class='ocrx_word' id='word_1_223' title='bbox 1809 2971 2011 3029; x_wconf 86' lang='lat' dir='ltr'>snpra</span> <span class='ocrx_word' id='word_1_224' title='bbox 2042 2955 2240 3014; x_wconf 85' lang='lat' dir='ltr'>fidem</span> <span class='ocrx_word' id='word_1_225' title='bbox 2274 2953 2568 3013; x_wconf 87' lang='lat' dir='ltr'>fidelium</span> <span class='ocrx_word' id='word_1_226' title='bbox 2602 2957 2672 3013; x_wconf 93' lang='lat' dir='ltr'>et</span> <span class='ocrx_word' id='word_1_227' title='bbox 2706 2952 2802 3013; x_wconf 87' lang='lat' dir='ltr'>fo-</span> 
     </span>
     <span class='ocr_line' id='line_1_31' title="bbox 340 3043 2708 3121; baseline -0.002 -16"><span class='ocrx_word' id='word_1_228' title='bbox 340 3044 485 3105; x_wconf 87' lang='lat' dir='ltr'>veri</span> <span class='ocrx_word' id='word_1_229' title='bbox 526 3043 901 3103; x_wconf 85' lang='lat' dir='ltr'>divisiones</span> <span class='ocrx_word' id='word_1_230' title='bbox 932 3046 1204 3118; x_wconf 86' lang='lat' dir='ltr'>propter</span> <span class='ocrx_word' id='word_1_231' title='bbox 1240 3060 1366 3121; x_wconf 89' lang='lat' dir='ltr'>res,</span> <span class='ocrx_word' id='word_1_232' title='bbox 1400 3060 1573 3118; x_wconf 88' lang='lat' dir='ltr'>quae</span> <span class='ocrx_word' id='word_1_233' title='bbox 1604 3060 1728 3103; x_wconf 88' lang='lat' dir='ltr'>nec</span> <span class='ocrx_word' id='word_1_234' title='bbox 1759 3044 1957 3103; x_wconf 86' lang='lat' dir='ltr'>fidem</span> <span class='ocrx_word' id='word_1_235' title='bbox 2004 3044 2285 3103; x_wconf 90' lang='lat' dir='ltr'>laedunt</span> <span class='ocrx_word' id='word_1_236' title='bbox 2320 3058 2443 3102; x_wconf 90' lang='lat' dir='ltr'>nec</span> <span class='ocrx_word' id='word_1_237' title='bbox 2473 3059 2708 3102; x_wconf 91' lang='lat' dir='ltr'>mores.</span> 
     </span>
    </p>

    <p class='ocr_par' dir='ltr' id='par_1_11' title="bbox 306 3131 2804 3639">
     <span class='ocr_line' id='line_1_32' title="bbox 429 3131 2802 3208; baseline -0.001 -14"><span class='ocrx_word' id='word_1_238' title='bbox 429 3136 541 3194; x_wconf 86' lang='lat'>95.</span> <span class='ocrx_word' id='word_1_239' title='bbox 579 3133 920 3193; x_wconf 86' lang='lat' dir='ltr'>Veritates</span> <span class='ocrx_word' id='word_1_240' title='bbox 950 3148 1029 3192; x_wconf 90' lang='lat' dir='ltr'>eo</span> <span class='ocrx_word' id='word_1_241' title='bbox 1061 3132 1496 3208; x_wconf 87' lang='lat' dir='ltr'>devenerunt,</span> <span class='ocrx_word' id='word_1_242' title='bbox 1523 3137 1602 3191; x_wconf 88' lang='lat' dir='ltr'>ut</span> <span class='ocrx_word' id='word_1_243' title='bbox 1633 3133 1772 3192; x_wconf 89' lang='lat' dir='ltr'>sint</span> <span class='ocrx_word' id='word_1_244' title='bbox 1801 3133 2032 3207; x_wconf 85' lang='lat' dir='ltr'>lingua</span> <span class='ocrx_word' id='word_1_245' title='bbox 2064 3133 2257 3206; x_wconf 83' lang='lat' dir='ltr'>quasi</span> <span class='ocrx_word' id='word_1_246' title='bbox 2288 3132 2640 3206; x_wconf 85' lang='lat' dir='ltr'>peregrina</span> <span class='ocrx_word' id='word_1_247' title='bbox 2662 3131 2802 3205; x_wconf 89' lang='lat' dir='ltr'>ple-</span> 
     </span>
     <span class='ocr_line' id='line_1_33' title="bbox 338 3218 2803 3298; baseline -0.002 -16"><span class='ocrx_word' id='word_1_248' title='bbox 338 3222 573 3298; x_wconf 83' lang='lat' dir='ltr'>risque</span> <span class='ocrx_word' id='word_1_249' title='bbox 629 3221 1032 3298; x_wconf 86' lang='lat' dir='ltr'>christianis,</span> <span class='ocrx_word' id='word_1_250' title='bbox 1088 3226 1158 3281; x_wconf 88' lang='lat' dir='ltr'>et</span> <span class='ocrx_word' id='word_1_251' title='bbox 1211 3221 1447 3281; x_wconf 90' lang='lat' dir='ltr'>modus</span> <span class='ocrx_word' id='word_1_252' title='bbox 1500 3237 1613 3280; x_wconf 87' lang='lat' dir='ltr'>eas</span> <span class='ocrx_word' id='word_1_253' title='bbox 1659 3221 2089 3295; x_wconf 85' lang='lat' dir='ltr'>praedicandi</span> <span class='ocrx_word' id='word_1_254' title='bbox 2137 3223 2241 3278; x_wconf 86' lang='lat' dir='ltr'>est</span> <span class='ocrx_word' id='word_1_255' title='bbox 2295 3218 2511 3278; x_wconf 88' lang='lat' dir='ltr'>veluti</span> <span class='ocrx_word' id='word_1_256' title='bbox 2557 3218 2803 3278; x_wconf 88' lang='lat' dir='ltr'>idioma</span> 
     </span>
     <span class='ocr_line' id='line_1_34' title="bbox 337 3306 2804 3388; baseline -0.002 -17"><span class='ocrx_word' id='word_1_257' title='bbox 337 3310 795 3388; x_wconf 86' lang='lat' dir='ltr'>incognitum:</span> <span class='ocrx_word' id='word_1_258' title='bbox 829 3310 995 3370; x_wconf 90' lang='lat' dir='ltr'>adeo</span> <span class='ocrx_word' id='word_1_259' title='bbox 1028 3315 1320 3370; x_wconf 88' lang='lat' dir='ltr'>remotus</span> <span class='ocrx_word' id='word_1_260' title='bbox 1351 3315 1454 3370; x_wconf 83' lang='lat' dir='ltr'>est</span> <span class='ocrx_word' id='word_1_261' title='bbox 1485 3327 1523 3368; x_wconf 89' lang='lat' dir='ltr'>a</span> <span class='ocrx_word' id='word_1_262' title='bbox 1556 3309 1985 3384; x_wconf 84' lang='lat' dir='ltr'>simplicitate</span> <span class='ocrx_word' id='word_1_263' title='bbox 2017 3306 2464 3383; x_wconf 88' lang='lat' dir='ltr'>apostolorum</span> <span class='ocrx_word' id='word_1_264' title='bbox 2499 3311 2569 3365; x_wconf 88' lang='lat' dir='ltr'>et</span> <span class='ocrx_word' id='word_1_265' title='bbox 2599 3322 2804 3381; x_wconf 88' lang='lat' dir='ltr'>supra</span> 
     </span>
     <span class='ocr_line' id='line_1_35' title="bbox 340 3395 2803 3475; baseline -0.002 -15"><span class='ocrx_word' id='word_1_266' title='bbox 340 3417 761 3460; x_wconf 89' lang='lat' dir='ltr'>communem</span> <span class='ocrx_word' id='word_1_267' title='bbox 796 3403 1065 3475; x_wconf 87' lang='lat' dir='ltr'>captum</span> <span class='ocrx_word' id='word_1_268' title='bbox 1098 3399 1433 3460; x_wconf 89' lang='lat' dir='ltr'>fidelium:</span> <span class='ocrx_word' id='word_1_269' title='bbox 1460 3414 1677 3472; x_wconf 87' lang='lat' dir='ltr'>neque</span> <span class='ocrx_word' id='word_1_270' title='bbox 1712 3398 1879 3458; x_wconf 86' lang='lat' dir='ltr'>satis</span> <span class='ocrx_word' id='word_1_271' title='bbox 1910 3397 2307 3475; x_wconf 83' lang='lat' dir='ltr'>advertitur,</span> <span class='ocrx_word' id='word_1_272' title='bbox 2335 3395 2513 3470; x_wconf 90' lang='lat' dir='ltr'>quod</span> <span class='ocrx_word' id='word_1_273' title='bbox 2548 3395 2658 3455; x_wconf 87' lang='lat' dir='ltr'>hic</span> <span class='ocrx_word' id='word_1_274' title='bbox 2690 3395 2803 3456; x_wconf 90' lang='lat' dir='ltr'>de-</span> 
     </span>
     <span class='ocr_line' id='line_1_36' title="bbox 306 3485 2804 3565; baseline -0.001 -17"><span class='ocrx_word' id='word_1_275' title='bbox 306 3523 312 3530; x_wconf 84' lang='lat'><strong>·</strong></span> <span class='ocrx_word' id='word_1_276' title='bbox 341 3489 564 3551; x_wconf 87' lang='lat' dir='ltr'>fectus</span> <span class='ocrx_word' id='word_1_277' title='bbox 590 3489 684 3549; x_wconf 89' lang='lat' dir='ltr'>sit</span> <span class='ocrx_word' id='word_1_278' title='bbox 705 3505 913 3549; x_wconf 90' lang='lat' dir='ltr'>unum</span> <span class='ocrx_word' id='word_1_279' title='bbox 939 3504 1020 3548; x_wconf 87' lang='lat' dir='ltr'>ex</span> <span class='ocrx_word' id='word_1_280' title='bbox 1047 3489 1261 3565; x_wconf 85' lang='lat' dir='ltr'>signis</span> <span class='ocrx_word' id='word_1_281' title='bbox 1292 3488 1576 3548; x_wconf 81' lang='lat' dir='ltr'>maxime</span> <span class='ocrx_word' id='word_1_282' title='bbox 1608 3487 2040 3548; x_wconf 87' lang='lat' dir='ltr'>sensibilibus</span> <span class='ocrx_word' id='word_1_283' title='bbox 2065 3485 2434 3549; x_wconf 88' lang='lat' dir='ltr'>senectutis</span> <span class='ocrx_word' id='word_1_284' title='bbox 2467 3485 2804 3546; x_wconf 84' lang='lat' dir='ltr'>Ecclesiae</span> 
     </span>
     <span class='ocr_line' id='line_1_37' title="bbox 344 3577 1282 3639; baseline -0.002 0"><span class='ocrx_word' id='word_1_285' title='bbox 344 3581 412 3639; x_wconf 90' lang='lat' dir='ltr'>et</span> <span class='ocrx_word' id='word_1_286' title='bbox 441 3580 587 3638; x_wconf 88' lang='lat' dir='ltr'>irae</span> <span class='ocrx_word' id='word_1_287' title='bbox 623 3578 751 3637; x_wconf 90' lang='lat' dir='ltr'>Dei</span> <span class='ocrx_word' id='word_1_288' title='bbox 785 3578 856 3637; x_wconf 92' lang='lat' dir='ltr'>in</span> <span class='ocrx_word' id='word_1_289' title='bbox 895 3577 1067 3637; x_wconf 90' lang='lat' dir='ltr'>filios</span> <span class='ocrx_word' id='word_1_290' title='bbox 1105 3594 1282 3638; x_wconf 91' lang='grc'>81108.</span> 
     </span>
    </p>

    <p class='ocr_par' dir='ltr' id='par_1_12' title="bbox 342 3664 2808 3922">
     <span class='ocr_line' id='line_1_38' title="bbox 433 3664 2806 3741; baseline -0.003 -13"><span class='ocrx_word' id='word_1_291' title='bbox 433 3670 541 3728; x_wconf 88' lang='grc'>96.</span> <span class='ocrx_word' id='word_1_292' title='bbox 586 3667 776 3726; x_wconf 91' lang='lat' dir='ltr'>Deus</span> <span class='ocrx_word' id='word_1_293' title='bbox 807 3667 1155 3741; x_wconf 84' lang='lat' dir='ltr'>permittit.</span> <span class='ocrx_word' id='word_1_294' title='bbox 1190 3670 1268 3727; x_wconf 90' lang='lat' dir='ltr'>ut</span> <span class='ocrx_word' id='word_1_295' title='bbox 1299 3683 1525 3726; x_wconf 86' lang='lat' dir='ltr'>omnes</span> <span class='ocrx_word' id='word_1_296' title='bbox 1564 3668 1932 3741; x_wconf 83' lang='lat' dir='ltr'>potestates</span> <span class='ocrx_word' id='word_1_297' title='bbox 1971 3666 2108 3724; x_wconf 86' lang='lat' dir='ltr'>sint</span> <span class='ocrx_word' id='word_1_298' title='bbox 2141 3665 2512 3725; x_wconf 83' lang='lat' dir='ltr'>contrariae</span> <span class='ocrx_word' id='word_1_299' title='bbox 2543 3664 2806 3739; x_wconf 88' lang='lat' dir='ltr'>praedi-</span> 
     </span>
     <span class='ocr_line' id='line_1_39' title="bbox 344 3753 2808 3831; baseline -0.002 -14"><span class='ocrx_word' id='word_1_300' title='bbox 344 3756 693 3818; x_wconf 88' lang='lat' dir='ltr'>catoribus</span> <span class='ocrx_word' id='word_1_301' title='bbox 717 3756 1043 3831; x_wconf 86' lang='lat' dir='ltr'>veritatis,</span> <span class='ocrx_word' id='word_1_302' title='bbox 1080 3760 1158 3815; x_wconf 91' lang='lat' dir='ltr'>ut</span> <span class='ocrx_word' id='word_1_303' title='bbox 1179 3756 1325 3816; x_wconf 90' lang='lat' dir='ltr'>eius</span> <span class='ocrx_word' id='word_1_304' title='bbox 1350 3756 1633 3815; x_wconf 88' lang='lat' dir='ltr'>victoria</span> <span class='ocrx_word' id='word_1_305' title='bbox 1658 3754 1936 3816; x_wconf 88' lang='lat' dir='ltr'>attribui</span> <span class='ocrx_word' id='word_1_306' title='bbox 1969 3769 2100 3812; x_wconf 91' lang='lat' dir='ltr'>non</span> <span class='ocrx_word' id='word_1_307' title='bbox 2128 3753 2341 3827; x_wconf 86' lang='lat' dir='ltr'>possit</span> <span class='ocrx_word' id='word_1_308' title='bbox 2373 3753 2503 3812; x_wconf 90' lang='lat' dir='ltr'>nisi</span> <span class='ocrx_word' id='word_1_309' title='bbox 2537 3753 2808 3813; x_wconf 88' lang='lat' dir='ltr'>divinae</span> 
     </span>
     <span class='ocr_line' id='line_1_40' title="bbox 342 3846 631 3922; baseline 0 -16"><span class='ocrx_word' id='word_1_310' title='bbox 342 3846 631 3922; x_wconf 84' lang='lat' dir='ltr'>gratiae.</span> 
     </span>
    </p>

    <p class='ocr_par' dir='ltr' id='par_1_13' title="bbox 342 3929 2811 4277">
     <span class='ocr_line' id='line_1_41' title="bbox 433 3929 2811 4012; baseline -0.002 -18"><span class='ocrx_word' id='word_1_311' title='bbox 433 3939 543 3994; x_wconf 83' lang='grc'>97.</span> <span class='ocrx_word' id='word_1_312' title='bbox 599 3934 818 3994; x_wconf 86' lang='lat' dir='ltr'>Nimis</span> <span class='ocrx_word' id='word_1_313' title='bbox 865 3950 1062 4009; x_wconf 86' lang='lat' dir='ltr'>saepe</span> <span class='ocrx_word' id='word_1_314' title='bbox 1108 3933 1461 4012; x_wconf 87' lang='lat' dir='ltr'>contingit,</span> <span class='ocrx_word' id='word_1_315' title='bbox 1509 3932 1804 3992; x_wconf 88' lang='lat' dir='ltr'>membra</span> <span class='ocrx_word' id='word_1_316' title='bbox 1836 3931 1971 3999; x_wconf 82' lang='lat' dir='ltr'>illa,</span> <span class='ocrx_word' id='word_1_317' title='bbox 2007 3946 2177 4004; x_wconf 86' lang='lat' dir='ltr'>quae</span> <span class='ocrx_word' id='word_1_318' title='bbox 2210 3929 2423 4004; x_wconf 83' lang='lat' dir='ltr'>magis</span> <span class='ocrx_word' id='word_1_319' title='bbox 2454 3933 2683 3987; x_wconf 83' lang='lat' dir='ltr'>sancte</span> <span class='ocrx_word' id='word_1_320' title='bbox 2733 3946 2811 3989; x_wconf 88' lang='lat' dir='ltr'>ac</span> 
     </span>
     <span class='ocr_line' id='line_1_42' title="bbox 344 4016 2808 4102; baseline -0.004 -17"><span class='ocrx_word' id='word_1_321' title='bbox 344 4025 566 4102; x_wconf 84' lang='lat' dir='ltr'>magis</span> <span class='ocrx_word' id='word_1_322' title='bbox 602 4023 837 4084; x_wconf 86' lang='lat' dir='ltr'>stricte</span> <span class='ocrx_word' id='word_1_323' title='bbox 871 4023 1065 4083; x_wconf 87' lang='lat' dir='ltr'>unita</span> <span class='ocrx_word' id='word_1_324' title='bbox 1104 4022 1441 4083; x_wconf 83' lang='lat' dir='ltr'>Ecclesiae</span> <span class='ocrx_word' id='word_1_325' title='bbox 1467 4025 1646 4098; x_wconf 88' lang='lat' dir='ltr'>sunt,</span> <span class='ocrx_word' id='word_1_326' title='bbox 1681 4019 1923 4095; x_wconf 78' lang='lat' dir='ltr'>respici</span> <span class='ocrx_word' id='word_1_327' title='bbox 1954 4023 2156 4095; x_wconf 87' lang='lat' dir='ltr'>atque</span> <span class='ocrx_word' id='word_1_328' title='bbox 2190 4016 2464 4077; x_wconf 85' lang='lat' dir='ltr'>tractari</span> <span class='ocrx_word' id='word_1_329' title='bbox 2489 4019 2808 4089; x_wconf 85' lang='lat' dir='ltr'>tanquam</span> 
     </span>
     <span class='ocr_line' id='line_1_43' title="bbox 342 4103 2811 4191; baseline -0.004 -17"><span class='ocrx_word' id='word_1_330' title='bbox 342 4114 638 4191; x_wconf 84' lang='lat' dir='ltr'>indigna</span> <span class='ocrx_word' id='word_1_331' title='bbox 666 4117 746 4173; x_wconf 89' lang='lat' dir='ltr'>ut</span> <span class='ocrx_word' id='word_1_332' title='bbox 778 4111 916 4172; x_wconf 90' lang='lat' dir='ltr'>sint</span> <span class='ocrx_word' id='word_1_333' title='bbox 949 4112 1019 4170; x_wconf 89' lang='lat' dir='ltr'>in</span> <span class='ocrx_word' id='word_1_334' title='bbox 1048 4111 1346 4171; x_wconf 87' lang='lat' dir='ltr'>Ecclesia</span> <span class='ocrx_word' id='word_1_335' title='bbox 1370 4112 1481 4171; x_wconf 90' lang='lat' dir='ltr'>vel</span> <span class='ocrx_word' id='word_1_336' title='bbox 1510 4114 1833 4185; x_wconf 89' lang='lat' dir='ltr'>tanquam</span> <span class='ocrx_word' id='word_1_337' title='bbox 1860 4108 1944 4168; x_wconf 88' lang='lat' dir='ltr'>ab</span> <span class='ocrx_word' id='word_1_338' title='bbox 1969 4125 2046 4168; x_wconf 89' lang='lat' dir='ltr'>ea</span> <span class='ocrx_word' id='word_1_339' title='bbox 2078 4111 2412 4183; x_wconf 83' lang='lat' dir='ltr'>separata:</span> <span class='ocrx_word' id='word_1_340' title='bbox 2448 4103 2563 4164; x_wconf 90' lang='lat' dir='ltr'>sed</span> <span class='ocrx_word' id='word_1_341' title='bbox 2594 4103 2811 4164; x_wconf 88' lang='lat' dir='ltr'>iustus</span> 
     </span>
     <span class='ocr_line' id='line_1_44' title="bbox 344 4199 1941 4277; baseline -0.006 -12"><span class='ocrx_word' id='word_1_342' title='bbox 344 4203 527 4265; x_wconf 88' lang='lat' dir='ltr'>vivit</span> <span class='ocrx_word' id='word_1_343' title='bbox 557 4219 647 4263; x_wconf 81' lang='lat' dir='ltr'>ex</span> <span class='ocrx_word' id='word_1_344' title='bbox 679 4201 811 4261; x_wconf 90' lang='lat' dir='ltr'>fide</span> <span class='ocrx_word' id='word_1_345' title='bbox 856 4203 927 4261; x_wconf 87' lang='lat' dir='ltr'>et</span> <span class='ocrx_word' id='word_1_346' title='bbox 958 4218 1088 4261; x_wconf 90' lang='lat' dir='ltr'>non</span> <span class='ocrx_word' id='word_1_347' title='bbox 1123 4217 1206 4260; x_wconf 83' lang='lat' dir='ltr'>ex</span> <span class='ocrx_word' id='word_1_348' title='bbox 1230 4200 1544 4277; x_wconf 91' lang='lat' dir='ltr'>opinione</span> <span class='ocrx_word' id='word_1_349' title='bbox 1577 4199 1941 4259; x_wconf 85' lang='lat' dir='ltr'>hominum.</span> 
     </span>
    </p>

    <p class='ocr_par' dir='ltr' id='par_1_14' title="bbox 346 4285 2813 4621">
     <span class='ocr_line' id='line_1_45' title="bbox 435 4285 2811 4365; baseline -0.005 -11"><span class='ocrx_word' id='word_1_350' title='bbox 435 4295 545 4354; x_wconf 90' lang='grc'>98.</span> <span class='ocrx_word' id='word_1_351' title='bbox 578 4292 819 4352; x_wconf 82' lang='lat' dir='ltr'>Status</span> <span class='ocrx_word' id='word_1_352' title='bbox 836 4289 1320 4365; x_wconf 90' lang='lat' dir='ltr'>persecutionis</span> <span class='ocrx_word' id='word_1_353' title='bbox 1345 4293 1415 4349; x_wconf 92' lang='lat' dir='ltr'>et</span> <span class='ocrx_word' id='word_1_354' title='bbox 1434 4305 1819 4365; x_wconf 88' lang='lat' dir='ltr'>poenarum,</span> <span class='ocrx_word' id='word_1_355' title='bbox 1849 4303 2017 4361; x_wconf 88' lang='lat' dir='ltr'>quas</span> <span class='ocrx_word' id='word_1_356' title='bbox 2039 4285 2192 4361; x_wconf 88' lang='lat' dir='ltr'>quis</span> <span class='ocrx_word' id='word_1_357' title='bbox 2214 4285 2460 4346; x_wconf 87' lang='lat' dir='ltr'>tolerat</span> <span class='ocrx_word' id='word_1_358' title='bbox 2489 4288 2811 4358; x_wconf 87' lang='lat' dir='ltr'>tanquam</span> 
     </span>
     <span class='ocr_line' id='line_1_46' title="bbox 346 4373 2813 4456; baseline -0.004 -14"><span class='ocrx_word' id='word_1_359' title='bbox 346 4380 758 4456; x_wconf 82' lang='lat' dir='ltr'>haereticus,</span> <span class='ocrx_word' id='word_1_360' title='bbox 787 4378 1163 4456; x_wconf 85' lang='lat' dir='ltr'>flagitiosus</span> <span class='ocrx_word' id='word_1_361' title='bbox 1194 4383 1263 4439; x_wconf 90' lang='lat' dir='ltr'>et</span> <span class='ocrx_word' id='word_1_362' title='bbox 1292 4378 1559 4456; x_wconf 86' lang='lat' dir='ltr'>impius,</span> <span class='ocrx_word' id='word_1_363' title='bbox 1593 4377 1832 4438; x_wconf 88' lang='lat' dir='ltr'>ultima</span> <span class='ocrx_word' id='word_1_364' title='bbox 1864 4377 2254 4451; x_wconf 87' lang='lat' dir='ltr'>plerumque</span> <span class='ocrx_word' id='word_1_365' title='bbox 2288 4373 2592 4449; x_wconf 87' lang='lat' dir='ltr'>probatio</span> <span class='ocrx_word' id='word_1_366' title='bbox 2617 4375 2721 4433; x_wconf 90' lang='lat' dir='ltr'>est</span> <span class='ocrx_word' id='word_1_367' title='bbox 2744 4375 2813 4432; x_wconf 90' lang='lat' dir='ltr'>et</span> 
     </span>
     <span class='ocr_line' id='line_1_47' title="bbox 346 4461 2811 4544; baseline -0.004 -13"><span class='ocrx_word' id='word_1_368' title='bbox 346 4471 645 4531; x_wconf 79' lang='lat' dir='ltr'>maxime</span> <span class='ocrx_word' id='word_1_369' title='bbox 692 4469 1048 4544; x_wconf 89' lang='lat' dir='ltr'>meritoria,</span> <span class='ocrx_word' id='word_1_370' title='bbox 1098 4471 1334 4544; x_wconf 86' lang='lat' dir='ltr'>utpote</span> <span class='ocrx_word' id='word_1_371' title='bbox 1380 4484 1551 4543; x_wconf 87' lang='lat' dir='ltr'>quae</span> <span class='ocrx_word' id='word_1_372' title='bbox 1585 4466 1746 4527; x_wconf 86' lang='lat' dir='ltr'>facit</span> <span class='ocrx_word' id='word_1_373' title='bbox 1787 4466 2112 4525; x_wconf 86' lang='lat' dir='ltr'>hominem</span> <span class='ocrx_word' id='word_1_374' title='bbox 2152 4464 2364 4540; x_wconf 86' lang='lat' dir='ltr'>magis</span> <span class='ocrx_word' id='word_1_375' title='bbox 2410 4461 2811 4523; x_wconf 87' lang='lat' dir='ltr'>conformem</span> 
     </span>
     <span class='ocr_line' id='line_1_48' title="bbox 348 4558 838 4621; baseline -0.004 -1"><span class='ocrx_word' id='word_1_376' title='bbox 348 4559 503 4621; x_wconf 82' lang='lat' dir='ltr'>Iesu</span> <span class='ocrx_word' id='word_1_377' title='bbox 541 4558 838 4620; x_wconf 79' lang='lat' dir='ltr'>Christe.</span> 
     </span>
    </p>
   </div>
  </div>
 </body>
</html>
