3529 5158
735 330 848 384 684
1564 339 1871 381 Apennmx
1911 341 1948 381 1.
1987 339 2386 381 mssnnurro

730 441 844 504 che
904 457 1270 523 oppongono
1327 438 1416 523 gli
1464 438 1779 503 avversari
1839 439 2053 504 contro
2101 435 2153 499 il
2186 436 2684 516 probabilismo;
2731 437 2949 522 perche
2995 440 3199 520 quelle

731 544 1119 626 impugnano
1152 541 1608 625 propriamente
1641 540 1805 604 l'uso
1837 538 2272 619 dell’opinione
2303 539 2742 604 notabilmente
2771 560 2950 604 meno
2969 542 3200 621 proba-

732 642 879 717 bile,
911 643 1020 708 che
1054 644 1152 708 sta
1184 662 1291 726 per
1321 643 1384 707 la
1418 643 1644 708 liberta
1676 668 1738 705 ».

819 747 901 810 Et
948 747 1105 812 hanc
1151 747 1401 829 quidem
1447 747 1826 811 calumniam
1873 767 1921 811 s.
1970 747 2206 812 Doctor
2249 746 2705 812 memoraverat
2754 746 2880 810 iam
2928 747 3070 812 inde
3117 748 3193 812 ab

733 870 896 915 anno
940 850 1131 915 1749.
1166 869 1424 933 eamque
1470 868 1790 934 perperam
1836 849 2178 932 intorqueri
2209 850 2426 914 contra
2455 848 2786 933 benignam
2823 850 3196 914 sententiam

732 952 822 1016 ibi
855 972 891 1017 a
924 972 988 1018 se
1026 954 1507 1038 propugnatam,
1539 953 1626 1017 sic
1658 952 2012 1018 testabatur
2050 952 2107 1034 g.
2135 953 2215 1015 1.:
2241 975 2276 1009 «
2301 950 2528 1015 Obiicit
2556 950 2806 1016 Natalis
2829 950 3192 1031 Alexander,

731 1059 1114 1124 academiam
1145 1059 1552 1125 Parisiensem
1585 1059 2071 1143 propositionem
2101 1058 2427 1123 damnasse
2455 1059 2639 1122 hanc:
2684 1056 2940 1123 Omnem
2962 1058 3194 1139 proba·

728 1162 1051 1240 bilitatem,
1085 1163 1211 1226 sive
1248 1163 1661 1226 extrinsecam
1698 1163 1827 1225 sive
1858 1162 2281 1236 intrinsecam,
2317 1162 2386 1224 in
2417 1160 2795 1225 conscientia
2829 1160 3194 1240 satisfacere

714 1269 1018 1345 putamus
1061 1285 1171 1329 nec
1216 1263 1514 1346 exemplis
1557 1265 1917 1347 uryebimus
1935 1285 1957 1341 ‚·
1993 1263 2218 1345 ubi-que
2255 1264 2422 1327 emim
2464 1261 2673 1326 eodem
2717 1264 2969 1327 omnino
3017 1263 3192 1329 modo

716 1365 1252 1447 philosophamur.
1270 1366 1387 1432 Sed
1423 1367 1511 1431 ibi
1539 1367 1630 1431 nil
1654 1366 1824 1432 aliud
1849 1368 2263 1450 proscriptum
2294 1386 2443 1443 esse,
2469 1366 2620 1429 bene
2653 1365 2743 1429 ait
2771 1364 2963 1431 Groix
2991 1367 3103 1432 lib.
3132 1370 3188 1432 1.

727 1491 785 1533 n.
822 1470 972 1534 323.
1007 1489 1196 1550 quam
1239 1489 1421 1533 usum
1465 1469 1855 1533 illimitamm
1901 1470 2241 1533 sententiae
2277 1468 2650 1548 probabilis,
2684 1487 2866 1549 quem
2911 1489 3025 1534 nec
3060 1490 3191 1534 sen-

731 1573 927 1635 tentia
958 1572 1229 1655 beniyna
1273 1571 1571 1646 admittit,
1604 1588 1745 1636 cum
1792 1571 2086 1636 damnata
2118 1572 2202 1636 sit
2237 1572 2458 1635 similis
2500 1571 2840 1654 propositio
2880 1572 2942 1635 3.
2985 1573 3065 1637 ab
3098 1573 3192 1637 In·

728 1673 1011 1739 nocentio
1059 1675 1169 1739 XI.
1219 1702 1280 1739 ».
1330 1674 1411 1739 Et
1462 1693 1678 1739 rursus
1737 1674 1895 1737 hanc
1950 1674 2406 1739 accusationem
2459 1673 2840 1738 calumniose
2892 1673 3188 1740 intentari

727 1777 1027 1863 benignae
1058 1778 1400 1843 sententiae
1436 1796 1485 1841 S.
1519 1777 1772 1852 Doctor,
1809 1779 1880 1840 ut
1918 1777 2199 1860 superius
2232 1777 2501 1840 vidimus
2531 1797 2591 1840 n.
2618 1776 2883 1854 4244„
2920 1777 3188 1844 ostendit

729 1883 789 1945 in
824 1881 954 1946 suis
991 1881 1285 1945 adversus
1331 1878 1680 1962 Adelphum
1729 1879 2097 1943 Dositheum
2145 1878 2469 1963 apologiis.

817 1986 921 2049 82.
956 1985 1117 2061 Dixi,
1154 2004 1201 2049 s.
1236 1985 1570 2049 Doctorem
1598 1983 1957 2048 brevissime
2004 2002 2068 2047 se
2100 2003 2134 2046 a
2173 1984 2374 2066 prima
2407 1983 2523 2047 hac
2551 1983 2915 2066 quaestione
2952 1983 3189 2066 expedi·-

723 2090 903 2154 visse.
930 2088 1015 2151 Et
1047 2087 1247 2172 reipsa
1286 2088 1494 2152 totum
1524 2086 1931 2172 gravissimae
1960 2086 2147 2150 huius
2177 2086 2559 2168 quaestionis
2596 2103 2851 2150 examen
2887 2104 2965 2149 ne
2995 2106 3187 2152 unam

725 2190 973 2273 quidem
1009 2184 1180 2253 illius
1213 2189 1685 2254 Dissertationis
1715 2189 2027 2274 pagellam
2063 2189 2341 2271 occupat.
2375 2213 2408 2243 «
2441 2188 2514 2251 In
2546 2190 2781 2269 quanto
2821 2188 2943 2252 alla
2980 2189 3186 2271 prima

722 2292 1043 2375 questione
1090 2286 1333 2375 (inquit
1372 2311 1424 2357 s.
1458 2290 1725 2373 Doctor)
1763 2294 1971 2375 presto
2019 2292 2074 2354 ci
2121 2291 2558 2375 sbrigheremO,
2593 2290 2809 2372 perche
2853 2290 2911 2353 la
2958 2291 3184 2355 risolu-

721 2397 896 2460 zione
929 2398 960 2458 e
992 2397 1214 2478 troppo
1247 2395 1475 2459 chiara.
1510 2393 1813 2470 DiciamO,
1853 2395 1964 2458 che
1993 2413 2118 2459 non
2148 2398 2180 2457 e
2226 2394 2408 2458 lecito
2457 2392 2517 2456 di
2565 2394 2808 2477 seguire
2840 2393 3181 2477 l'opinione

721 2518 900 2563 meno
939 2498 1272 2581 probabile,
1309 2497 1553 2578 quando
1586 2497 1919 2581 l’opinione
1950 2498 2060 2561 che
2091 2498 2190 2560 sta
2223 2516 2329 2579 per
2357 2496 2421 2560 la
2459 2497 2638 2581 legge
2671 2500 2704 2560 e
2734 2496 3185 2562 notabilmente

722 2625 755 2666 e
802 2603 1178 2666 certamente
1224 2602 1331 2685 piu
1376 2601 1712 2685 probabile,
1746 2602 1964 2684 perche
2012 2600 2207 2664 allora
2255 2601 2587 2682 l'opinione
2633 2599 2743 2684 piu
2789 2602 2934 2665 tuta
2980 2621 3106 2666 non
3151 2604 3182 2664 e

719 2707 825 2788 gia
871 2705 1100 2769 dubbia
1137 2704 1535 2786 (intendendo
1580 2723 1694 2768 con
1741 2704 1968 2768 dubbio
2002 2705 2246 2780 stretto,
2287 2705 2547 2767 siccome
2594 2702 2647 2767 si
2693 2703 2832 2768 dira
2876 2704 3044 2769 nella
3090 2725 3183 2770 se-

716 2807 913 2871 conda
945 2808 1311 2891 questione),
1350 2825 1457 2871 ma
1486 2810 1517 2870 e
1549 2808 1957 2872 moralmente
1990 2825 2024 2871 o
2072 2807 2258 2888 quasi
2283 2807 2688 2870 moralmente
2718 2807 2908 2882 certa,
2945 2808 3180 2873 avendo

719 2913 827 2992 per
873 2912 935 2973 se
982 2929 1066 2973 un
1103 2909 1500 2974 fondamento
1533 2911 1699 2975 certo
1732 2909 1959 2973 d’esser
1986 2927 2159 2986 vera3
2195 2909 2350 2973 dove
2397 2906 2798 2974 all’incontro
2843 2909 3181 2994 l’opinione

717 3031 897 3076 meno
930 3013 1074 3077 tuta
1098 3032 1129 3077 e
1151 3012 1349 3077 molto
1381 3029 1560 3077 meno
1591 3012 1928 3095 probabile,
1956 3029 2076 3075 non
2102 3012 2181 3075 ha
2207 3012 2298 3076 tal
2330 3010 2726 3076 fondamento
2757 3013 2931 3076 certo
2954 3011 3181 3076 d’esser

720 3132 885 3178 vera,
923 3114 1075 3178 Ond’
1096 3117 1127 3178 e
1174 3116 1284 3179 che
1334 3114 1529 3179 allora
1577 3117 1799 3197 questa
1844 3114 2080 3178 rimane
2117 3115 2513 3178 tenuamente
2551 3132 2587 3177 o
2635 3113 2882 3179 almeno
2928 3113 3179 3179 dubbia·

716 3220 923 3282 mente
970 3218 1287 3301 probabile
1335 3237 1371 3282 a
1418 3217 1738 3283 confronto
1787 3218 2219 3301 dell‘opinione
2263 3218 2372 3301 piu
2420 3219 2594 3292 tuta;
2645 3237 2677 3281 e
2723 3216 2930 3301 percio
2976 3238 3101 3283 non
3146 3221 3178 3282 e

716 3320 1043 3402 prudenza,
1084 3340 1187 3384 ma
1232 3320 1629 3404 imprudenza
1676 3339 1867 3405 grave
1914 3320 1958 3384 il
2006 3321 2236 3385 volerla
2276 3320 2519 3405 seguire
2551 3344 2612 3383 ι».

804 3421 977 3487 Nihil
1009 3424 1219 3486 autem
1249 3423 1507 3487 interest
1537 3423 1671 3486 heic
1699 3423 2040 3500 immorari,
2059 3424 2133 3486 ut
2164 3422 2529 3488 ostendatur
2558 3424 2716 3487 hane
2746 3427 3176 3507 quaestionem

716 3526 781 3588 et
812 3525 1037 3589 thesim
1072 3545 1105 3589 a
1132 3544 1181 3589 s.
1208 3526 1474 3590 Doctore
1499 3525 2041 3607 heiepropositam
2071 3527 2210 3589 toto
2233 3525 2404 3589 caelo
2436 3525 2742 3590 diversam
2767 3544 2898 3592 esse
2925 3546 2962 3592 a
2994 3547 3179 3610 quae-

713 3627 914 3690 stione
964 3645 1033 3690 ac
1079 3628 1260 3701 thesi,
1294 3645 1417 3710 qua
1464 3645 1512 3690 s.
1553 3628 1787 3691 Doctor
1834 3627 2016 3691 antea
2062 3627 2290 3692 statuit
2338 3647 2409 3691 ac
2455 3628 2894 3713 propugnavit,
2926 3630 3176 3696 licitum

712 3747 844 3794 esse
890 3747 1073 3794 usum
1121 3730 1423 3812 opinionis
1469 3729 1660 3794 solide
1692 3729 2029 3812 probabilis
2065 3729 2254 3792 etiam
2286 3730 2349 3793 in
2390 3748 2691 3794 concursu
2737 3731 3174 3813 probabilioris

718 3851 826 3914 pro
859 3832 1015 3916 lege.
1050 3831 1121 3895 Id
1168 3831 1330 3896 enim
1362 3833 1490 3896 iam
1520 3831 1803 3915 superius
1849 3852 1908 3894 n.
1946 3834 2005 3894 5.
2047 3833 2110 3895 et
2153 3849 2320 3913 seqq.
2352 3830 2480 3895 late
2526 3834 2589 3896 et
2625 3832 2943 3897 evidenter
2977 3837 3177 3900 osten-

710 3953 851 3997 sum
899 3936 1011 3998 est.

805 4036 909 4099 83.
938 4035 1116 4115 Quod
1148 4054 1292 4101 vero
1324 4053 1373 4100 s.
1415 4036 1644 4101 Doctor
1672 4037 1735 4100 in
1777 4036 1892 4100 hac
1939 4038 2390 4103 Dissertatione
2420 4040 2593 4103 totus
2631 4040 2694 4104 in
2727 4060 2800 4106 eo
2832 4043 2937 4118 sit,
2973 4047 3044 4108 ut
3073 4062 3167 4108 ex·

718 4137 953 4201 clusive
982 4137 1101 4201 sibi
1147 4139 1537 4221 proposuerit
1581 4138 1876 4204 disserere
1908 4140 1981 4203 de
2018 4140 2346 4224 hypothesi
2378 4141 2640 4207 duarum
2673 4145 3164 4229 propositionum

722 4257 913 4320 aeque
953 4241 1067 4304 aut
1111 4240 1290 4321 quasi
1336 4258 1528 4322 aeque
1564 4241 2000 4324 probabilium,
2051 4263 2122 4307 ex
2169 4244 2370 4308 verbis
2417 4245 2548 4310 eius
2593 4247 2788 4328 patet,
2822 4247 2932 4312 ubi
2963 4247 3037 4312 de
3082 4266 3168 4312 se-

709 4339 909 4404 cunda
941 4337 1299 4423 quaestione
1346 4345 1501 4407 mox'
1535 4342 1627 4406 ita
1672 4343 1923 4428 incipit:
1966 4372 2000 4402 «
2034 4346 2104 4409 In
2152 4349 2384 4429 quanto
2418 4348 2520 4432 poi
2567 4348 2691 4413 alla
2735 4350 3002 4415 soconda
3026 4367 3165 4434 que-

710 4443 929 4518 stione,
986 4443 1091 4508 che
1145 4445 1257 4525 qui
1316 4443 1385 4507 di
1423 4447 1745 4526 proposito
1793 4468 1826 4510 e
1861 4470 1902 4512 a
1950 4449 2139 4531 lunqo
2197 4451 2653 4529 esamse'neremO,
2717 4453 3006 4532 diciamO,
3057 4456 3165 4520 ohe

708 4546 957 4626 quando
1002 4546 1337 4629 l'opinione
1367 4567 1505 4613 men
1538 4552 1679 4614 tuta
1719 4554 1749 4614 e
1799 4553 2190 4636 egualmente
2227 4553 2560 4636 probabile,
2601 4560 2722 4640 puo
2768 4558 3161 4625 lecitamente
