3529 5158
729 348 832 404 176
1190 361 1402 402 TnAcr.
1442 361 1508 401 11.
1549 360 1635 400 nn:
1672 359 2091 404 couscmrm.
2129 361 2326 407 CAPUT
2363 363 2429 403 11.
2465 363 2610 406 nun.
2648 364 2716 406 11.
3040 352 3186 429 [180]

716 461 1052 541 utrumque
1083 459 1453 541 principium
1500 457 1848 535 adhibetur,
1883 458 2013 523 scil.
2054 460 2118 523 et
2148 458 2423 524 defectus
2461 461 2679 543 culpae
2716 462 2924 544 quoad
2949 462 3187 548 obliga-

714 562 948 626 tionem
984 559 1332 642 inquirendi
1365 562 1428 624 et
1473 558 1746 625 defectus
1779 561 2230 626 inobedientiae
2263 563 2340 626 ob
2372 562 2794 647 ignorantiam
2824 565 3002 650 legis.

803 662 884 726 Et
920 660 1255 726 Caietanus
1293 659 1369 724 V.
1413 659 1637 740 Opinio
1668 688 1704 721 «
1737 663 1853 727 Per
1892 663 2170 729 accidens
2216 665 2544 750 contingit,
2583 667 2925 733 nescientes
2962 668 3186 734 discer-

714 784 853 831 nere
900 766 1064 829 inter
1109 766 1332 829 notum
1379 765 1666 848 opinione
1711 768 1776 829 et
1811 768 2033 830 uotum
2079 769 2247 831 certa
2283 768 2525 832 ratione
2572 769 2817 846 morali,
2866 789 3071 836 errare
3118 775 3182 837 et

712 868 1008 945 excusari,
1036 866 1348 932 credentes
1373 866 1603 948 absque
1627 867 1953 932 formidine
1980 868 2236 934 alterius
2261 870 2458 953 partis
2483 871 2632 936 viris
2656 872 2866 954 probis
2891 876 2954 938 et
2977 874 3178 939 doctis

710 971 1089 1036 dicentibus:
1124 968 1344 1033 Facile
1374 969 1498 1046 sien
1529 970 1678 1051 quia
1724 973 1932 1052 potest
1975 971 2145 1035 licite
2190 971 2342 1036 fieri.
2390 971 2451 1036 N
2454 992 2531 1038 on
2569 974 2735 1039 enim
2765 976 2959 1060 exigit
3005 978 3175 1042 Deus

710 1075 788 1138 ab
834 1074 1082 1138 homine
1129 1072 1462 1154 plusquam
1507 1072 1779 1137 conditio
1827 1072 2096 1137 hominis
2142 1074 2366 1151 habet3
2416 1075 2562 1157 quia
2609 1076 2819 1141 divina
2865 1078 3175 1161 sapientia

709 1176 983 1258 disponit
1015 1175 1224 1239 omnia
1259 1174 1536 1239 suaviter
1567 1199 1629 1237 ».

801 1274 956 1347 180.
991 1278 1074 1341 Et
1103 1276 1404 1359 principia
1435 1276 1683 1357 quidem
1714 1277 1838 1341 huc
1876 1297 2069 1360 usque
2097 1281 2443 1344 memorata
2476 1279 2847 1345 adhibentur
2879 1301 2915 1347 a
2946 1284 3178 1349 Docto·

708 1381 880 1445 ribus
918 1381 1108 1445 etiam
1156 1378 1401 1462 quando
1450 1378 1661 1464 agitur
1707 1378 1781 1443 de
1828 1381 2135 1461 sequenda
2181 1382 2388 1446 minus
2433 1382 2739 1465 probabili
2779 1384 3066 1469 opinione
3110 1387 3174 1450 in

709 1502 1010 1549 concursu
1047 1481 1500 1565 probabilioris,

799 1586 1006 1649 Instar
1038 1586 1316 1649 omnium
1340 1585 1424 1649 sit
1448 1582 1673 1649 Suarez
1698 1585 1762 1649 in
1793 1587 1849 1650 1.
1887 1586 1946 1648 2.
1975 1588 2053 1649 tr.
2082 1586 2142 1649 3.
2169 1585 2325 1669 disp.
2366 1587 2466 1650 12.
2502 1588 2649 1651 sect.
2685 1588 2745 1651 6.
2784 1609 2843 1652 n.
2874 1590 2965 1653 8.:
3009 1616 3045 1648 «
3070 1591 3175 1655 Di-

707 1688 967 1754 cendum
1014 1688 1248 1771 primo:
1299 1686 1821 1770 Quotiescumque
1867 1692 1963 1753 est
2009 1688 2215 1772 opinio
2264 1689 2620 1771 probabilis,
2658 1690 2817 1756 hanc
2864 1693 3175 1758 actionem

708 1810 830 1857 non
862 1810 992 1856 esse
1023 1790 1257 1854 malam
1295 1790 1394 1854 vel
1417 1790 1798 1872 prohibitam
1822 1791 1921 1855 vel
1945 1794 2370 1873 praeceptam3
2406 1793 2613 1874 potest
2645 1792 2872 1875 aliquis
2903 1793 3173 1860 formare

706 1894 1147 1963 conscientiam
1193 1894 1428 1957 certam
1475 1892 1572 1957 vel
1618 1894 1957 1975 practicam
2004 1893 2379 1959 conformem
2424 1894 2542 1959 tali
2589 1895 2883 1979 opinioni.
2914 1897 3173 1964 Praeter

705 1998 1007 2061 Auctores
1040 1996 1269 2059 citatos
1292 1994 1504 2059 favent
1534 1995 1679 2060 huic
1701 1996 2081 2061 conclusioni
2111 1996 2335 2074 multa,
2363 2016 2522 2079 quae
2545 1996 2797 2061 adducit
2826 1997 2886 2061 N
2889 2017 3168 2077 avarrus,

706 2098 1037 2183 Sylvester‚
1071 2097 1370 2182 Angelum
1402 2097 1779 2163 Antoninus.
1812 2099 1999 2163 Ratio
2032 2101 2145 2176 est,
2175 2098 2323 2180 quia
2354 2098 2595 2162 excedit
2622 2098 3019 2164 ordinariam
3050 2122 3172 2165 mo-

705 2200 854 2265 dum
905 2200 1213 2265 humanae
1265 2198 1590 2279 facultatis
1641 2201 1942 2266 maiorem
1988 2201 2407 2285 cognitionem
2461 2201 2737 2267 obtinere
2788 2201 2854 2267 in
2899 2203 3166 2287 singulis

703 2304 1071 2369 actionibus.
1111 2304 1274 2367 Item
1311 2302 1459 2384 quia
1505 2304 1667 2368 esset
1712 2302 2104 2368 intolerabile
2135 2324 2292 2368 onas
2322 2302 2601 2386 obliyare
2631 2324 2841 2369 omnes
2884 2305 3167 2371 homines

703 2409 780 2473 ad
818 2407 1212 2473 conferendas
1258 2408 1538 2492 singulas
1586 2407 1921 2490 opiniones.
1954 2408 2283 2473 Praeterea
2314 2407 2599 2472 existimo
2634 2408 2813 2472 illam
2857 2409 3169 2474 rationem

701 2511 1145 2589 sufficientem3
1180 2510 1328 2593 quia
1358 2509 1633 2594 quandiu
1679 2512 1775 2573 est
1804 2509 2104 2574 iudicium
2149 2509 2485 2593 probabile,
2524 2509 2691 2592 quod
2726 2510 2902 2576 nulla
2938 2512 3025 2577 sit
3070 2512 3168 2576 lex

699 2617 1026 2699 prohibens
1075 2615 1174 2679 vel
1218 2614 1595 2697 praecipiens
1635 2613 1961 2692 actionem,
2005 2613 2095 2677 tal
2101 2615 2166 2677 ix
2198 2613 2300 2677 lea:
2331 2633 2458 2678 non
2484 2617 2579 2678 est
2610 2614 3003 2696 suffiozenter
3018 2636 3169 2696 pro-

687 2720 902 2799 posita
933 2717 1028 2781 vel
1047 2716 1303 2796 promul
1303 2720 1456 2798 yata
1499 2715 1754 2778 homini.
1790 2715 1965 2780 Unde
2012 2735 2154 2781 cum
2194 2716 2496 2801 obligatio
2529 2715 2687 2799 leyis
2715 2717 2806 2781 sit
2833 2737 2911 2781 ex
2940 2737 3007 2782 se
3031 2739 3171 2782 one-

701 2841 847 2885 rosa
892 2824 954 2884 et
986 2817 1430 2899 quodammodo
1477 2817 1711 2891 odiosa,
1760 2835 1884 2881 non
1930 2820 2133 2902 urget,
2168 2817 2357 2882 donec
2389 2819 2616 2883 certius
2648 2818 2722 2883 de
2750 2818 2863 2883 illa
2901 2823 3167 2885 constet.

699 2923 913 3004 Neque
936 2924 1154 2987 contra
1169 2922 1286 2986 hoc
1317 2923 1501 3005 urget
1533 2919 1746 3001 aliqua
1769 2919 1961 2994 ratio;
1998 2921 2145 3001 quia
2170 2921 2319 2984 tunc
2341 2940 2554 2986 revera
2576 2940 2704 2985 non
2728 2924 2823 2985 est
2841 2923 3169 2985 contra-ma

685 3046 849 3107 pars
884 3027 1075 3089 tutior
1120 3026 1184 3090 in
1233 3023 1443 3089 ordine
1490 3022 1567 3087 ad
1604 3021 2064 3099 conscientiam,
2114 3042 2309 3105 neque
2353 3023 2442 3087 ibi
2473 3028 2568 3089 est
2615 3023 2866 3106 aliquod
2905 3023 3167 3091 dubium

698 3128 1042 3211 practicum
1078 3147 1188 3192 nec
1220 3126 1563 3210 periculum
1587 3151 1649 3189 ».

786 3232 867 3296 Et
913 3232 1235 3317 Laymann
1282 3229 1357 3294 de
1412 3228 1630 3294 Conse.
1677 3248 1812 3313 cap.
1848 3231 1908 3293 5.
1936 3228 1995 3311 ἓ.
2037 3229 2096 3291 2.
2130 3248 2191 3292 n.
2229 3230 2323 3293 7.:
2369 3254 2404 3286 «
2434 3227 2526 3292 Ex
2570 3227 2812 3295 duabus
2858 3231 3168 3296 contradi-

696 3335 977 3399 centibus
1009 3333 1453 3417 probabilibuS,
1494 3351 1654 3414 quae
1701 3334 2028 3397 versantur
2075 3331 2236 3395 circa
2267 3330 2595 3408 actionem,
2630 3351 2708 3396 an
2754 3351 2827 3398 ea
2870 3333 3050 3398 licita
3082 3334 3166 3400 sit

695 3456 900 3513 necne,
935 3437 1194 3517 quisque
1225 3436 1289 3499 in
1322 3434 1498 3517 praxi
1528 3453 1635 3498 seu
1669 3433 2026 3516 operatione
2051 3433 2225 3515 sequi
2240 3434 2466 3516 potest,
2493 3452 2685 3515 quam
2698 3435 3024 3512 maluerit;
3047 3435 3165 3501 etsi

693 3537 812 3620 ipsi
839 3537 1118 3620 operanti
1136 3536 1514 3618 speculative
1537 3536 1745 3599 minus
1770 3535 2106 3618 probabilis
2129 3534 2434 3600 videatur.
2453 3535 2556 3599 Ita
2571 3535 2631 3599 N
2634 3555 2878 3600 avarr...
2898 3541 3015 3602 etc.
3045 3543 3161 3604 etc.

693 3640 1006 3704 Probatur
1036 3638 1350 3702 Assertio:
1393 3636 1779 3719 Opinionem,
1807 3657 1965 3719 quae
1988 3657 2110 3702 non
2135 3643 2229 3703 est
2261 3639 2461 3703 aliena
2492 3657 2531 3703 a
2567 3640 2737 3703 recta
2767 3640 3033 3719 ratione,
3060 3661 3165 3725 po—

693 3744 820 3806 test
858 3740 1085 3822 aliquis
1116 3739 1448 3822 prudenter
1481 3740 1688 3821 sequi3
1731 3740 2068 3822 proba-bilis
2111 3743 2323 3805 autem
2362 3742 2569 3824 opinio
2602 3761 2724 3807 non
2761 3745 2856 3808 est
2888 3744 3095 3810 aliena
3127 3766 3164 3810 a

692 3847 861 3909 recta
892 3845 1152 3909 ratione.
1186 3842 1419 3928 Ergo...
1453 3841 1662 3908 Minor
1693 3842 2044 3907 declaratur
2080 3862 2151 3908 ex
2183 3843 2538 3910 definitione
2569 3846 2926 3929 probabilis,
2970 3867 3162 3930 quam

692 3949 818 4013 dixi
851 3967 981 4013 esse
1020 3967 1176 4024 eam,
1218 3965 1377 4029 quae
1416 3946 1515 4011 vel
1561 3946 1741 4030 gravi
1790 3946 2165 4010 auctoritate
2204 3946 2300 4010 vel
2331 3965 2454 4011 non
2484 3946 2710 4012 modici
2740 3949 3046 4014 momenti
3069 3969 3164 4014 ra-

692 4051 859 4115 tione
891 4051 1117 4115 nititur
1143 4077 1203 4112 ».

786 4179 820 4210 «
845 4151 1300 4218 Confirmatur:
1336 4150 1494 4216 Cum
1525 4152 1589 4215 in
1621 4151 1966 4216 moralibus
1990 4169 2113 4215 non
2138 4149 2315 4216 facile
2339 4150 2601 4234 reperire
2638 4150 2722 4216 sit
2753 4155 3038 4217 exactam
3063 4175 3160 4219 ve-

688 4256 897 4319 ritatis
935 4254 1390 4331 certitudinem,
1433 4254 1536 4318 sed
1575 4253 1766 4318 ferme
1799 4253 1997 4318 solam
2036 4252 2674 4330 verisimilitudinem3
2710 4254 2943 4318 sufficit
2983 4257 3157 4338 sequi

688 4356 852 4439 quod
878 4360 970 4422 est
995 4357 1332 4440 probabile.
1357 4357 1604 4423 Etenim
1629 4358 1808 4423 valde
1831 4356 2101 4422 difficilis
2126 4359 2189 4422 et
2212 4377 2400 4442 prope
2422 4357 2822 4440 impossibilis
2849 4359 3156 4444 obligatio

687 4461 867 4538 foret,
917 4460 970 4524 si
1017 4461 1277 4542 quisque
1324 4459 1671 4525 examinare
1704 4479 1943 4544 semper
1989 4460 2226 4537 debeat,
2261 4464 2405 4525 utra
2439 4461 2702 4525 duarum
2735 4461 3155 4545 probabilium

687 4562 1048 4645 opinionum
1079 4562 1418 4628 efficaciore
1448 4561 1691 4627 ratione
1732 4563 1831 4627 vel
1862 4561 2139 4645 plurium
2171 4581 2239 4625 ac
2272 4562 2637 4644 peritiorum
2670 4563 3017 4628 Doctorum
3051 4585 3152 4628 au·

685 4666 976 4730 ctoritate
1008 4666 1170 4729 fulta
1203 4666 1371 4729 sit».
