3529 5158
718 309 829 363 592
1271 320 1485 362 naor.
1522 321 1603 361 1v.
1645 321 1732 361 nn
1766 319 2073 363 PEGCATIS.
2115 320 2315 362 cAPu‘r
2352 322 2416 362 11.
2454 320 2598 364 nun.
2637 320 2678 361 1.
3042 305 3185 376 [675]

716 419 914 501 specie
945 418 1241 483 malitiae.
1277 416 1502 482 Subdit
1533 415 1761 481 Suarez
1796 417 1944 482 ibid.
1994 436 2055 480 11.
2107 418 2204 480 8.:
2252 443 2286 475 «
2318 416 2491 481 Haec
2523 417 2734 481 tamen
2764 418 3189 493 controversia

714 521 916 605 magis
964 521 1041 584 ad
1086 520 1342 586 modum
1372 519 1686 601 loquendi,
1736 538 1928 602 quam
1975 518 2054 583 ad
2090 538 2222 584 rem
2255 519 2458 601 ipsam
2491 520 2735 602 spectat
2764 544 2828 584 ».
2861 519 2948 583 Et
2994 517 3186 599 addit,

712 642 843 687 6666
874 622 1239 688 divisionem
1285 623 1528 708 generis
1578 624 1642 686 in
1689 622 1941 705 species,
1992 622 2046 685 si
2077 621 2497 706 metaphysice
2527 641 2625 686 res
2663 624 3006 706 spectetur;
3056 642 3186 688 esse

710 744 855 789 vero
886 726 1096 808 potius
1137 726 1471 810 analogam
1502 724 2095 801 denominationem,
2130 724 2184 788 si
2214 743 2312 788 res
2345 724 2694 808 theologice
2725 724 3182 790 consideretur:

709 827 858 909 quia
893 829 1132 893 veniale
1163 831 1258 893 est
1288 830 1492 911 reipsa
1523 827 1906 892 inordinatio
1933 826 2271 891 secundum
2303 826 2452 908 quid
2491 845 2528 889 a
2559 825 2702 891 fine.

798 925 970 1000 6⁷5.
1003 930 1168 994 Hinc
1197 930 1503 1014 Theologi
1536 931 1688 1012 (vid.
1725 930 1890 994 Azor
1922 931 2076 994 tom.
2116 930 2173 991 1.
2208 928 2315 991 lib.
2356 929 2418 990 4.
2453 947 2585 1011 cap.
2622 929 2682 992 8.
2717 948 2777 1011 q.
2812 930 2906 1013 3.)
2938 930 3180 1009 docent,

706 1035 1029 1113 peccatum
1074 1033 1313 1097 veniale
1360 1052 1490 1098 esse
1539 1032 1786 1115 quidem
1820 1034 2042 1096 contra
2081 1030 2277 1113 leyem
2313 1030 2455 1107 Dei3
2491 1031 2640 1113 quia
2675 1051 2888 1096 revera
2933 1033 3030 1096 lex
3063 1034 3178 1098 Dei

706 1135 771 1197 et
815 1137 983 1199 recta
1028 1136 1191 1200 ratio
1238 1136 1569 1217 prohibent
1615 1138 1680 1201 et
1724 1134 1945 1219 gravia
1991 1136 2055 1198 et
2099 1133 2263 1198 levia
2309 1135 2580 1217 peccata.
2614 1133 2703 1198 At
2748 1152 2892 1197 vero
2939 1135 3178 1200 veniale

705 1253 828 1299 non
874 1238 970 1300 est
1015 1238 1231 1301 contra
1276 1238 1605 1320 specialem
1650 1238 1768 1302 Dei
1803 1237 2006 1321 legem
2037 1236 2112 1302 de
2149 1235 2281 1301 eius
2329 1235 2606 1300 amicitia
2654 1237 3071 1319 comparanda
3115 1240 3180 1303 et

704 1337 1119 1402 conservanda
1166 1359 1275 1403 nec
1321 1342 1417 1404 661
1462 1341 1678 1404 contra
1726 1339 1990 1423 speciale
2021 1340 2418 1421 praeceptum
2464 1338 2538 1402 de
2576 1337 2853 1403 eiusdem
2899 1340 3178 1404 amicitia

704 1458 1021 1521 nunquam
1068 1441 1356 1507 violanda
1390 1462 1462 1506 ac
1493 1442 1903 1508 dissolvenda.
1937 1441 2051 1506 Est
2096 1441 2258 1506 enim
2305 1440 2558 1506 unicum
2589 1442 2655 1505 et
2683 1441 3029 1506 maximum
3059 1442 3176 1507 Dei

702 1541 1088 1621 mandatum,
1122 1547 1195 1609 ut
1226 1546 1383 1609 nihil
1428 1545 1750 1623 faciamuS‚
1788 1544 1953 1626 quod
2001 1544 2133 1608 eius
2181 1543 2524 1607 amicitiam
2562 1562 2635 1606 ac
2671 1543 3002 1608 caritatem
3034 1544 3176 1609 diri·

700 1644 853 1721 mat,
901 1646 1203 1728 tanquam
1248 1666 1391 1712 cum
1438 1666 1510 1712 ea
1557 1666 1862 1731 pugnans.
1914 1645 2090 1711 Unde
2135 1646 2371 1710 Paulus
2418 1645 2598 1710 Rom.
2648 1644 2827 1709 XIII.
2883 1647 2983 1709 10.
3033 1647 3170 1723 ait;

698 1743 1043 1811 Plenitudo
1090 1747 1247 1830 legis
1292 1752 1386 1813 est
1414 1748 1682 1814 dilectio.
1723 1749 1952 1813 Mutuo
1986 1767 2133 1832 ergo
2182 1767 2245 1812 se
2291 1749 2755 1830 consequuntur
2800 1748 3007 1812 Deum
3039 1748 3173 1813 dili·

697 1865 842 1931 gere
887 1852 951 1914 et
995 1852 1292 1916 mandata
1338 1853 1472 1917 eius
1520 1870 1784 1917 servare.
1828 1851 2149 1932 Quatenus
2196 1869 2342 1935 ergo
2391 1852 2715 1933 peccatum
2759 1851 3002 1916 veniale
3049 1871 3167 1917 non

698 1950 1063 2016 adversatur
1091 1952 1335 2019 divinae
1367 1955 1680 2019 amicitiae
1711 1957 1778 2020 et
1807 1953 2077 2031 caritati,
2105 1954 2169 2018 in
2199 1954 2362 2017 hunc
2393 1972 2641 2018 sensum
2673 1953 2977 2038 Theologi
3011 1954 3169 2019 dixe-

694 2056 864 2126 runt,
898 2055 1134 2119 veniale
1172 2075 1292 2120 non
1341 2075 1470 2121 6666
1518 2059 1732 2122 contra
1772 2057 1974 2141 legem
2012 2055 2160 2120 Dei:
2203 2073 2333 2120 esse
2380 2056 2591 2118 tamen
2636 2057 2881 2138 praeter
2927 2056 3148 2141 legerm

695 2155 843 2236 quia
896 2160 1143 2223 servata
1189 2159 1305 2224 Dei
1352 2160 1631 2224 amicitia
1676 2160 1741 2224 et
1786 2160 2050 2222 caritate
2105 2158 2261 2222 iilud
2310 2157 2702 2222 admittimus
2747 2158 2814 2222 et
2865 2158 2983 2223 hoc
3029 2160 3162 2242 ipso

692 2257 1063 2340 impedimur
1094 2280 1165 2324 ac
1199 2263 1590 2325 retardamur
1624 2280 1660 2324 a
1700 2261 2082 2325 ferventibus
2114 2260 2396 2325 caritatis
2430 2260 2668 2326 officiis
2709 2259 2851 2325 Vid.
2885 2264 2945 2324 et
2975 2260 3155 2326 Suar.

689 2358 764 2424 de
793 2359 1044 2426 Peccat.
1079 2363 1234 2446 disp.
1278 2366 1337 2427 2.
1374 2366 1520 2428 6661.
1560 2366 1620 2427 5.
1656 2383 1758 2427 1111.
1792 2362 1999 2427 9.-13.

776 2462 1007 2528 Exinde
1052 2465 1171 2530 rite
1206 2467 1604 2549 interpretari
1641 2466 1935 2530 debemus
1981 2465 2301 2541 Doctore8‚
2336 2465 2445 2547 qui
2491 2485 2548 2528 v.
2585 2485 2681 2550 gr.
2715 2464 3000 2530 dixerunt
3031 2466 3159 2548 (uti

686 2564 1223 2633 Altissiodorensis
1270 2570 1333 2632 et
1379 2588 1426 2633 6.
1478 2568 1978 2652 Bonaventura):
2019 2567 2258 2633 veniale
2303 2569 2625 2651 peccatum
2672 2588 2794 2633 non
2844 2588 2978 2634 esse
3023 2570 3158 2657 lege

684 2668 1088 2750 prohibitum,
1129 2670 1233 2735 sed
1264 2671 1627 2736 cohibitum.
1668 2671 2002 2752 Accipiunt
2047 2671 2282 2735 scilicet
2327 2670 2528 2755 legem
2567 2669 2680 2735 Dei
2727 2672 3157 2753 prohibentem

683 2788 794 2851 pro
841 2771 971 2848 illa,
1006 2773 1181 2837 cuius
1231 2774 1491 2840 violatio
1539 2774 1855 2837 hominem
1903 2773 2133 2838 avertit
2179 2775 2242 2838 61
2288 2773 2522 2838 alienat
2565 2793 2603 2837 a
2650 2774 2780 2838 Deo
2829 2792 2902 2839 66
2950 2778 3158 2859 privat

683 2873 909 2954 gratia.
2659 2951 2664 2956 ,

768 2976 1000 3043 Eodem
1045 2998 1229 3045 sensu
1277 2978 1674 3063 explicandus
1724 2998 1772 3043 s.
1814 2979 2276 3057 Bonaventura,
2311 2999 2453 3044 cum
2503 2981 2562 3043 2.
2596 2979 2753 3063 disp.
2788 2981 2898 3044 42.
2935 2983 3056 3047 art.
3090 2985 3150 3048 2.

679 3098 737 3161 q.
773 3081 832 3143 2.
884 3081 960 3146 ad
1006 3083 1213 3147 ultim.
1250 3082 1496 3146 videtur
1543 3101 1801 3165 negare:
1836 3084 2159 3164 peccatum
2207 3081 2444 3146 veniale
2492 3100 2622 3145 esse
2669 3081 2785 3145 Dei
2834 3082 3150 3149 offensam.

676 3181 959 3265 Namque
992 3184 1266 3267 alioquin
1300 3184 1600 3249 offendere
1636 3183 2018 3266 quampiam,
2045 3185 2121 3247 ut
2159 3183 2251 3247 ait
2281 3183 2459 3267 Lugo
2494 3182 2567 3245 de
2604 3181 2867 3248 Incarn.
2902 3183 3059 3268 disp.
3086 3189 3144 3249 5.

676 3304 733 3347 n.
774 3285 897 3358 70„
932 3287 1027 3351 est
1057 3287 1202 3351 dare
1249 3287 1369 3370 ipsi
1414 3286 1851 3350 rationabilem
1888 3305 2143 3350 causam
2190 3288 2253 3350 et
2286 3286 2667 3350 occasionem
2699 3284 3145 3370 indignationis

673 3389 889 3451 contra
936 3388 1357 3453 offendentem.
1406 3389 1602 3470 Atqui
1649 3388 1832 3471 culpa
1884 3388 2143 3453 venialis
2192 3388 2321 3452 Deo
2370 3390 2532 3453 certe
2580 3387 2884 3470 displicet,
2936 3392 3011 3453 ut
3055 3390 3146 3453 ait

673 3508 722 3552 s.
757 3489 1047 3566 Thomas,
1080 3491 1228 3556 licet
1257 3510 1377 3557 non
1411 3491 1734 3574 displiceat
1766 3509 2029 3574 persona
2052 3490 2245 3573 (sicut
2275 3511 2308 3555 6
2341 3494 2556 3557 6011116
2589 3492 2792 3573 placet
2823 3492 2951 3555 Deo
2986 3510 3143 3574 opus

672 3590 902 3655 bonum
938 3593 1294 3674 peccatoris,
1334 3594 1481 3659 licet
1530 3613 1793 3676 persona
1825 3613 1947 3659 non
1977 3595 2250 3677 placeat)
2284 3596 2473 3676 atque
2510 3593 2660 3657 adeo
2708 3612 2848 3657 eam
2893 3593 3142 3678 culpam

670 3696 837 3761 Deus
868 3696 1125 3761 damnat
1154 3701 1217 3763 et
1249 3699 1522 3764 vindicat
1559 3699 1890 3782 puniendo,
1925 3699 2112 3783 Ergo.

756 3798 1165 3883 Explicandus
1200 3820 1346 3885 ergo
1380 3819 1428 3864 6.
1464 3801 1906 3865 Bonaventura
1939 3800 2011 3864 de
2046 3801 2296 3877 offensa,
2332 3820 2490 3883 quae
2524 3801 2730 3882 pariat
2764 3799 3141 3885 indignatio·

667 3921 806 3967 nem
843 3903 1153 3967 amicitiae
1186 3903 1503 3967 vinculum
1534 3902 1997 3968 dissolventem.
2033 3903 2176 3967 Vid.
2210 3903 2375 3968 Azor
2407 3902 2447 3965 1.
2483 3921 2534 3966 c.
2570 3921 2627 3984 q.
2672 3905 2731 3966 5.

754 4005 855 4069 Ita
902 4005 1036 4069 DD.
1071 4007 1318 4088 negant,
1360 4005 1597 4070 veniale
1645 4007 1968 4088 peccatum
2015 4024 2146 4069 esse
2196 4004 2576 4070 aversionem
2625 4024 2663 4068 a
2710 4005 2841 4069 Deo
2890 4008 2954 4068 et
3000 4025 3135 4069 con-

666 4106 1005 4170 versionem
1039 4107 1115 4169 ad
1146 4111 1481 4184 creaturae,
1510 4110 1822 4189 quatenus
1851 4127 1958 4171 nec
1992 4107 2278 4172 dissolvit
2312 4106 2654 4171 amicitiam
2688 4127 2831 4172 cum
2863 4107 2989 4171 Deo
3022 4127 3131 4172 nec

662 4211 735 4273 ut
780 4209 964 4273 finem
1010 4210 1325 4287 ultimum,
1376 4211 1750 4293 posthabens
1805 4211 2026 4287 Deum,
2077 4210 2267 4276 habet
2312 4211 2681 4275 creaturam.
2731 4211 2820 4274 At
2875 4208 3128 4285 addunt,

663 4331 792 4376 esse
839 4317 1047 4378 actum
1097 4314 1367 4379 alienum
1405 4318 1485 4380 et.
1515 4334 1804 4379 aversum
1836 4334 1872 4378 a
1905 4315 2034 4379 Deo
2069 4317 2133 4379 61
2165 4333 2296 4380 6666
2327 4314 2639 4397 quandam
2670 4315 3132 4380 conversionem

660 4413 1211 4498 adhaesionemque
1271 4417 1690 4482 inordinatam
1757 4417 1918 4483 bono
1982 4420 2190 4483 creato
2248 4420 2437 4501 prout
2489 4417 2828 4482 iucundum
2884 4423 2981 4482 est
3037 4417 3129 4482 vel

664 4515 817 4579 utile
848 4519 962 4580 etc.
997 4518 1159 4581 Azor
1189 4519 1230 4581 1.
1267 4538 1317 4582 6.
1351 4539 1408 4601 q.
1456 4520 1513 4582 7.
