3529 5158
714 405 925 446 LXXXII
1602 404 1814 447 SERIES
1852 402 2320 445 CHRONOLOGIOA

705 504 888 582 typis
912 503 1137 566 forsan
1162 505 1294 566 iam
1319 506 1535 567 editos
1562 522 1679 566 seu
1720 504 1919 582 (quod
1943 506 2129 565 Deus
2161 504 2448 580 avertat)
2489 504 2785 565 edendos
2817 520 3184 582 eorumque

710 595 1078 671 lectionem,
1124 594 1657 672 descriptionem,
1710 594 2148 655 retentionem
2200 596 2270 654 et
2317 608 2512 653 usum
2558 594 2870 653 omnibus
2931 598 3004 654 et
3051 595 3187 655 sin—

709 683 885 758 gulis
931 683 1494 761 christifidelibus,
1532 685 1657 745 sub
1689 700 1907 760 poena
1938 682 2651 744 excommunicationis
2692 698 2813 758 per
2845 684 3185 744 contrafa-

710 772 962 833 cientes
987 773 1131 848 ipso
1158 772 1335 835 facto
1360 774 1818 849 incurrendae,
1850 773 2283 848 prohibemus
2307 772 2560 847 pariter
2587 774 2657 832 et
2690 772 3179 834 interdicimus.

803 861 1258 937 Praecipimus
1305 863 1579 939 insuper
1610 861 2111 922 venerabilibus
2161 861 2512 921 Fratribus
2561 861 2997 938 PatriarchiS,
3049 864 3181 922 Ar-

712 950 1153 1026 chiepiscopis
1208 959 1276 1011 et
1335 953 1685 1028 Episcopis
1743 952 2028 1026 aliisque
2088 951 2384 1010 locorum
2435 949 2815 1011 Ordinariis
2868 965 2999 1010 nec
3043 968 3181 1012 non

714 1039 1084 1100 haereticae
1133 1041 1489 1116 pravitatis
1526 1039 2066 1117 Inquisitoribus,
2103 1042 2181 1099 ut
2211 1039 2756 1117 contradictores,
2793 1043 2863 1100 et
2892 1039 3182 1102 rebelles

717 1145 1188 1205 quoscumque,
1237 1148 1357 1205 per
1402 1146 1716 1190 censuras
1763 1135 1831 1190 et
1887 1145 2135 1205 poenas
2188 1128 2526 1204 praefatas
2573 1129 2840 1204 aliaque
2897 1128 3069 1189 iuris
3114 1134 3184 1191 et

719 1216 878 1278 facti
925 1218 1234 1291 remedia,
1285 1219 1596 1280 invocato
1643 1219 1845 1279 etiam
1890 1218 1974 1277 ad
2021 1219 2148 1279 hoc
2181 1218 2256 1294 (si
2307 1234 2477 1293 opus
2523 1217 2756 1297 fuerit)
2788 1217 3048 1279 brachii
3081 1235 3182 1279 se-

718 1305 962 1367 cularis
993 1307 1264 1385 auxilio,
1315 1308 1584 1368 omnino
1632 1311 1980 1368 coerceant
2025 1311 2094 1367 et
2140 1308 2564 1383 compellant.

808 1396 1137 1457 Volumus
1170 1404 1414 1473 autem,
1449 1401 1529 1457 ut
1559 1397 1920 1457 earundem
1959 1396 2413 1472 praesentium
2447 1397 2948 1474 transsumptis,
2978 1396 3181 1457 etiam

717 1484 1074 1564 impressis,
1123 1502 1327 1546 manu
1358 1486 1642 1546 alicuius
1673 1485 1918 1546 notarii
1952 1484 2209 1562 publici
2241 1485 2643 1561 subscriptis
2680 1489 2751 1547 et
2782 1485 3007 1562 sigillo
3033 1501 3182 1561 per-

716 1590 914 1634 sonae
960 1575 1031 1634 in
1080 1575 1413 1651 dignitate
1462 1575 1913 1636 ecclesiastica
1959 1575 2369 1635 constitutae
2417 1573 2717 1651 munitis,
2752 1576 2984 1636 eadem
3016 1575 3182 1636 fides

713 1679 988 1739 prorsus
1032 1664 1451 1741 adhibeatur,
1493 1682 1662 1741 quae
1695 1666 1863 1739 ipsis
1887 1663 2328 1741 originalibus
2361 1662 2608 1724 litteris
2632 1664 3085 1744 adhiberetur,
3122 1666 3178 1724 si

717 1751 940 1813 forent
985 1753 1322 1814 exhibitae
1368 1755 1479 1814 vel
1525 1758 1853 1814 ostensae.

807 1842 993 1902 Nulli
1032 1860 1189 1919 ergo
1221 1843 1565 1903 hominum
1596 1843 1794 1904 liceat
1836 1843 2008 1903 hanc
2038 1844 2352 1919 paginam
2385 1843 3174 1920 nostraedeclarationis,

718 1929 1188 2007 damnationiS,
1242 1932 1561 2009 mandati,
1608 1931 2084 2008 prohibitionis
2140 1935 2209 1992 et-
2261 1931 2753 1992 interdictionis
2808 1932 3179 2010 infringere

720 2020 826 2078 vel
861 2019 921 2078 ei
954 2036 1125 2079 ausu
1156 2019 1509 2080 temerario
1541 2022 1889 2081 contraire.
1934 2021 2004 2081 Si
2031 2020 2183 2096 quis
2214 2024 2439 2081 autem
2469 2021 2595 2080 hoc
2625 2023 2963 2081 attentare
2985 2038 3174 2096 prae-

719 2109 1098 2183 sumpserit,
1148 2108 1680 2185 indignationem
1715 2110 2193 2185 omnipotentis
2231 2110 2356 2169 Dei
2391 2127 2468 2169 ac
2503 2109 2852 2171 beatorum
2887 2111 3075 2171 Petri
3107 2114 3179 2171 et

721 2196 917 2256 Pauli
964 2199 1414 2273 apostolorum
1462 2200 1606 2258 eius
1654 2215 1723 2259 se
1772 2199 2038 2259 noverit
2080 2199 2526 2259 incursurum.

809 2284 1061 2345 Datum
1092 2288 1359 2363 Romae,
1393 2288 1572 2363 apud
1610 2294 1906 2348 sanctam
1947 2288 2225 2347 Mariam
2276 2288 2615 2365 Maiorem,
2650 2305 2829 2348 anno
2865 2290 3181 2349 Incarna—

717 2375 922 2435 tionis
967 2376 1356 2437 Dominicae
1405 2377 1753 2438 millesimo
1802 2376 2399 2454 septingentesimo
2439 2378 2875 2455 nonagesimo
2912 2382 3180 2455 quarto,

717 2464 955 2540 quinto
1001 2464 1311 2526 calendas
1359 2466 1775 2545 septembriS,
1826 2466 2269 2527 Pontificatus
2316 2466 2525 2526 nostri
2568 2483 2748 2527 anno
2779 2467 3134 2544 vigesimo,

899 2593 1031 2650 ΡΗ.
1068 2593 1292 2653 OARD.
1329 2606 1888 2652 PRO-DA'rAmUs

1764 2683 1842 2743 R.
1884 2682 2119 2744 Onu).
2167 2683 2597 2743 BRAscmth
2645 2696 2746 2743 DE
2795 2682 3179 2744 HONEsrrts

1222 2824 1379 2886 Visa
1410 2825 1492 2886 de
1527 2826 1729 2888 Curia
1761 2827 1815 2886 I.
1853 2827 2235 2886 MANAssm

721 2949 1258 3011 Loco—Plumbi
1712 2953 1786 3011 Ε.
1825 2952 2306 3012 L1v1zzAss1us

1323 3095 1709 3173 Registrata
1740 3095 1810 3154 in
1840 3094 2212 3156 secretaria
2241 3094 2566 3155 brevium.

809 3221 1002 3281 Amw
1028 3239 1069 3279 a
1090 3220 1451 3282 Nati-vitate
1481 3220 1749 3280 Domini
1787 3221 1990 3281 nostri
2023 3219 2174 3280 Iesu
2209 3219 2448 3280 Christi
2473 3222 2804 3282 milles-imo
2828 3223 3178 3300 septimen-

723 3311 938 3370 κείνοιο
986 3311 1383 3386 mammes-imo
1431 3317 1676 3388 quarto,
1712 3310 2055 3370 ‘indict-ione
2101 3310 2484 3388 duodecima,
2519 3311 2619 3371 die
2665 3330 2808 3372 ‘cero
2852 3310 3184 3388 triyeeinm

711 3399 933 3474 prima
979 3400 1252 3475 aayusti,
1287 3398 1709 3476 Pontffieateae
1755 3400 2140 3459 etz-netieeimi
2172 3399 2240 3458 in
2278 3398 2527 3459 Christo
2561 3398 2787 3461 Patris
2819 3407 2877 3461 et
2909 3399 3180 3460 Domini

722 3488 945 3562 metri,
995 3487 1260 3547 Domini
1291 3488 1400 3548 Pii
1432 3490 1677 3548 Divina
1724 3488 2140 3548 Providentia
2186 3486 2404 3565 Papae
2437 3488 2612 3549 Sexti
2642 3507 2810 3550 αηηο
2857 3490 3173 3567 υἰρεείηιο,

718 3576 1123 3652 supradictae
1149 3578 1397 3638 litterae
1420 3579 1800 3655 apostolieae
1825 3580 2046 3655 affixae
2070 3583 2128 3636 et
2139 3576 2506 3652 publicatae
2513 3578 2792 3656 fuerunt
2817 3579 2901 3639 ad
2941 3577 3176 3638 Valvas

721 3665 1018 3726 basilicae
1050 3666 1499 3726 Latmaneneis
1537 3673 1596 3727 et
1628 3666 1952 3742 Principis
1983 3666 2435 3742 apostolorum,
2463 3668 2880 3728 cancellariae
2926 3674 3176 3745 aposto-

725 3755 900 3832 licae,
948 3756 1163 3816 curiae
1205 3758 1516 3832 yeneralis
1567 3758 1630 3815 in
1680 3755 1893 3814 Monte
1947 3754 2206 3828 Giton-ic,
2247 3754 2317 3813 in
2361 3755 2518 3814 Acie
2554 3756 2778 3835 Campi
2814 3757 3056 3818 Florae
3103 3775 3178 3817 ae

722 3844 792 3902 in
838 3845 989 3904 aliis
1038 3846 1186 3904 locis
1240 3846 1446 3904 solitis
1494 3851 1550 3905 et
1598 3844 1906 3904 consuetis
1966 3842 2174 3919 Urbis,
2210 3860 2332 3920 per
2388 3862 2482 3905 me
2527 3845 2837 3907 Ioannem
2891 3845 3177 3906 Reii-zoni

722 3935 1132 4010 apostolicam
1180 3953 1514 3994 cursorem.

1605 4023 1838 4082 FELIX
1887 4022 2411 4084 CASTELLAOCI.
2446 4023 2755 4102 Mayieter
2805 4026 3173 4087 Cursorum.
