3529 5158
731 399 961 439 Lxxxlv
1611 394 1824 438 sannas
1860 372 2328 437 cnnoxonoch

819 502 878 559 6.
913 498 1165 560 Christi
1198 497 1362 557 fides
1391 498 1721 556 humanae
1752 494 2133 571 refragatur
2177 493 2423 555 rationi
2457 494 2825 571 divinaque
2856 494 3179 557 revelatio

730 606 861 648 non
894 589 1108 648 solum
1155 586 1326 646 nihil
1366 586 1653 663 prodest,
1687 601 1923 645 verum
1955 584 2156 644 etiam
2192 587 2387 643 nocet
2419 584 2706 644 hominis
2737 583 3151 660 perfectioni.

908 677 1123 752 Epist.
1157 675 1407 752 encycl.
1452 674 1573 749 Qui
1608 673 1900 751 pluribus
1934 676 1992 734 9.
2025 672 2424 733 Novembris
2457 675 2649 734 1846.
2679 706 2758 718 —
2790 673 3005 734 Alloc.
3041 673 3184 733 Μα-

1000 765 1175 824 aeima
1222 764 1467 841 quidem
1493 766 1552 824 9.
1587 762 1771 823 Iunii
1805 763 2000 821 1862.

823 857 881 914 7.
917 853 1317 929 Prophetiae
1352 860 1420 913 et
1450 851 1791 929 miracula,
1824 851 1895 911 in
1928 850 2134 911 sacris
2161 849 2436 911 Litteris
2459 850 2765 926 exposita
2796 852 2867 912 et
2889 855 3178 930 narrata,

729 946 890 1005 sunt
934 946 1283 1018 poetarum
1328 944 1701 1002 commenta
1746 942 1816 1000 et
1862 939 2266 1000 christianae
2297 938 2491 1000 Fidei
2538 940 2856 1017 mysteria
2888 940 3184 1016 philoso-

728 1033 1074 1108 phicarum
1113 1030 1710 1107 investigationum
1760 1046 2017 1089 summa
2054 1031 2125 1088 et
2152 1029 2508 1105 utriusque
2539 1029 2952 1090 Testamenti
2989 1030 3180 1090 libris

734 1121 1027 1199 mythica
1070 1119 1502 1180 continentur
1532 1119 1829 1198 inventa,
1864 1118 2140 1193 ipseque
2187 1119 2376 1179 Iesus
2416 1118 2725 1179 Christus
2758 1122 2863 1179 est
2892 1119 3187 1195 mythica

731 1210 930 1271 fictio,

908 1299 1122 1374 Epist.
1163 1297 1409 1374 encycl.
1452 1296 1574 1372 Qui
1594 1295 1894 1373 pluribus
1920 1300 1978 1356 9.
2015 1295 2413 1357 Novembris
2444 1298 2639 1357 1846.
2669 1330 2753 1341 —
2779 1297 2996 1357 Alloc.
3033 1296 3178 1356 Ma-

997 1387 1172 1446 oeima
1210 1388 1455 1462 quidem
1503 1389 1561 1446 9.
1612 1384 1797 1445 Iunii
1846 1387 2039 1445 1862.

1863 1567 1922 1643 ξ.
1959 1566 1993 1625 I
1999 1566 2049 1625 Ι.

1504 1691 2013 1751 Rationalismus
2061 1691 2438 1750 moderatus.

823 1846 881 1903 8.
918 1841 1140 1915 Quum
1171 1838 1342 1898 ratio
1368 1838 1659 1896 humana
1682 1835 1813 1911 ipsi
1837 1834 2175 1910 Religioni
2200 1834 2691 1914 aequiparetur,
2726 1836 2974 1896 idcirco
2997 1837 3185 1898 theo-

727 1931 980 2007 logicae
1013 1928 1406 2001 disciplinae
1431 1924 1706 2000 perinde
1737 1941 1815 1984 ac
1836 1924 2272 2000 phisophieae
2302 1924 2696 1985 tractandae
2719 1930 2901 1986 sunt.

912 2018 1125 2077 Alloc.
1164 2014 1493 2090 Sinyulari
1518 2013 2059 2089 qmtdamperfewi
2091 2016 2151 2073 9.
2185 2014 2572 2074 Decembris
2606 2016 2799 2074 1854.

821 2111 881 2168 9.
922 2105 1167 2166 Omnia
1208 2101 1791 2163 indiscriminatim
1824 2102 2138 2177 dogmata
2173 2101 2547 2179 Religionis
2577 2103 2982 2164 christianae
3019 2108 3183 2165 sunt

729 2197 1061 2258 obiectum
1107 2191 1434 2252 naturalis
1481 2190 1800 2251 scientiae
1863 2206 1984 2251 sen
2040 2191 2502 2266 philosophiae
2550 2195 2620 2252 et
2666 2193 2961 2253 hnmana
3005 2194 3181 2254 ratio

728 2285 1045 2347 historice
1104 2285 1371 2342 tantum
1417 2280 1686 2340 exculta
1730 2282 1953 2354 potest
1998 2295 2084 2340 ex
2131 2280 2272 2340 suis
2319 2280 2747 2341 naturalibus
2793 2282 3054 2343 viribus
3113 2287 3184 2344 et

728 2373 1079 2455 principiis
1126 2371 1213 2431 ad
1261 2387 1483 2431 veram
1529 2369 1612 2429 de
1659 2367 1969 2430 omnibus
2001 2369 2206 2430 etiam
2236 2369 2793 2431 reconditioribus
2831 2371 3181 2433 scientiam

728 2464 1098 2542 pervenire,
1125 2460 1317 2520 modo
1350 2460 1515 2520 haec
1546 2459 1862 2537 (logmata
1884 2457 2014 2534 ipsi
2048 2458 2293 2520 rationi
2325 2462 2646 2536 tanquam
2680 2459 3016 2521 obiectum
3032 2477 3184 2536 pro-

727 2554 947 2632 posita
979 2551 1256 2612 fuerint.

905 2642 1120 2718 Epist.
1145 2639 1230 2700 ad
1266 2638 1582 2713 Archiep.
1618 2638 1906 2715 Frising.
1955 2636 2382 2698 Gravissimas
2414 2642 2518 2699 11.
2555 2638 2945 2701 Decembris
2979 2642 3176 2701 1862.

1090 2763 1179 2806 -κ
1205 2728 1420 2803 Epist.
1455 2727 1540 2786 ad.
1564 2727 1850 2788 eundem
1889 2727 2056 2786 Tuas
2083 2727 2341 2786 libenter
2373 2728 2480 2787 21.
2507 2728 2895 2788 Decembris
2935 2731 3130 2790 1863.

817 2824 922 2882 10.
964 2820 1187 2893 Quum
1225 2817 1409 2877 aliud
1441 2816 1531 2877 sit
1560 2815 2017 2892 philosophuS,
2068 2815 2252 2875 aliud
2298 2817 2744 2895 philosophia,
2793 2816 2907 2877 ille
2954 2818 3062 2879 ius
3109 2821 3180 2880 et

725 2911 1012 2972 officium
1043 2908 1248 2967 habet
1281 2923 1349 2966 se
1398 2904 1840 2966 submittendi
1872 2905 2281 2984 auctoritati,
2317 2923 2517 2982 quam
2566 2922 2792 2966 veram
2836 2907 2980 2982 ipse
3027 2924 3180 2984 pro-

727 2999 1014 3075 baverit3
1065 3000 1137 3057 at
1183 2995 1604 3072 philosophia
1637 3010 1856 3070 neque
1895 2999 2119 3069 potest
2163 3011 2382 3070 neque
2426 2994 2626 3056 debet
2670 2995 2791 3057 ulli
2841 3012 2985 3057 sese
3024 2997 3182 3058 sub-

727 3090 995 3151 mittere
1026 3084 1439 3146 auctoritati.

906 3177 1121 3253 Epist.
1157 3174 1242 3236 ad
1288 3172 1605 3248 Archiep.
1640 3171 1931 3248 Frising.
1967 3171 2391 3231 Gravi-§amas
2425 3174 2528 3232 11.
2556 3173 2944 3233 Decembris
2980 3176 3176 3235 1862.

1000 3266 1213 3341 Epist.
1239 3263 1324 3324 ad
1356 3263 1640 3323 eundem
1669 3263 1838 3322 Tuas
1879 3261 2139 3321 libenter
2175 3263 2280 3320 21.
2316 3261 2707 3321 Decembris
2749 3263 2944 3323 1863.

821 3359 923 3416 11.
960 3353 1260 3414 Ecclesia
1291 3369 1425 3411 non
1450 3353 1662 3411 solum
1690 3368 1826 3410 non
1865 3349 2064 3411 debet
2094 3350 2162 3409 in
2182 3350 2674 3426 philosophiam
2704 3368 3004 3426 unquam
3037 3354 3181 3413 ani-

728 3444 1164 3519 madvertere,
1192 3457 1426 3500 verum
1450 3441 1650 3501 etiam
1676 3439 1877 3499 debet
1901 3440 2113 3514 ipsius
2138 3439 2599 3515 philosophiae
2617 3441 2901 3501 tolerare
2925 3457 3182 3502 errores

726 3534 923 3609 eique
946 3531 1321 3605 relinquere
1359 3533 1438 3589 ut
1476 3530 1620 3603 ipsa
1646 3545 1713 3588 se
1747 3528 2055 3605 corrigat.

910 3620 1123 3695 Epist.
1158 3618 1240 3677 ad
1281 3617 1597 3691 Archiep.
1634 3616 1923 3693 Frising.
1967 3616 2394 3678 Gravissimas
2427 3620 2530 3677 11.
2554 3617 2942 3679 Decembris
2980 3621 3175 3680 1862.

822 3711 923 3769 12.
968 3705 1396 3783 Apostolicae
1423 3705 1614 3766 Sedis
1638 3706 2219 3780 Romanarumque
2246 3705 2858 3784 congregationum
2888 3708 3182 3771 Decreta

727 3799 1013 3860 liberum
1061 3795 1375 3857 scientiae
1416 3809 1840 3871 progressum
1875 3793 2270 3868 impediunt.

908 3888 1122 3964 Epist.
1149 3884 1235 3945 ad
1268 3884 1583 3959 Archiep.
1619 3881 1910 3959 Frising.
1943 3882 2109 3942 Tuas
2145 3882 2404 3943 libenter
2434 3885 2540 3944 21.
2564 3885 2953 3946 Decembris
2981 3890 3178 3949 1863.

819 3981 922 4039 13.
961 3974 1317 4038 Methodus
1350 3977 1419 4033 et
1452 3971 1800 4048 principia,
1842 3972 2088 4048 quibus
2120 3973 2382 4048 antiqui
2431 3975 2756 4035 Doctores
2795 3976 3179 4039 scholastici

728 4066 1155 4143 Theologiam
1172 4064 1626 4138 excoluerunt,
1641 4065 2016 4136 temporum
2033 4066 2411 4123 nostrorum
2428 4063 2943 4126 necessit-atibus
2967 4067 3183 4128 scien-

728 4156 1106 4229 tiarumque
1135 4151 1519 4228 progressui
1570 4150 1839 4211 minime
1872 4155 2272 4228 congruunt.

906 4243 1117 4319 Epist.
1153 4241 1235 4300 ad
1273 4240 1587 4316 Archiep.
1626 4239 1913 4318 Frising.
1957 4241 2122 4300 Tuas
2141 4242 2401 4300 libenter
2423 4242 2529 4303 21.
2559 4243 2948 4304 Decembris
2976 4247 3172 4305 1863.

819 4336 920 4392 14.
956 4329 1391 4405 Philosophia
1422 4329 1774 4390 tractanda
1805 4336 1926 4409 est,
1963 4332 2150 4391 nulla
2187 4331 2718 4406 supernaturalis
2741 4333 3182 4396 revelationis

730 4422 961 4482 habita
991 4420 1270 4480 ratione.

810 4510 1024 4587 Epist.
1050 4509 1135 4568 ad
1160 4507 1474 4584 Archiep.
1512 4508 1802 4584 Frising.
1845 4507 2010 4569 Tuae
2045 4509 2304 4568 libenter
2333 4512 2440 4570 21.
2475 4510 2864 4570 Decembris
2900 4512 3095 4572 1863.

817 4599 902 4660 N.
937 4599 1017 4659 B.
1054 4600 1218 4660 Cum
1259 4598 1699 4659 rationalismi
1733 4601 2093 4675 systemate
2124 4600 2480 4659 cohaerent
2511 4599 2596 4659 ad
2629 4600 2983 4660 maximam
3021 4618 3180 4677 par-
