3529 5158
664 358 768 413 102
1156 368 1366 410 ‘macr
1406 369 1446 409 1.
1484 370 1571 409 nn
1607 367 1865 410 Aca-mus
1903 368 2197 411 nemis.
2236 368 2434 411 carm*
2477 370 2608 411 vm.
2978 358 3122 436 [109]

661 469 908 551 quidem
941 466 1181 549 obligat
1210 464 1509 541 homines,
1544 465 1618 527 ut
1647 465 1711 527 in
1742 464 2006 548 singulis
2038 464 2384 529 actionibus
2407 466 2678 531 habeant
2710 467 2895 532 finem
2933 469 3124 534 hone—

661 573 850 646 stum,
884 569 1073 652 prout
1117 567 1504 631 honestatem
1534 566 1664 648 ipse
1696 566 1965 648 concipit
1994 567 2058 629 et
2087 566 2301 631 exinde
2332 567 2589 632 damnat
2619 569 2918 647 actioneS,
2954 571 3008 635 si
3046 572 3125 636 ad

663 674 825 737 hunc
861 671 1046 734 finem
1075 687 1198 734 non
1232 668 1519 732 tendant:
1569 667 1784 732 deinde
1829 686 1974 732 vero
2012 668 2104 731 ita
2134 668 2293 733 hanc
2338 670 2729 736 honestatem
2781 691 2891 737 seu
2937 673 3122 739 finem

662 775 992 840 honestum
1036 771 1323 853 concipit,
1358 771 1433 834 ut
1463 770 1561 834 vel
1590 770 1789 834 doctis
1820 769 2069 834 difficile
2101 770 2455 853 saepissime
2486 772 2772 838 futurum
2808 776 2895 839 sit
2922 776 3125 842 deter-

664 877 918 951 minare,
952 874 1207 955 quinam
1236 873 1534 937 honestus
1564 871 1704 936 finis
1736 871 2108 953 quibusdam
2139 873 2486 938 actionibus
2509 876 2941 960 praefigendus
2974 878 3076 942 sit.

753 976 951 1057 Quem
996 975 1159 1040 enim
1204 973 1388 1038 finem
1435 975 1566 1038 tam
1611 973 1883 1038 nobilem
1928 974 2291 1058 assignabit,
2341 975 2416 1039 ut
2461 976 2602 1057 quis
2637 996 2694 1040 V.
2735 997 2829 1061 gr.
2866 979 3122 1045 honeste

666 1081 928 1164 aspiciat
972 1077 1275 1159 templum
1319 1076 1579 1159 insigne,
1621 1076 1817 1139 altam
1850 1076 2093 1152 turrim,
2142 1078 2394 1159 pontem
2425 1078 2848 1162 magnificum,
2884 1080 3125 1147 lautius

665 1184 851 1248 solito
898 1179 1210 1246 interdum
1255 1178 1635 1255 convivetur,
1670 1177 1930 1242 sedendo
1964 1178 2194 1261 potius,
2227 1198 2418 1260 quam
2454 1180 2829 1246 ambulando
2862 1184 3126 1267 cogitet,

666 1285 841 1369 legat
883 1282 1177 1348 historias
1209 1282 1322 1345 etc.
1344 1284 1373 1343 P
1402 1280 1599 1360 Atqui
1644 1280 1913 1343 stultum
1944 1280 2366 1354 est-statuere,
2406 1280 2687 1364 singulos
2733 1283 3015 1349 homines
3048 1284 3127 1348 ad

668 1385 946 1470 singulas
977 1383 1250 1447 actiones
1282 1382 1475 1445 teneri
1506 1380 1585 1443 ad
1622 1380 1987 1445 servandam
2021 1381 2324 1464 regulam,
2375 1400 2564 1463 quam
2596 1383 2808 1447 tamen
2852 1384 3127 1449 invenire

670 1487 768 1552 vel
805 1486 956 1569 ipsis
1002 1484 1200 1549 doctis
1248 1482 1496 1547 difficile
1542 1481 1645 1545 sit.

760 1587 826 1652 Si
871 1606 1018 1670 ergo
1048 1586 1329 1651 homines
1359 1584 1646 1648 tenentur
1690 1583 1946 1647 honeste
1992 1601 2230 1665 semper
2275 1584 2516 1666 operari
2561 1585 2626 1648 et
2671 1586 2958 1650 tenentur
3004 1605 3127 1651 non

671 1691 875 1756 solum
905 1688 1091 1765 docti,
1124 1687 1230 1751 sed
1261 1687 1325 1750 et
1347 1684 1548 1763 rudeS‚
1574 1683 1858 1761 feminae,
1884 1683 2116 1749 idiotae
2145 1685 2290 1761 etc.;
2318 1684 2437 1748 nisi
2468 1683 2738 1768 desipere
2771 1687 2911 1766 quis
2941 1686 3125 1769 plane

671 1792 840 1869 velit,
874 1792 1149 1882 statuere
1178 1789 1377 1865 debet,
1410 1788 1568 1851 hanc
1604 1786 1889 1871 regulam
1919 1786 2264 1850 honestatis
2304 1786 2570 1864 obviam,
2604 1786 2850 1851 facilem
2886 1806 3016 1852 esse
3061 1790 3129 1853 et

674 1895 752 1959 ad
782 1912 1039 1957 manum
1087 1891 1390 1956 omnibuS.
1424 1889 1669 1953 Etenim
1700 1888 1840 1969 quis
1872 1888 2078 1969 potest
2112 1887 2449 1960 decernere,
2483 1888 2797 1953 difficilem
2829 1908 2958 1954 esse
2988 1909 3130 1955 eam

674 1996 1113 2078 operationem,
1162 2011 1285 2074 qua
1331 1992 1516 2055 homo
1564 1989 1781 2053 tendat
1810 1990 1875 2052 in
1914 2006 2056 2053 eum
2103 1989 2306 2065 finem,
2342 1989 2418 2053 ad
2451 2009 2635 2071 quem
2666 1991 2844 2055 unice
2882 1993 3128 2057 creatus

674 2098 863 2163 estet
893 2115 1076 2177 quem
1118 2094 1298 2163 unice
1345 2092 1422 2155 ab
1467 2092 1600 2175 ipso
1634 2088 1891 2156 Creator
1937 2091 2209 2173 expetit?
2238 2091 2435 2172 Atqui
2477 2092 2554 2156 ad
2599 2092 2785 2157 finem
2831 2094 3131 2158 ultimum

671 2219 793 2265 non
840 2197 1115 2263 tenditur
1160 2196 1281 2260 nisi
1326 2213 1432 2277 per
1478 2196 1653 2258 actus
1692 2192 1946 2257 virtutis
1978 2211 2084 2257 seu
2125 2212 2231 2274 per
2267 2196 2443 2258 actus
2490 2194 2799 2259 honestos
2841 2195 3008 2280 Ergo
3056 2216 3129 2260 ne

674 2301 1009 2369 absurdum
1055 2301 1393 2372 teneamuS,
1442 2315 1516 2359 ne
1564 2295 1943 2360 affirmemus
1988 2296 2148 2359 hanc
2192 2295 2763 2369 contradictionem,
2814 2297 3129 2362 hominem

672 2423 887 2487 nempe
932 2402 1148 2467 debere
1195 2419 1300 2483 per
1348 2401 1523 2462 actus
1571 2416 1715 2462 suos
1763 2397 2010 2461 tendere
2057 2396 2134 2461 ad
2180 2396 2365 2461 finem
2409 2397 2640 2481 iugiter
2685 2399 2752 2463 et
2798 2400 2976 2463 unice
3022 2419 3130 2464 nec

673 2508 881 2571 tamen
929 2505 991 2569 id
1038 2503 1215 2568 facile
1261 2500 1395 2585 ipsi·
1428 2519 1591 2564 esse:
1641 2499 1964 2563 dicendum
2004 2500 2117 2576 est,
2167 2500 2509 2565 honestatis
2556 2519 2838 2565 normam
2871 2520 2990 2566 non
3038 2503 3131 2566 ita

673 2608 1007 2673 subtilibus
1054 2605 1311 2670 Scholae
1357 2603 1894 2684 disquisitionibus
1941 2601 2396 2684 exquirendam,
2454 2603 2558 2668 sed
2615 2603 2864 2669 obviam
2909 2605 3132 2687 cuique

675 2729 746 2774 ex
790 2711 926 2790 ipsa
972 2707 1183 2772 schola
1231 2706 1491 2768 naturae
1538 2705 1839 2786 prostare.

761 2809 957 2891 Atqui
986 2808 1132 2871 huic
1161 2805 1500 2872 conditioni
1530 2805 1855 2869 hominum
1885 2806 2193 2871 satisfacit
2223 2806 2504 2872 doctrina
2536 2827 2584 2872 s.
2622 2807 2916 2872 Thomae.
2942 2809 3131 2873 Reco-

673 2914 885 2977 lantur
907 2911 1091 2983 enim,
1125 2928 1283 2991 quae
1306 2907 1585 2973 dedimus
1608 2927 1680 2972 ex
1711 2908 1925 2972 eodem
1949 2909 2014 2972 et
2042 2909 2282 2991 patebit
2312 2909 2520 2974 adesse
2554 2905 2631 2973 ad
2653 2930 2909 2976 manum
2939 2912 3129 2975 istam

674 3014 920 3078 facilem
964 3030 1266 3076 normam.
1299 3009 1582 3091 Namque
1619 3008 1773 3073 satis
1821 3011 1915 3073 est
1945 3010 2019 3073 ut
2055 3010 2119 3070 1ο
2150 3011 2382 3074 bonum
2428 3012 2720 3076 noscatur
2764 3014 3130 3077 conveniens

675 3115 911 3181 homini
957 3113 1054 3178 vel
1085 3112 1418 3178 secundum
1466 3111 1739 3175 animam
1772 3111 1870 3174 vel
1901 3110 2236 3174 secundum
2282 3129 2504 3195 corpus
2537 3113 2633 3176 vel
2665 3113 3003 3178 secundum
3033 3133 3130 3179 res

676 3217 1024 3290 exteriores),
1063 3234 1221 3298 quae
1252 3215 1502 3298 propter
1531 3213 1656 3278 alia
1687 3213 1810 3276 duo
1843 3213 2259 3293 quaeruntur:
2296 3214 2365 3276 2⁰
2401 3215 2476 3277 ut
2505 3215 2661 3278 nihil
2692 3215 2856 3280 adsit
2885 3218 3134 3280 contra—

673 3322 837 3386 rium
868 3320 965 3383 illi
994 3319 1174 3392 bon0,
1210 3317 1374 3399 quod
1421 3316 1515 3380 est
1560 3315 1829 3380 hominis
1861 3314 2197 3379 secundum
2240 3315 2582 3380 rationem:
2623 3317 2693 3380 3⁰
2731 3337 2806 3381 ne
2846 3320 3131 3400 peccetur

675 3423 772 3486 vel
819 3420 1058 3484 defectu
1104 3419 1202 3483 vel
1247 3435 1512 3481 excessu.
1560 3417 1753 3481 Porro
1802 3416 1966 3498 quod
2012 3417 2198 3481 homo
2254 3416 2469 3480 tendat
2515 3417 2592 3482 ad
2646 3417 2808 3482 bona
2867 3421 3132 3483 naturae

675 3542 824 3588 suae
855 3520 1298 3596 convenientia,
1324 3519 1383 3582 id
1412 3518 1599 3583 habet
1629 3519 1846 3601 sponte
1878 3536 1915 3581 a
1946 3518 2172 3582 natura
2203 3518 2268 3582 et
2296 3518 2389 3582 ita
2420 3519 2505 3583 sit
2536 3520 2800 3602 oportet,
2826 3523 2902 3583 ut
2933 3521 3133 3602 possit

673 3625 794 3689 dici
838 3622 1172 3686 inclinatus
1220 3621 1297 3684 ad
1343 3619 1528 3684 finem
1575 3621 1652 3684 ab
1700 3621 1951 3684 auctore
1997 3621 2276 3683 naturae.
2317 3619 2431 3684 Est
2470 3621 2680 3685 tamen
2718 3621 2994 3685 officium
3026 3641 3127 3685 ra-

673 3727 860 3792 tionis
906 3725 1028 3790 duo
1076 3725 1408 3807 praestare,
1448 3724 1513 3786 1ο
1545 3726 1619 3786 ut
1650 3723 1876 3797 videat,
1911 3740 1985 3785 ne
2017 3721 2161 3803 quid
2197 3722 2282 3786 sit
2311 3722 2755 3800 inordinatum,
2797 3726 2865 3786 2⁰
2901 3726 2975 3788 ut
3007 3743 3134 3790 ser-

678 3831 855 3894 vetur
900 3844 1186 3892 mensura
1231 3826 1525 3890 immunis
1574 3844 1609 3888 a
1656 3823 1897 3888 defectu
1944 3824 2007 3887 et
2051 3842 2318 3888 excessu.
2358 3824 2523 3908 Ergo
2559 3825 2802 3906 quoties
2835 3826 2958 3890 duo
3008 3827 3134 3891 ista

676 3933 903 3997 absunt
946 3928 1355 4001 incommoda,
1406 3926 1719 3991 tendentia
1752 3929 1847 3989 est
1876 3927 2077 4002 reeta,
2121 3925 2271 3990 adeo
2321 3928 2394 3990 ut
2439 3945 2655 3991 norma
2704 3926 2828 3991 fere
2875 3929 2998 3991 huc
3045 3948 3137 3991 re-

675 4035 858 4110 cidat,
893 4033 968 4096 ut
1003 4033 1236 4096 bonum
1267 4031 1587 4094 censeatur
1618 4027 1916 4110 quidquid
1948 4047 2070 4093 non
2104 4030 2360 4111 apparet
2404 4029 2661 4092 malum.
2703 4028 2872 4107 Quae
2922 4033 3133 4096 tamen

675 4154 893 4201 norma
915 4152 1038 4198 non
1060 4133 1307 4196 laborat
1334 4131 1723 4195 incommodo
1748 4131 1878 4206 illo,
1906 4131 2070 4212 quod
2102 4132 2197 4195 est
2225 4131 2289 4194 in
2321 4131 2541 4195 effato:
2577 4131 2808 4195 bonum
2832 4134 2928 4194 est
2959 4133 3134 4213 quic-

674 4237 815 4319 quid
853 4233 1254 4317 permittitur.
1282 4231 1411 4295 Nos
1444 4233 1607 4296 enim
1631 4233 1892 4296 dicimus
1917 4235 2266 4314 praeterea3
2295 4233 2404 4298 ubi
2429 4233 2604 4297 adest
2627 4233 2753 4297 ista
2784 4234 3131 4316 permissiO,

674 4338 763 4402 ibi
792 4352 1037 4417 quoque
1070 4333 1244 4397 adest
1271 4332 1578 4397 rectitudo
1612 4353 1683 4397 ex
1714 4335 1987 4397 ratione:
2023 4334 2337 4415 loquimur
2375 4335 2588 4398 autem
2628 4333 2701 4397 de
2732 4335 3133 4416 permissione

678 4460 748 4504 ex
780 4440 954 4519 parte
986 4435 1101 4499 Dei
1133 4436 1196 4497 et
1227 4452 1380 4516 opus
1420 4435 1786 4516 permissum
1820 4455 1856 4498 a
1888 4437 2016 4500 Deo
2057 4454 2179 4499 non
2218 4435 2551 4518 opponitur
2597 4436 2779 4508 bono,
2819 4436 2923 4500 sed
2974 4437 3134 4502 bono

680 4538 941 4603 meliori.
