3529 5158
313 331 460 407 [330]
810 347 895 387 me
933 345 1227 391 sunmerso
1262 347 1459 391 mers.
1498 350 1581 391 AN
1618 350 1914 393 PRINCEPS
1951 350 2298 396 onmemtm
2676 337 2780 395 341

318 447 486 511 sicut
518 446 894 509 excusantur
925 445 1097 520 ebrii,
1124 445 1502 530 ignorantes,
1527 445 1919 513 dormientes.
1948 447 2110 512 Hinc
2132 449 2227 512 est
2263 450 2585 531 peccatum
2615 468 2784 532 prae-

317 549 462 612 bere
502 566 719 614 carnes
758 547 854 612 die
889 547 1083 612 vetito
1117 547 1417 625 secundis,
1450 567 1572 613 non
1606 568 1747 614 vero
1788 549 2004 632 primis
2036 575 2095 613 ».
2137 548 2361 614 Subdit
2391 553 2618 627 tamen,
2653 571 2783 633 pec-

315 652 532 715 catum
570 669 702 715 esse
740 651 1051 733 quoslibet
1084 669 1298 715 eorum
1335 650 1593 716 incitare
1625 651 1702 715 ad
1750 652 2006 735 aliquid,
2045 652 2210 735 quod
2239 653 2372 717 iure
2409 655 2669 718 naturae
2700 653 2785 718 sit

315 753 583 818 malum.

409 855 578 922 Nota
611 855 1036 930 nihilominus,
1061 855 1482 938 imprudenter
1504 855 1657 932 fieri,
1683 857 1737 922 si
1760 856 1984 922 dentur
2015 875 2226 922 carnes
2251 857 2476 939 pueriS‚
2503 857 2633 921 scil.
2662 875 2782 921 non

317 958 646 1023 utentibus
683 957 924 1022 ratione
963 957 1248 1042 perfecte,
1274 958 1329 1022 si
1352 958 1398 1022 ii
1429 977 1549 1023 non
1581 958 1888 1024 ducantur
1914 958 1990 1023 ad
2014 958 2273 1023 Missam
2306 961 2420 1023 etc.
2440 957 2602 1023 Nam
2630 959 2782 1023 utile

317 1060 589 1124 maxime
637 1061 749 1137 est,
792 1062 864 1125 ut
910 1061 1097 1125 cereis
1127 1060 1254 1126 illis
1286 1061 1596 1126 mentibus
1627 1065 1873 1126 mature
1910 1060 2250 1125 instilletur
2296 1064 2358 1126 et
2388 1061 2783 1144 imprimatur

320 1162 657 1227 necessitas
695 1161 982 1226 servandi
1012 1163 1123 1227 has
1157 1163 1352 1248 leges;
1379 1163 1601 1230 melius
1635 1166 1855 1231 autem
1884 1166 1947 1228 et
1979 1162 2288 1227 efficacius
2325 1163 2570 1226 discunt
2600 1163 2782 1230 factis

317 1283 513 1347 quam
554 1265 754 1329 verbis
787 1267 850 1329 et
880 1266 968 1330 sic
1000 1269 1362 1332 assuescunt
1399 1269 1646 1349 portare
1683 1266 1903 1350 iugum
1942 1266 2212 1330 Domini.

1120 1458 1297 1525 Unde
1331 1459 1595 1526 resolves
1631 1458 1741 1524 Itos
1783 1459 2000 1525 Casae.

397 1621 587 1676 XXlV.
623 1623 665 1674 Ι.
695 1607 969 1686 legislator
1009 1636 1104 1676 non
1135 1629 1329 1676 tenetur
1358 1621 1463 1676 suis
1488 1622 1690 1687 legibus,
1720 1628 1773 1675 ut
1798 1622 1883 1687 sic,
1910 1625 2071 1688 quoad
2098 1623 2196 1676 vim
2223 1623 2491 1677 coactivam
2510 1631 2560 1677 et
2578 1637 2784 1690 poenam

321 1707 437 1760 sive
475 1706 683 1761 directe:
715 1706 951 1761 indirecte
974 1713 1136 1762 tamen
1163 1713 1211 1760 et
1236 1709 1398 1773 quoad
1421 1706 1518 1761 vim
1542 1706 1832 1762 directivam
1860 1709 1909 1763 el
1934 1722 1996 1764 ex
2020 1707 2262 1774 aequitate
2281 1710 2487 1774 quadam
2513 1714 2707 1763 tenetur
2730 1721 2785 1762 se

326 1797 558 1857 tanquam
599 1798 762 1859 caput,
796 1790 1028 1846 membris
1054 1795 1386 1846 contormnre.
1415 1795 1485 1846 lta
1510 1807 1550 1845 S.
1576 1794 1670 1846 Th.
1700 1795 1740 1845 1.
1767 1795 1813 1846 2.
1834 1809 1882 1860 q.
1908 1795 1991 1847 96.
2012 1809 2053 1847 a.
2072 1793 2121 1847 ὃ.
2143 1795 2202 1848 ad
2224 1795 2271 1847 3.
2293 1793 2415 1848 Silv.
2436 1796 2578 1848 suar.
2604 1796 2784 1848 Bonae.

319 1878 549 1941 Laym.1.
587 1878 626 1928 1.
651 1883 684 1929 ι.
711 1877 756 1929 4.
786 1891 829 1930 c.
861 1878 910 1928 9.
941 1884 1111 1930 contra
1139 1879 1289 1934 Azor.
1314 1878 1532 1933 Tenetur
1556 1875 1701 1932 etiam
1727 1877 1775 1930 in
1803 1877 2134 1934 contractibus
2157 1893 2266 1933 cum
2306 1877 2505 1944 reliquis
2529 1877 2638 1946 pari
2673 1893 2788 1948 con·

317 1962 509 2018 ditione
536 1960 623 2015 uti.
653 1959 782 2016 Vide
808 1960 915 2014 Fiu.
935 1962 969 2015 1.
997 1976 1039 2015 c.

411 2084 596 2164 330.
636 2091 700 2152 1⁰
736 2086 1030 2169 Quaestio
1076 2089 1211 2158 heic
1247 2089 1319 2155 fit
1365 2089 1439 2154 de
1475 2090 1860 2175 Legislatore
1892 2088 2211 2170 sinqedari
2239 2093 2301 2151 et
2342 2089 2644 2165 absolute,
2676 2091 2786 2173 qui

321 2211 543 2275 nempe
567 2191 738 2255 solus
766 2191 932 2272 ferre
955 2194 1162 2272 potest
1189 2191 1354 2273 leqes
1382 2193 1854 2269 communitati3
1882 2193 2227 2258 cuiusmodi
2258 2195 2351 2258 est
2376 2194 2564 2277 Papa,
2593 2195 2788 2280 Impe-

323 2297 519 2364 rator,
547 2295 678 2359 Rex
709 2295 861 2375 (non
885 2296 1463 2378 constitutionalis),
1491 2296 1634 2362 Dux
1656 2316 1713 2360 ν.
1740 2316 1833 2380 gr.
1861 2295 2252 2372 Mutinensis,
2277 2295 2615 2379 Episcopus
2647 2299 2785 2375 etc„

321 2401 474 2465 licet
523 2399 684 2464 sorte
721 2400 788 2462 in
833 2399 1096 2466 ferendis
1141 2400 1384 2483 legibus
1429 2399 1680 2481 quidam
1721 2399 1945 2463 horum
1992 2399 2278 2463 adhibere
2325 2400 2564 2464 soleant
2597 2401 2792 2464 consi-

324 2503 485 2566 lium
518 2507 830 2566 certarum
880 2521 1298 2586 personarum,
1339 2521 1397 2564 v.
1437 2521 1551 2587 gr„
1586 2519 1928 2584 procerum,
1963 2503 2320 2566 senatorum
2367 2503 2481 2566 ete.
2515 2500 2678 2566 Nam
2709 2502 2791 2567 le-

325 2605 617 2691 gislator.
654 2606 764 2687 qui
795 2606 966 2670 solus
997 2606 1196 2689 legem
1229 2604 1485 2671 condere
1515 2624 1641 2668 non
1662 2606 1887 2684 potest,
1921 2604 2026 2668 sed
2063 2604 2265 2669 solum
2312 2623 2453 2669 cum
2500 2604 2659 2682 aliis,
2694 2607 2792 2669 ut-

326 2728 598 2791 cumque
628 2709 792 2773 inter
826 2708 968 2774 illos
1001 2708 1234 2791 primas
1263 2708 1394 2791 ipse
1425 2709 1653 2783 teneat,
1681 2707 2111 2771 communibus
2143 2706 2384 2791 legibus
2414 2707 2478 2771 in
2510 2707 2793 2791 synedrio

320 2814 474 2877 latis
498 2818 663 2877 certe
697 2812 1129 2897 adstringitur.
1157 2813 1255 2876 Ita
1290 2832 1346 2874 v.
1373 2832 1466 2895 gr.
1493 2829 1736 2894 praeses
1761 2811 2152 2893 reipublicae.
2182 2811 2285 2875 ubi
2319 2813 2413 2875 est
2437 2811 2790 2896 synedrium

326 2915 780 2998 deputatorum
825 2914 903 2977 ad
941 2915 1107 2999 leges
1154 2914 1451 2989 ferendas,
1491 2914 1582 2977 ita
1630 2911 1927 2979 Consules
1975 2915 2038 2978 in
2070 2914 2250 2977 Rom.
2285 2914 2615 2996 republica,
2650 2916 2790 2979 Dux

330 3020 482 3083 olim
506 3018 568 3082 in
604 3017 916 3101 republica
941 3017 1178 3081 Veneta
1206 3018 1317 3081 aut
1341 3015 1648 3089 Ianuensi,
1669 3016 2193 3098 Metropolitanus
2216 3016 2376 3078 inter
2399 3016 2788 3097 coepiscopos

328 3122 394 3186 in
442 3120 811 3205 provinciali
858 3119 1104 3205 Synodo
1152 3119 1251 3183 vel
1296 3118 1622 3183 Praelatus
1669 3116 2019 3201 RegulariS.
2068 3116 2312 3198 quando
2366 3116 2535 3198 leges
2581 3116 2790 3179 condit

332 3245 478 3290 cum
510 3222 803 3307 Capitulo
836 3222 1126 3288 Generali
1154 3224 1270 3286 etc.

515 3329 583 3390 2⁰
608 3325 901 3406 Quaestio
935 3325 1008 3390 fit
1032 3325 1106 3403 ᾧ
1129 3324 1255 3388 illis
1280 3322 1541 3406 legibuS‚
1569 3340 1835 3403 quarum
1860 3319 2208 3385 observatio
2242 3336 2433 3400 aeque
2458 3318 2791 3401 principem

327 3430 552 3495 deceat
598 3447 666 3494 ac
712 3428 1050 3504 subditum,
1085 3446 1143 3490 V.
1192 3446 1285 3511 gr.
1321 3425 1416 3490 lex
1462 3443 1621 3507 quae
1651 3424 1829 3487 taxat
1861 3422 2130 3506 pretium
2179 3439 2454 3486 annonae
2502 3421 2598 3486 vel
2636 3440 2795 3504 quae

334 3532 639 3599 ieiunium
671 3530 886 3597 indicit
919 3534 1032 3595 aut
1063 3546 1335 3593 annuam
1366 3525 1809 3592 confessionem
1841 3529 1952 3590 aut
1985 3525 2423 3590 abstinentiam
2450 3544 2485 3590 a
2509 3526 2794 3590 carnibus

332 3639 447 3701 aut
479 3634 910 3701 recitationem
944 3631 1267 3697 Breviarii.
1300 3630 1466 3695 Nam
1500 3629 1705 3713 quoad
1738 3629 1861 3693 alia
1909 3630 2149 3693 certum
2184 3630 2298 3706 est,
2332 3628 2633 3711 quasdam
2666 3648 2796 3693 esse

331 3740 523 3825 leges,
559 3738 786 3820 quibus
824 3735 1104 3801 subditos
1140 3734 1327 3819 ligari
1375 3734 1468 3798 est
1516 3736 1955 3816 opportunum,
1989 3750 2110 3796 non
2149 3750 2292 3796 vero
2340 3731 2694 3813 principem,
2736 3751 2793 3795 v.

327 3863 425 3927 gr.
461 3861 539 3906 ne
572 3840 715 3922 quis
749 3857 922 3903 arma
961 3838 1141 3916 ferat,
1168 3856 1243 3902 ne
1275 3836 1413 3919 quis
1444 3835 1720 3900 vestibus
1752 3834 2109 3899 holosericis
2149 3836 2385 3909 utatur,
2414 3852 2486 3897 ne
2518 3832 2656 3913 quis
2694 3851 2797 3895 sex

322 3945 542 4012 currui
591 3944 817 4027 iungat
864 3959 1054 4024 equos
1100 3942 1216 4005 etc.
1259 3941 1358 4004 Ita
1405 3939 1570 4004 enim
1615 3940 1678 4002 et
1714 3936 2174 4002 Paterfamilias
2218 3954 2340 3999 non
2388 3933 2798 4015 adstringitur

329 4047 678 4134 praeceptis
725 4043 1117 4127 quibusdam,
1166 4061 1325 4124 quae
1370 4041 1634 4124 imponit
1681 4040 1974 4113 familiae,
2008 4058 2081 4101 ne
2129 4056 2186 4100 V.
2235 4057 2328 4120 gr.
2363 4054 2496 4100 sero
2542 4035 2795 4099 domum

331 4153 608 4225 redeant,
646 4151 719 4214 ut
751 4147 1064 4221 studeant,
1105 4148 1249 4212 eant
1281 4145 1360 4209 ad
1390 4144 1708 4209 ecclesiam
1740 4146 1855 4207 etc.

509 4256 580 4319 3ο
604 4252 749 4318 Non
774 4250 1097 4333 quaeritur
1129 4247 1379 4331 pariter,
1410 4267 1486 4311 an
1520 4245 1811 4326 Princeps
1848 4244 1976 4308 suis
2012 4242 2256 4326 legibus
2280 4244 2565 4306 teneatur
2596 4239 2799 4322 quoad

329 4360 459 4423 vim
506 4356 850 4422 coactivam
868 4373 891 4429 ,·
924 4371 1133 4418 omnes
1179 4351 1344 4416 enim
1389 4369 1533 4413 cum
1578 4368 1625 4411 e.
1661 4347 1900 4411 Thema
1944 4346 2001 4409 1.
2043 4347 2102 4408 2.
2137 4366 2194 4426 q.
2232 4344 2336 4407 96.
2373 4347 2488 4408 art.
2525 4346 2584 4407 5.
2620 4343 2698 4407 ad
2736 4344 2795 4406 3.

326 4465 548 4529 tenent
581 4477 716 4523 non
747 4456 836 4521 sic
865 4454 1201 4520 coarctari:
1242 4479 1276 4510 «
1309 4450 1670 4527 Dicendum,
1705 4449 1910 4531 inquit
1942 4447 2293 4531 Angelicus‚
2328 4445 2492 4527 quod
2524 4446 2801 4529 princeps

327 4564 563 4629 dicitur
597 4560 850 4627 solutus
883 4575 919 4620 a
949 4557 1087 4640 lege
1116 4558 1423 4638 quantum
1455 4552 1532 4617 ad
1565 4552 1692 4616 vim
1722 4550 2095 4624 coactivam3
2123 4548 2332 4612 nullus
2365 4548 2529 4613 enim
2560 4546 2802 4630 proprie
