<?xml version="1.0" encoding="UTF-8"?>
<!DOCTYPE html PUBLIC "-//W3C//DTD XHTML 1.0 Transitional//EN"
    "http://www.w3.org/TR/xhtml1/DTD/xhtml1-transitional.dtd">
<html xmlns="http://www.w3.org/1999/xhtml" xml:lang="en" lang="en">
 <head>
  <title>
</title>
<meta http-equiv="Content-Type" content="text/html;charset=utf-8" />
  <meta name='ocr-system' content='tesseract 3.04.00' />
  <meta name='ocr-capabilities' content='ocr_page ocr_carea ocr_par ocr_line ocrx_word'/>
</head>
<body>
  <div class='ocr_page' id='page_1' title='image "./opustheologicum00palmgoog_0672.png"; bbox 0 0 3529 5158; ppageno 0'>
   <div class='ocr_carea' id='block_1_1' title="bbox 356 366 2811 442">
    <p class='ocr_par' dir='ltr' id='par_1_1' title="bbox 356 366 2811 442">
     <span class='ocr_line' id='line_1_1' title="bbox 356 366 2811 442; baseline 0.001 -19"><span class='ocrx_word' id='word_1_1' title='bbox 356 366 501 442; x_wconf 81' lang='lat'>[654]</span> <span class='ocrx_word' id='word_1_2' title='bbox 722 385 804 425; x_wconf 67' lang='lat' dir='ltr'>Ar«</span> <span class='ocrx_word' id='word_1_3' title='bbox 847 386 1016 428; x_wconf 62' lang='lat' dir='ltr'>sarrs</span> <span class='ocrx_word' id='word_1_4' title='bbox 1054 386 1147 428; x_wconf 80' lang='lat' dir='ltr'>err</span> <span class='ocrx_word' id='word_1_5' title='bbox 1184 386 1412 428; x_wconf 66' lang='lat' dir='ltr'>runnu</span> <span class='ocrx_word' id='word_1_6' title='bbox 1446 386 1704 429; x_wconf 64' lang='lat' dir='ltr'>ramme.</span> <span class='ocrx_word' id='word_1_7' title='bbox 1745 385 1914 433; x_wconf 72' lang='lat' dir='ltr'>Qum</span> <span class='ocrx_word' id='word_1_8' title='bbox 1950 385 2200 428; x_wconf 66' lang='lat' dir='ltr'>amum</span> <span class='ocrx_word' id='word_1_9' title='bbox 2241 386 2304 427; x_wconf 71' lang='grc' dir='ltr'>ηπ</span> <span class='ocrx_word' id='word_1_10' title='bbox 2342 386 2442 427; x_wconf 83' lang='lat' dir='ltr'>ms</span> <span class='ocrx_word' id='word_1_11' title='bbox 2705 370 2811 426; x_wconf 74' lang='lat'>579</span> 
     </span>
    </p>
   </div>
   <div class='ocr_carea' id='block_1_2' title="bbox 347 481 2814 4778">
    <p class='ocr_par' dir='ltr' id='par_1_2' title="bbox 351 481 2813 874">
     <span class='ocr_line' id='line_1_2' title="bbox 354 481 2810 568; baseline 0.002 -25"><span class='ocrx_word' id='word_1_12' title='bbox 354 498 584 545; x_wconf 88' lang='lat' dir='ltr'>annum</span> <span class='ocrx_word' id='word_1_13' title='bbox 632 481 887 547; x_wconf 84' lang='lat' dir='ltr'>affectus</span> <span class='ocrx_word' id='word_1_14' title='bbox 934 482 1187 565; x_wconf 88' lang='lat' dir='ltr'>quidam</span> <span class='ocrx_word' id='word_1_15' title='bbox 1217 502 1443 566; x_wconf 87' lang='lat' dir='ltr'>pravus</span> <span class='ocrx_word' id='word_1_16' title='bbox 1475 483 1918 567; x_wconf 80' lang='lat' dir='ltr'>perduraverit,</span> <span class='ocrx_word' id='word_1_17' title='bbox 1953 502 2024 547; x_wconf 83' lang='lat' dir='ltr'>ex</span> <span class='ocrx_word' id='word_1_18' title='bbox 2058 484 2351 568; x_wconf 88' lang='lat' dir='ltr'>temporis</span> <span class='ocrx_word' id='word_1_19' title='bbox 2397 482 2810 549; x_wconf 77' lang='lat' dir='ltr'>diuturnitate</span> 
     </span>
     <span class='ocr_line' id='line_1_3' title="bbox 351 581 2813 669; baseline 0.002 -24"><span class='ocrx_word' id='word_1_20' title='bbox 351 581 625 648; x_wconf 88' lang='lat' dir='ltr'>iudicare</span> <span class='ocrx_word' id='word_1_21' title='bbox 668 586 902 667; x_wconf 91' lang='lat' dir='ltr'>poterit</span> <span class='ocrx_word' id='word_1_22' title='bbox 947 585 1353 651; x_wconf 86' lang='lat' dir='ltr'>confessarius</span> <span class='ocrx_word' id='word_1_23' title='bbox 1400 604 1545 651; x_wconf 89' lang='lat' dir='ltr'>suas</span> <span class='ocrx_word' id='word_1_24' title='bbox 1576 586 2056 669; x_wconf 79' lang='lat' dir='ltr'>interruptiones</span> <span class='ocrx_word' id='word_1_25' title='bbox 2101 605 2224 651; x_wconf 89' lang='lat' dir='ltr'>non</span> <span class='ocrx_word' id='word_1_26' title='bbox 2272 586 2537 650; x_wconf 79' lang='lat' dir='ltr'>defuisse</span> <span class='ocrx_word' id='word_1_27' title='bbox 2568 586 2646 650; x_wconf 86' lang='lat' dir='ltr'>ad</span> <span class='ocrx_word' id='word_1_28' title='bbox 2691 588 2813 650; x_wconf 87' lang='lat' dir='ltr'>sin-</span> 
     </span>
     <span class='ocr_line' id='line_1_4' title="bbox 354 684 2809 774; baseline 0.002 -26"><span class='ocrx_word' id='word_1_29' title='bbox 354 684 535 768; x_wconf 90' lang='lat' dir='ltr'>gulos</span> <span class='ocrx_word' id='word_1_30' title='bbox 584 685 710 750; x_wconf 90' lang='lat' dir='ltr'>dies</span> <span class='ocrx_word' id='word_1_31' title='bbox 757 687 856 752; x_wconf 88' lang='lat' dir='ltr'>vel</span> <span class='ocrx_word' id='word_1_32' title='bbox 901 690 1109 771; x_wconf 87' lang='lat' dir='ltr'>partes</span> <span class='ocrx_word' id='word_1_33' title='bbox 1155 688 1296 753; x_wconf 90' lang='lat' dir='ltr'>diei.</span> <span class='ocrx_word' id='word_1_34' title='bbox 1337 688 1507 768; x_wconf 84' lang='lat' dir='ltr'>Quae</span> <span class='ocrx_word' id='word_1_35' title='bbox 1537 689 1817 774; x_wconf 84' lang='lat' dir='ltr'>intellige</span> <span class='ocrx_word' id='word_1_36' title='bbox 1849 706 2087 771; x_wconf 86' lang='lat' dir='ltr'>semper</span> <span class='ocrx_word' id='word_1_37' title='bbox 2123 688 2197 753; x_wconf 87' lang='lat' dir='ltr'>de</span> <span class='ocrx_word' id='word_1_38' title='bbox 2245 689 2505 765; x_wconf 79' lang='lat' dir='ltr'>actibuS‚</span> <span class='ocrx_word' id='word_1_39' title='bbox 2544 707 2809 769; x_wconf 90' lang='lat' dir='ltr'>quorum</span> 
     </span>
     <span class='ocr_line' id='line_1_5' title="bbox 356 786 1280 874; baseline 0.005 -24"><span class='ocrx_word' id='word_1_40' title='bbox 356 786 514 851; x_wconf 87' lang='lat' dir='ltr'>alter</span> <span class='ocrx_word' id='word_1_41' title='bbox 546 787 624 851; x_wconf 88' lang='lat' dir='ltr'>ab</span> <span class='ocrx_word' id='word_1_42' title='bbox 657 789 852 854; x_wconf 87' lang='lat' dir='ltr'>altero</span> <span class='ocrx_word' id='word_1_43' title='bbox 884 809 1007 855; x_wconf 89' lang='lat' dir='ltr'>non</span> <span class='ocrx_word' id='word_1_44' title='bbox 1040 790 1280 874; x_wconf 83' lang='lat' dir='ltr'>pendet.</span> 
     </span>
    </p>

    <p class='ocr_par' dir='ltr' id='par_1_3' title="bbox 354 888 2813 1592">
     <span class='ocr_line' id='line_1_6' title="bbox 441 888 2808 978; baseline 0.002 -25"><span class='ocrx_word' id='word_1_45' title='bbox 441 888 577 969; x_wconf 87' lang='lat' dir='ltr'>Qua</span> <span class='ocrx_word' id='word_1_46' title='bbox 625 890 699 955; x_wconf 89' lang='lat' dir='ltr'>de</span> <span class='ocrx_word' id='word_1_47' title='bbox 729 911 794 956; x_wconf 90' lang='lat' dir='ltr'>re</span> <span class='ocrx_word' id='word_1_48' title='bbox 825 894 1036 958; x_wconf 88' lang='lat' dir='ltr'>tamen</span> <span class='ocrx_word' id='word_1_49' title='bbox 1073 894 1223 958; x_wconf 89' lang='lat' dir='ltr'>bene</span> <span class='ocrx_word' id='word_1_50' title='bbox 1255 913 1302 959; x_wconf 91' lang='lat' dir='ltr'>s.</span> <span class='ocrx_word' id='word_1_51' title='bbox 1337 894 1521 977; x_wconf 84' lang='lat' dir='ltr'>Alph.</span> <span class='ocrx_word' id='word_1_52' title='bbox 1557 915 1615 959; x_wconf 91' lang='lat' dir='ltr'>n.</span> <span class='ocrx_word' id='word_1_53' title='bbox 1651 895 1756 958; x_wconf 86' lang='lat'>37.</span> <span class='ocrx_word' id='word_1_54' title='bbox 1791 896 2003 959; x_wconf 91' lang='lat' dir='ltr'>monet</span> <span class='ocrx_word' id='word_1_55' title='bbox 2037 897 2180 977; x_wconf 88' lang='lat' dir='ltr'>post</span> <span class='ocrx_word' id='word_1_56' title='bbox 2209 893 2388 978; x_wconf 89' lang='lat' dir='ltr'>Lugo</span> <span class='ocrx_word' id='word_1_57' title='bbox 2421 896 2485 959; x_wconf 90' lang='lat' dir='ltr'>et</span> <span class='ocrx_word' id='word_1_58' title='bbox 2514 893 2808 973; x_wconf 86' lang='lat' dir='ltr'>Coninck,</span> 
     </span>
     <span class='ocr_line' id='line_1_7' title="bbox 356 992 2810 1081; baseline 0.002 -25"><span class='ocrx_word' id='word_1_59' title='bbox 356 992 644 1075; x_wconf 83' lang='lat' dir='ltr'>explicari</span> <span class='ocrx_word' id='word_1_60' title='bbox 676 996 976 1077; x_wconf 84' lang='lat' dir='ltr'>oportere,</span> <span class='ocrx_word' id='word_1_61' title='bbox 1005 1014 1083 1059; x_wconf 88' lang='lat' dir='ltr'>an</span> <span class='ocrx_word' id='word_1_62' title='bbox 1107 996 1587 1080; x_wconf 89' lang='lat' dir='ltr'>interruptiones</span> <span class='ocrx_word' id='word_1_63' title='bbox 1611 998 1956 1081; x_wconf 88' lang='lat' dir='ltr'>generatim</span> <span class='ocrx_word' id='word_1_64' title='bbox 1978 995 2209 1061; x_wconf 86' lang='lat' dir='ltr'>fuerint</span> <span class='ocrx_word' id='word_1_65' title='bbox 2231 997 2590 1061; x_wconf 81' lang='lat' dir='ltr'>notabiliter</span> <span class='ocrx_word' id='word_1_66' title='bbox 2611 1014 2810 1071; x_wconf 89' lang='lat' dir='ltr'>rarae,</span> 
     </span>
     <span class='ocr_line' id='line_1_8' title="bbox 357 1096 2813 1183; baseline 0.002 -24"><span class='ocrx_word' id='word_1_67' title='bbox 357 1114 435 1160; x_wconf 90' lang='lat' dir='ltr'>an</span> <span class='ocrx_word' id='word_1_68' title='bbox 481 1115 624 1161; x_wconf 87' lang='lat' dir='ltr'>vero</span> <span class='ocrx_word' id='word_1_69' title='bbox 671 1096 1039 1180; x_wconf 87' lang='lat' dir='ltr'>frequentes.</span> <span class='ocrx_word' id='word_1_70' title='bbox 1089 1098 1267 1178; x_wconf 89' lang='lat' dir='ltr'>Quod</span> <span class='ocrx_word' id='word_1_71' title='bbox 1312 1100 1446 1164; x_wconf 88' lang='lat' dir='ltr'>lata</span> <span class='ocrx_word' id='word_1_72' title='bbox 1492 1100 1760 1182; x_wconf 87' lang='lat' dir='ltr'>quadam</span> <span class='ocrx_word' id='word_1_73' title='bbox 1807 1117 2095 1164; x_wconf 83' lang='lat' dir='ltr'>mensura</span> <span class='ocrx_word' id='word_1_74' title='bbox 2142 1100 2562 1183; x_wconf 84' lang='lat' dir='ltr'>accipiendum</span> <span class='ocrx_word' id='word_1_75' title='bbox 2607 1102 2704 1164; x_wconf 90' lang='lat' dir='ltr'>est</span> <span class='ocrx_word' id='word_1_76' title='bbox 2749 1101 2813 1164; x_wconf 88' lang='lat' dir='ltr'>et</span> 
     </span>
     <span class='ocr_line' id='line_1_9' title="bbox 356 1199 2813 1286; baseline 0.001 -22"><span class='ocrx_word' id='word_1_77' title='bbox 356 1199 562 1282; x_wconf 90' lang='lat' dir='ltr'>potius</span> <span class='ocrx_word' id='word_1_78' title='bbox 609 1218 779 1275; x_wconf 90' lang='lat' dir='ltr'>num,</span> <span class='ocrx_word' id='word_1_79' title='bbox 815 1200 1061 1282; x_wconf 88' lang='lat' dir='ltr'>quando</span> <span class='ocrx_word' id='word_1_80' title='bbox 1108 1202 1183 1265; x_wconf 89' lang='lat' dir='ltr'>de</span> <span class='ocrx_word' id='word_1_81' title='bbox 1214 1202 1509 1267; x_wconf 87' lang='lat' dir='ltr'>diuturno</span> <span class='ocrx_word' id='word_1_82' title='bbox 1554 1203 1832 1285; x_wconf 88' lang='lat' dir='ltr'>tempore</span> <span class='ocrx_word' id='word_1_83' title='bbox 1879 1202 2109 1286; x_wconf 86' lang='lat' dir='ltr'>agitur,</span> <span class='ocrx_word' id='word_1_84' title='bbox 2141 1201 2512 1283; x_wconf 83' lang='lat' dir='ltr'>interruptio</span> <span class='ocrx_word' id='word_1_85' title='bbox 2543 1219 2654 1283; x_wconf 90' lang='lat' dir='ltr'>per</span> <span class='ocrx_word' id='word_1_86' title='bbox 2682 1201 2813 1266; x_wconf 85' lang='lat' dir='ltr'>dies</span> 
     </span>
     <span class='ocr_line' id='line_1_10' title="bbox 356 1301 2812 1386; baseline 0 -21"><span class='ocrx_word' id='word_1_87' title='bbox 356 1305 416 1366; x_wconf 88' lang='lat' dir='ltr'>et</span> <span class='ocrx_word' id='word_1_88' title='bbox 458 1301 875 1367; x_wconf 82' lang='lat' dir='ltr'>hebdomadas</span> <span class='ocrx_word' id='word_1_89' title='bbox 923 1304 1035 1367; x_wconf 91' lang='lat' dir='ltr'>aut</span> <span class='ocrx_word' id='word_1_90' title='bbox 1068 1321 1306 1368; x_wconf 85' lang='lat' dir='ltr'>menses</span> <span class='ocrx_word' id='word_1_91' title='bbox 1344 1322 1590 1386; x_wconf 88' lang='lat' dir='ltr'>quoque</span> <span class='ocrx_word' id='word_1_92' title='bbox 1619 1304 1957 1368; x_wconf 77' lang='lat' dir='ltr'>duraverit.</span> <span class='ocrx_word' id='word_1_93' title='bbox 1990 1302 2152 1367; x_wconf 88' lang='lat' dir='ltr'>Nam</span> <span class='ocrx_word' id='word_1_94' title='bbox 2191 1303 2467 1385; x_wconf 90' lang='lat' dir='ltr'>alioquin</span> <span class='ocrx_word' id='word_1_95' title='bbox 2505 1322 2577 1366; x_wconf 85' lang='lat' dir='ltr'>ex</span> <span class='ocrx_word' id='word_1_96' title='bbox 2607 1303 2812 1367; x_wconf 89' lang='lat' dir='ltr'>indole</span> 
     </span>
     <span class='ocr_line' id='line_1_11' title="bbox 354 1405 2808 1489; baseline 0 -21"><span class='ocrx_word' id='word_1_97' title='bbox 354 1406 668 1481; x_wconf 82' lang='lat' dir='ltr'>materiae,</span> <span class='ocrx_word' id='word_1_98' title='bbox 695 1424 1009 1489; x_wconf 86' lang='lat' dir='ltr'>personae,</span> <span class='ocrx_word' id='word_1_99' title='bbox 1034 1406 1645 1472; x_wconf 81' lang='lat' dir='ltr'>circumstantiarum</span> <span class='ocrx_word' id='word_1_100' title='bbox 1675 1426 1773 1471; x_wconf 87' lang='lat' dir='ltr'>res</span> <span class='ocrx_word' id='word_1_101' title='bbox 1797 1406 2120 1471; x_wconf 86' lang='lat' dir='ltr'>diiudicari</span> <span class='ocrx_word' id='word_1_102' title='bbox 2144 1405 2367 1470; x_wconf 88' lang='lat' dir='ltr'>melius</span> <span class='ocrx_word' id='word_1_103' title='bbox 2390 1406 2639 1489; x_wconf 86' lang='lat' dir='ltr'>poterit.</span> <span class='ocrx_word' id='word_1_104' title='bbox 2666 1406 2808 1470; x_wconf 89' lang='lat' dir='ltr'>Vid.</span> 
     </span>
     <span class='ocr_line' id='line_1_12' title="bbox 359 1507 1534 1592; baseline 0.002 -22"><span class='ocrx_word' id='word_1_105' title='bbox 359 1507 513 1591; x_wconf 85' lang='lat' dir='ltr'>Lug.</span> <span class='ocrx_word' id='word_1_106' title='bbox 549 1507 622 1571; x_wconf 80' lang='lat' dir='ltr'>de</span> <span class='ocrx_word' id='word_1_107' title='bbox 660 1507 912 1572; x_wconf 67' lang='lat' dir='ltr'>Poenit.</span> <span class='ocrx_word' id='word_1_108' title='bbox 953 1508 1108 1592; x_wconf 87' lang='lat' dir='ltr'>disp.</span> <span class='ocrx_word' id='word_1_109' title='bbox 1152 1510 1256 1572; x_wconf 80' lang='lat'>86.</span> <span class='ocrx_word' id='word_1_110' title='bbox 1292 1529 1350 1572; x_wconf 94' lang='lat' dir='ltr'>n.</span> <span class='ocrx_word' id='word_1_111' title='bbox 1386 1510 1534 1573; x_wconf 86' lang='lat'>576.</span> 
     </span>
    </p>

    <p class='ocr_par' dir='ltr' id='par_1_4' title="bbox 352 1604 2813 1999">
     <span class='ocr_line' id='line_1_13' title="bbox 444 1604 2807 1694; baseline -0.001 -17"><span class='ocrx_word' id='word_1_112' title='bbox 444 1604 621 1679; x_wconf 72' lang='lat'>654.</span> <span class='ocrx_word' id='word_1_113' title='bbox 641 1608 722 1672; x_wconf 86' lang='lat' dir='ltr'>Et</span> <span class='ocrx_word' id='word_1_114' title='bbox 745 1609 907 1673; x_wconf 85' lang='lat' dir='ltr'>forte</span> <span class='ocrx_word' id='word_1_115' title='bbox 938 1610 1107 1673; x_wconf 88' lang='lat' dir='ltr'>trahi</span> <span class='ocrx_word' id='word_1_116' title='bbox 1136 1611 1201 1673; x_wconf 90' lang='lat' dir='ltr'>in</span> <span class='ocrx_word' id='word_1_117' title='bbox 1231 1609 1395 1674; x_wconf 89' lang='lat' dir='ltr'>hunc</span> <span class='ocrx_word' id='word_1_118' title='bbox 1425 1629 1673 1674; x_wconf 88' lang='lat' dir='ltr'>sensum</span> <span class='ocrx_word' id='word_1_119' title='bbox 1705 1613 1915 1694; x_wconf 91' lang='lat' dir='ltr'>posset</span> <span class='ocrx_word' id='word_1_120' title='bbox 1944 1610 2223 1674; x_wconf 87' lang='lat' dir='ltr'>doctrina</span> <span class='ocrx_word' id='word_1_121' title='bbox 2247 1610 2602 1675; x_wconf 86' lang='lat' dir='ltr'>Melchioris</span> <span class='ocrx_word' id='word_1_122' title='bbox 2625 1609 2807 1687; x_wconf 85' lang='lat' dir='ltr'>Oani;</span> 
     </span>
     <span class='ocr_line' id='line_1_14' title="bbox 353 1711 2810 1796; baseline 0 -20"><span class='ocrx_word' id='word_1_123' title='bbox 353 1730 474 1776; x_wconf 88' lang='lat' dir='ltr'>non</span> <span class='ocrx_word' id='word_1_124' title='bbox 506 1712 687 1794; x_wconf 91' lang='lat' dir='ltr'>quasi</span> <span class='ocrx_word' id='word_1_125' title='bbox 717 1711 950 1776; x_wconf 89' lang='lat' dir='ltr'>scilicet</span> <span class='ocrx_word' id='word_1_126' title='bbox 980 1713 1302 1796; x_wconf 85' lang='lat' dir='ltr'>negaverit</span> <span class='ocrx_word' id='word_1_127' title='bbox 1346 1712 1751 1796; x_wconf 85' lang='lat' dir='ltr'>multiplicari</span> <span class='ocrx_word' id='word_1_128' title='bbox 1780 1715 2032 1796; x_wconf 90' lang='lat' dir='ltr'>peccata</span> <span class='ocrx_word' id='word_1_129' title='bbox 2064 1713 2142 1776; x_wconf 93' lang='lat' dir='ltr'>ob</span> <span class='ocrx_word' id='word_1_130' title='bbox 2173 1713 2671 1795; x_wconf 89' lang='lat' dir='ltr'>interruptiones,</span> <span class='ocrx_word' id='word_1_131' title='bbox 2706 1712 2810 1776; x_wconf 88' lang='lat' dir='ltr'>sed</span> 
     </span>
     <span class='ocr_line' id='line_1_15' title="bbox 353 1812 2813 1895; baseline 0.001 -18"><span class='ocrx_word' id='word_1_132' title='bbox 353 1814 502 1895; x_wconf 88' lang='lat' dir='ltr'>quia</span> <span class='ocrx_word' id='word_1_133' title='bbox 535 1812 883 1878; x_wconf 86' lang='lat' dir='ltr'>sufficiebat</span> <span class='ocrx_word' id='word_1_134' title='bbox 914 1812 1197 1879; x_wconf 77' lang='lat' dir='ltr'>indicare</span> <span class='ocrx_word' id='word_1_135' title='bbox 1231 1817 1488 1895; x_wconf 74' lang='lat' dir='ltr'>tempus.</span> <span class='ocrx_word' id='word_1_136' title='bbox 1522 1814 1658 1880; x_wconf 88' lang='lat' dir='ltr'>Nisi</span> <span class='ocrx_word' id='word_1_137' title='bbox 1696 1816 1905 1879; x_wconf 89' lang='lat' dir='ltr'>tamen</span> <span class='ocrx_word' id='word_1_138' title='bbox 1936 1814 1999 1878; x_wconf 92' lang='lat' dir='ltr'>id</span> <span class='ocrx_word' id='word_1_139' title='bbox 2031 1815 2183 1880; x_wconf 90' lang='lat' dir='ltr'>velit</span> <span class='ocrx_word' id='word_1_140' title='bbox 2212 1815 2417 1880; x_wconf 90' lang='lat' dir='ltr'>solum</span> <span class='ocrx_word' id='word_1_141' title='bbox 2450 1815 2527 1879; x_wconf 92' lang='lat' dir='ltr'>ob</span> <span class='ocrx_word' id='word_1_142' title='bbox 2559 1816 2813 1879; x_wconf 88' lang='lat' dir='ltr'>circum-</span> 
     </span>
     <span class='ocr_line' id='line_1_16' title="bbox 352 1916 1153 1999; baseline 0.002 -20"><span class='ocrx_word' id='word_1_143' title='bbox 352 1916 654 1980; x_wconf 88' lang='lat' dir='ltr'>stantiam</span> <span class='ocrx_word' id='word_1_144' title='bbox 687 1917 1153 1999; x_wconf 86' lang='lat' dir='ltr'>aggravantem.</span> 
     </span>
    </p>

    <p class='ocr_par' dir='ltr' id='par_1_5' title="bbox 349 2016 2814 3231">
     <span class='ocr_line' id='line_1_17' title="bbox 442 2016 2813 2103; baseline 0.002 -22"><span class='ocrx_word' id='word_1_145' title='bbox 442 2016 543 2081; x_wconf 87' lang='lat' dir='ltr'>Sic</span> <span class='ocrx_word' id='word_1_146' title='bbox 574 2018 704 2101; x_wconf 91' lang='lat' dir='ltr'>ipse</span> <span class='ocrx_word' id='word_1_147' title='bbox 740 2018 815 2082; x_wconf 90' lang='lat' dir='ltr'>de</span> <span class='ocrx_word' id='word_1_148' title='bbox 846 2020 961 2083; x_wconf 90' lang='lat' dir='ltr'>hac</span> <span class='ocrx_word' id='word_1_149' title='bbox 984 2039 1067 2095; x_wconf 90' lang='lat' dir='ltr'>re,</span> <span class='ocrx_word' id='word_1_150' title='bbox 1094 2019 1201 2083; x_wconf 89' lang='lat' dir='ltr'>ubi</span> <span class='ocrx_word' id='word_1_151' title='bbox 1232 2020 1492 2102; x_wconf 86' lang='lat' dir='ltr'>probare</span> <span class='ocrx_word' id='word_1_152' title='bbox 1524 2020 1679 2097; x_wconf 86' lang='lat' dir='ltr'>vult,</span> <span class='ocrx_word' id='word_1_153' title='bbox 1713 2020 2136 2103; x_wconf 81' lang='lat' dir='ltr'>exprimendas</span> <span class='ocrx_word' id='word_1_154' title='bbox 2167 2039 2297 2085; x_wconf 89' lang='lat' dir='ltr'>esse</span> <span class='ocrx_word' id='word_1_155' title='bbox 2329 2022 2519 2084; x_wconf 88' lang='lat' dir='ltr'>etiam</span> <span class='ocrx_word' id='word_1_156' title='bbox 2556 2022 2813 2085; x_wconf 88' lang='lat' dir='ltr'>circum-</span> 
     </span>
     <span class='ocr_line' id='line_1_18' title="bbox 354 2120 2812 2206; baseline 0.001 -21"><span class='ocrx_word' id='word_1_157' title='bbox 354 2121 619 2185; x_wconf 86' lang='lat' dir='ltr'>stantias</span> <span class='ocrx_word' id='word_1_158' title='bbox 668 2120 1029 2185; x_wconf 83' lang='lat' dir='ltr'>notabiliter</span> <span class='ocrx_word' id='word_1_159' title='bbox 1061 2123 1475 2205; x_wconf 86' lang='lat' dir='ltr'>aggravantes</span> <span class='ocrx_word' id='word_1_160' title='bbox 1521 2126 1737 2188; x_wconf 85' lang='lat' dir='ltr'>contra</span> <span class='ocrx_word' id='word_1_161' title='bbox 1783 2124 2054 2189; x_wconf 89' lang='lat' dir='ltr'>mentem</span> <span class='ocrx_word' id='word_1_162' title='bbox 2100 2142 2146 2186; x_wconf 81' lang='lat' dir='ltr'>s,</span> <span class='ocrx_word' id='word_1_163' title='bbox 2183 2123 2458 2188; x_wconf 86' lang='lat' dir='ltr'>Thomae</span> <span class='ocrx_word' id='word_1_164' title='bbox 2489 2124 2553 2204; x_wconf 88' lang='lat' dir='ltr'>(a</span> <span class='ocrx_word' id='word_1_165' title='bbox 2590 2141 2716 2206; x_wconf 90' lang='lat' dir='ltr'>quo</span> <span class='ocrx_word' id='word_1_166' title='bbox 2747 2141 2812 2187; x_wconf 89' lang='lat' dir='ltr'>se</span> 
     </span>
     <span class='ocr_line' id='line_1_19' title="bbox 354 2223 2809 2309; baseline 0.001 -22"><span class='ocrx_word' id='word_1_167' title='bbox 354 2223 578 2288; x_wconf 90' lang='lat' dir='ltr'>liberat</span> <span class='ocrx_word' id='word_1_168' title='bbox 618 2223 891 2299; x_wconf 88' lang='lat' dir='ltr'>dicendo,</span> <span class='ocrx_word' id='word_1_169' title='bbox 927 2223 1092 2305; x_wconf 90' lang='lat' dir='ltr'>quod</span> <span class='ocrx_word' id='word_1_170' title='bbox 1138 2224 1299 2289; x_wconf 87' lang='lat' dir='ltr'>forte</span> <span class='ocrx_word' id='word_1_171' title='bbox 1347 2227 1745 2290; x_wconf 82' lang='lat' dir='ltr'>retractasset</span> <span class='ocrx_word' id='word_1_172' title='bbox 1790 2246 1874 2303; x_wconf 90' lang='lat' dir='ltr'>se,</span> <span class='ocrx_word' id='word_1_173' title='bbox 1914 2227 1968 2290; x_wconf 89' lang='lat' dir='ltr'>si</span> <span class='ocrx_word' id='word_1_174' title='bbox 2015 2225 2336 2290; x_wconf 82' lang='lat' dir='ltr'>Summam</span> <span class='ocrx_word' id='word_1_175' title='bbox 2382 2226 2809 2309; x_wconf 82' lang='lat' dir='ltr'>explevisset):</span> 
     </span>
     <span class='ocr_line' id='line_1_20' title="bbox 362 2326 2814 2413; baseline 0.002 -27"><span class='ocrx_word' id='word_1_176' title='bbox 362 2351 393 2384; x_wconf 88' lang='lat'>‹</span> <span class='ocrx_word' id='word_1_177' title='bbox 434 2326 487 2389; x_wconf 87' lang='lat' dir='ltr'>si</span> <span class='ocrx_word' id='word_1_178' title='bbox 534 2326 922 2391; x_wconf 88' lang='lat' dir='ltr'>continuatio</span> <span class='ocrx_word' id='word_1_179' title='bbox 969 2346 1160 2409; x_wconf 85' lang='lat' dir='ltr'>parva</span> <span class='ocrx_word' id='word_1_180' title='bbox 1192 2328 1332 2402; x_wconf 88' lang='lat' dir='ltr'>fuit,</span> <span class='ocrx_word' id='word_1_181' title='bbox 1367 2347 1488 2393; x_wconf 91' lang='lat' dir='ltr'>non</span> <span class='ocrx_word' id='word_1_182' title='bbox 1526 2331 1621 2393; x_wconf 89' lang='lat' dir='ltr'>est</span> <span class='ocrx_word' id='word_1_183' title='bbox 1660 2348 1815 2413; x_wconf 89' lang='lat' dir='ltr'>opus</span> <span class='ocrx_word' id='word_1_184' title='bbox 1846 2329 2166 2411; x_wconf 87' lang='lat' dir='ltr'>explicare,</span> <span class='ocrx_word' id='word_1_185' title='bbox 2200 2330 2294 2393; x_wconf 88' lang='lat' dir='ltr'>sin</span> <span class='ocrx_word' id='word_1_186' title='bbox 2326 2348 2470 2393; x_wconf 90' lang='lat' dir='ltr'>vero</span> <span class='ocrx_word' id='word_1_187' title='bbox 2518 2329 2626 2393; x_wconf 90' lang='lat' dir='ltr'>diu</span> <span class='ocrx_word' id='word_1_188' title='bbox 2654 2329 2814 2393; x_wconf 90' lang='lat' dir='ltr'>mul-</span> 
     </span>
     <span class='ocr_line' id='line_1_21' title="bbox 354 2427 2808 2514; baseline 0.001 -22"><span class='ocrx_word' id='word_1_189' title='bbox 354 2432 610 2510; x_wconf 87' lang='lat' dir='ltr'>tumque</span> <span class='ocrx_word' id='word_1_190' title='bbox 642 2427 912 2506; x_wconf 87' lang='lat' dir='ltr'>duravit,</span> <span class='ocrx_word' id='word_1_191' title='bbox 956 2448 1108 2512; x_wconf 90' lang='lat' dir='ltr'>opus</span> <span class='ocrx_word' id='word_1_192' title='bbox 1141 2430 1277 2495; x_wconf 89' lang='lat' dir='ltr'>erit.</span> <span class='ocrx_word' id='word_1_193' title='bbox 1313 2429 1613 2496; x_wconf 88' lang='lat' dir='ltr'>Similiter</span> <span class='ocrx_word' id='word_1_194' title='bbox 1647 2431 1973 2496; x_wconf 85' lang='lat' dir='ltr'>dicendum</span> <span class='ocrx_word' id='word_1_195' title='bbox 2004 2433 2098 2497; x_wconf 91' lang='lat' dir='ltr'>est</span> <span class='ocrx_word' id='word_1_196' title='bbox 2129 2432 2203 2496; x_wconf 90' lang='lat' dir='ltr'>de</span> <span class='ocrx_word' id='word_1_197' title='bbox 2233 2432 2808 2514; x_wconf 64' lang='lat' dir='ltr'>interruptionibus</span> 
     </span>
     <span class='ocr_line' id='line_1_22' title="bbox 354 2530 2812 2617; baseline 0.002 -22"><span class='ocrx_word' id='word_1_198' title='bbox 354 2530 516 2596; x_wconf 89' lang='lat' dir='ltr'>Nam</span> <span class='ocrx_word' id='word_1_199' title='bbox 562 2531 614 2596; x_wconf 89' lang='lat' dir='ltr'>si</span> <span class='ocrx_word' id='word_1_200' title='bbox 661 2530 1033 2615; x_wconf 89' lang='lat' dir='ltr'>interruptio</span> <span class='ocrx_word' id='word_1_201' title='bbox 1079 2531 1245 2598; x_wconf 86' lang='lat' dir='ltr'>facta</span> <span class='ocrx_word' id='word_1_202' title='bbox 1277 2534 1372 2599; x_wconf 89' lang='lat' dir='ltr'>est</span> <span class='ocrx_word' id='word_1_203' title='bbox 1403 2552 1509 2617; x_wconf 90' lang='lat' dir='ltr'>per</span> <span class='ocrx_word' id='word_1_204' title='bbox 1540 2536 1751 2600; x_wconf 84' lang='lat' dir='ltr'>actum</span> <span class='ocrx_word' id='word_1_205' title='bbox 1798 2535 2198 2611; x_wconf 88' lang='lat' dir='ltr'>contrarium,</span> <span class='ocrx_word' id='word_1_206' title='bbox 2234 2553 2474 2600; x_wconf 86' lang='lat' dir='ltr'>necesse</span> <span class='ocrx_word' id='word_1_207' title='bbox 2510 2534 2629 2599; x_wconf 89' lang='lat' dir='ltr'>erit</span> <span class='ocrx_word' id='word_1_208' title='bbox 2674 2553 2812 2600; x_wconf 81' lang='lat' dir='ltr'>con-</span> 
     </span>
     <span class='ocr_line' id='line_1_23' title="bbox 352 2635 2814 2721; baseline 0.001 -22"><span class='ocrx_word' id='word_1_209' title='bbox 352 2635 532 2708; x_wconf 89' lang='lat' dir='ltr'>fiteri,</span> <span class='ocrx_word' id='word_1_210' title='bbox 566 2636 805 2715; x_wconf 79' lang='lat' dir='ltr'>quoties</span> <span class='ocrx_word' id='word_1_211' title='bbox 835 2635 1135 2700; x_wconf 89' lang='lat' dir='ltr'>eiusmodi</span> <span class='ocrx_word' id='word_1_212' title='bbox 1175 2637 1424 2720; x_wconf 89' lang='lat' dir='ltr'>culpam</span> <span class='ocrx_word' id='word_1_213' title='bbox 1468 2639 1811 2702; x_wconf 86' lang='lat' dir='ltr'>renovavit.</span> <span class='ocrx_word' id='word_1_214' title='bbox 1850 2638 1937 2703; x_wconf 84' lang='lat' dir='ltr'>At</span> <span class='ocrx_word' id='word_1_215' title='bbox 1973 2639 2026 2703; x_wconf 87' lang='lat' dir='ltr'>si</span> <span class='ocrx_word' id='word_1_216' title='bbox 2057 2639 2429 2721; x_wconf 90' lang='lat' dir='ltr'>interruptio</span> <span class='ocrx_word' id='word_1_217' title='bbox 2465 2638 2588 2702; x_wconf 80' lang='lat' dir='ltr'>fuit</span> <span class='ocrx_word' id='word_1_218' title='bbox 2633 2639 2814 2701; x_wconf 89' lang='lat' dir='ltr'>natu-</span> 
     </span>
     <span class='ocr_line' id='line_1_24' title="bbox 352 2737 2811 2824; baseline 0.002 -24"><span class='ocrx_word' id='word_1_219' title='bbox 352 2737 520 2810; x_wconf 87' lang='lat' dir='ltr'>ralis,</span> <span class='ocrx_word' id='word_1_220' title='bbox 556 2737 760 2819; x_wconf 88' lang='lat' dir='ltr'>qualis</span> <span class='ocrx_word' id='word_1_221' title='bbox 806 2737 1169 2820; x_wconf 84' lang='lat' dir='ltr'>plerumque</span> <span class='ocrx_word' id='word_1_222' title='bbox 1215 2738 1307 2816; x_wconf 92' lang='lat' dir='ltr'>fit,</span> <span class='ocrx_word' id='word_1_223' title='bbox 1342 2757 1464 2804; x_wconf 92' lang='lat' dir='ltr'>non</span> <span class='ocrx_word' id='word_1_224' title='bbox 1512 2741 1824 2823; x_wconf 86' lang='lat' dir='ltr'>oportebit</span> <span class='ocrx_word' id='word_1_225' title='bbox 1854 2742 2208 2824; x_wconf 81' lang='lat' dir='ltr'>exprimere,</span> <span class='ocrx_word' id='word_1_226' title='bbox 2240 2740 2346 2805; x_wconf 88' lang='lat' dir='ltr'>sed</span> <span class='ocrx_word' id='word_1_227' title='bbox 2393 2741 2546 2805; x_wconf 86' lang='lat' dir='ltr'>satis</span> <span class='ocrx_word' id='word_1_228' title='bbox 2584 2742 2705 2804; x_wconf 88' lang='lat' dir='ltr'>erit</span> <span class='ocrx_word' id='word_1_229' title='bbox 2747 2741 2811 2804; x_wconf 88' lang='lat' dir='ltr'>in</span> 
     </span>
     <span class='ocr_line' id='line_1_25' title="bbox 349 2840 2812 2925; baseline 0.001 -22"><span class='ocrx_word' id='word_1_230' title='bbox 349 2840 510 2905; x_wconf 89' lang='lat' dir='ltr'>hunc</span> <span class='ocrx_word' id='word_1_231' title='bbox 540 2840 797 2904; x_wconf 90' lang='lat' dir='ltr'>modum</span> <span class='ocrx_word' id='word_1_232' title='bbox 828 2840 1139 2905; x_wconf 84' lang='lat' dir='ltr'>confiteri:</span> <span class='ocrx_word' id='word_1_233' title='bbox 1170 2841 1328 2904; x_wconf 81' lang='lat' dir='ltr'>Tota</span> <span class='ocrx_word' id='word_1_234' title='bbox 1358 2841 1458 2905; x_wconf 76' lang='lat' dir='ltr'>die</span> <span class='ocrx_word' id='word_1_235' title='bbox 1480 2844 1690 2906; x_wconf 76' lang='lat' dir='ltr'>amavi</span> <span class='ocrx_word' id='word_1_236' title='bbox 1719 2842 2008 2906; x_wconf 62' lang='lat' dir='ltr'>Mariam</span> <span class='ocrx_word' id='word_1_237' title='bbox 2037 2845 2176 2921; x_wconf 85' lang='lat' dir='ltr'>etc.;</span> <span class='ocrx_word' id='word_1_238' title='bbox 2204 2844 2513 2908; x_wconf 84' lang='lat' dir='ltr'>sufficiens</span> <span class='ocrx_word' id='word_1_239' title='bbox 2544 2859 2812 2925; x_wconf 89' lang='lat' dir='ltr'>namque</span> 
     </span>
     <span class='ocr_line' id='line_1_26' title="bbox 351 2943 2807 3011; baseline 0 -4"><span class='ocrx_word' id='word_1_240' title='bbox 351 2943 577 3007; x_wconf 88' lang='lat' dir='ltr'>notitia</span> <span class='ocrx_word' id='word_1_241' title='bbox 610 2943 943 3008; x_wconf 83' lang='lat' dir='ltr'>confessori</span> <span class='ocrx_word' id='word_1_242' title='bbox 975 2943 1162 3007; x_wconf 86' lang='lat' dir='ltr'>datur</span> <span class='ocrx_word' id='word_1_243' title='bbox 1192 2945 1254 3008; x_wconf 86' lang='lat' dir='ltr'>et</span> <span class='ocrx_word' id='word_1_244' title='bbox 1287 2945 1364 3008; x_wconf 93' lang='lat' dir='ltr'>ad</span> <span class='ocrx_word' id='word_1_245' title='bbox 1387 2944 1754 3011; x_wconf 88' lang='lat' dir='ltr'>medendum</span> <span class='ocrx_word' id='word_1_246' title='bbox 1787 2948 1849 3010; x_wconf 87' lang='lat' dir='ltr'>et</span> <span class='ocrx_word' id='word_1_247' title='bbox 1882 2944 1960 3009; x_wconf 90' lang='lat' dir='ltr'>ad</span> <span class='ocrx_word' id='word_1_248' title='bbox 1990 2946 2442 3011; x_wconf 83' lang='lat' dir='ltr'>iudicandum»</span> <span class='ocrx_word' id='word_1_249' title='bbox 2464 2944 2807 3008; x_wconf 75' lang='lat' dir='ltr'>dePoenit.</span> 
     </span>
     <span class='ocr_line' id='line_1_27' title="bbox 352 3045 2812 3133; baseline -0 -25"><span class='ocrx_word' id='word_1_250' title='bbox 352 3045 584 3110; x_wconf 86' lang='lat' dir='ltr'>Relect.</span> <span class='ocrx_word' id='word_1_251' title='bbox 634 3047 793 3129; x_wconf 87' lang='lat' dir='ltr'>part.</span> <span class='ocrx_word' id='word_1_252' title='bbox 844 3047 904 3108; x_wconf 85' lang='lat'>6.</span> <span class='ocrx_word' id='word_1_253' title='bbox 954 3065 1142 3128; x_wconf 89' lang='lat' dir='ltr'>quam</span> <span class='ocrx_word' id='word_1_254' title='bbox 1188 3048 1351 3111; x_wconf 88' lang='lat' dir='ltr'>male</span> <span class='ocrx_word' id='word_1_255' title='bbox 1396 3048 1594 3133; x_wconf 88' lang='lat' dir='ltr'>Lugo,</span> <span class='ocrx_word' id='word_1_256' title='bbox 1644 3047 1871 3113; x_wconf 85' lang='lat' dir='ltr'>Suarez</span> <span class='ocrx_word' id='word_1_257' title='bbox 1926 3048 2153 3129; x_wconf 87' lang='lat' dir='ltr'>aliique</span> <span class='ocrx_word' id='word_1_258' title='bbox 2200 3046 2481 3128; x_wconf 86' lang='lat' dir='ltr'>deinceps</span> <span class='ocrx_word' id='word_1_259' title='bbox 2536 3046 2812 3108; x_wconf 84' lang='lat' dir='ltr'>citarunt</span> 
     </span>
     <span class='ocr_line' id='line_1_28' title="bbox 351 3151 606 3231; baseline -0.008 -18"><span class='ocrx_word' id='word_1_260' title='bbox 351 3152 509 3231; x_wconf 87' lang='lat' dir='ltr'>part.</span> <span class='ocrx_word' id='word_1_261' title='bbox 546 3151 606 3212; x_wconf 83' lang='lat'>5.</span> 
     </span>
    </p>

    <p class='ocr_par' dir='ltr' id='par_1_6' title="bbox 347 3248 2813 4778">
     <span class='ocr_line' id='line_1_29' title="bbox 440 3248 2809 3336; baseline -0.001 -22"><span class='ocrx_word' id='word_1_262' title='bbox 440 3249 657 3329; x_wconf 83' lang='lat' dir='ltr'>Quoad</span> <span class='ocrx_word' id='word_1_263' title='bbox 704 3251 943 3334; x_wconf 76' lang='lat' dir='ltr'>praxim</span> <span class='ocrx_word' id='word_1_264' title='bbox 989 3253 1202 3316; x_wconf 89' lang='lat' dir='ltr'>monet</span> <span class='ocrx_word' id='word_1_265' title='bbox 1247 3252 1426 3336; x_wconf 89' lang='lat' dir='ltr'>Lugo</span> <span class='ocrx_word' id='word_1_266' title='bbox 1475 3251 1549 3314; x_wconf 82' lang='lat' dir='ltr'>de</span> <span class='ocrx_word' id='word_1_267' title='bbox 1596 3250 1848 3315; x_wconf 78' lang='lat' dir='ltr'>Poem&#39;t.</span> <span class='ocrx_word' id='word_1_268' title='bbox 1889 3251 2044 3334; x_wconf 88' lang='lat' dir='ltr'>disp.</span> <span class='ocrx_word' id='word_1_269' title='bbox 2088 3251 2190 3316; x_wconf 89' lang='lat'>16.</span> <span class='ocrx_word' id='word_1_270' title='bbox 2228 3271 2284 3315; x_wconf 91' lang='lat' dir='ltr'>n.</span> <span class='ocrx_word' id='word_1_271' title='bbox 2323 3252 2462 3314; x_wconf 84' lang='lat'>57.:</span> <span class='ocrx_word' id='word_1_272' title='bbox 2499 3275 2534 3308; x_wconf 82' lang='lat'><strong>«</strong></span> <span class='ocrx_word' id='word_1_273' title='bbox 2565 3248 2809 3331; x_wconf 89' lang='lat' dir='ltr'>quando</span> 
     </span>
     <span class='ocr_line' id='line_1_30' title="bbox 351 3352 2808 3439; baseline -0.001 -23"><span class='ocrx_word' id='word_1_274' title='bbox 351 3352 688 3436; x_wconf 89' lang='lat' dir='ltr'>poenitens,</span> <span class='ocrx_word' id='word_1_275' title='bbox 722 3354 821 3417; x_wconf 89' lang='lat' dir='ltr'>vel</span> <span class='ocrx_word' id='word_1_276' title='bbox 867 3373 938 3417; x_wconf 83' lang='lat' dir='ltr'>ex</span> <span class='ocrx_word' id='word_1_277' title='bbox 985 3372 1049 3418; x_wconf 89' lang='lat' dir='ltr'>se</span> <span class='ocrx_word' id='word_1_278' title='bbox 1095 3355 1195 3417; x_wconf 87' lang='lat' dir='ltr'>vel</span> <span class='ocrx_word' id='word_1_279' title='bbox 1228 3354 1671 3439; x_wconf 88' lang='lat' dir='ltr'>interrogatus,</span> <span class='ocrx_word' id='word_1_280' title='bbox 1714 3353 1980 3437; x_wconf 79' lang='lat' dir='ltr'>explicat</span> <span class='ocrx_word' id='word_1_281' title='bbox 2024 3371 2350 3418; x_wconf 88' lang='lat' dir='ltr'>numerum</span> <span class='ocrx_word' id='word_1_282' title='bbox 2397 3353 2808 3436; x_wconf 84' lang='lat' dir='ltr'>peccatorum,</span> 
     </span>
     <span class='ocr_line' id='line_1_31' title="bbox 350 3455 2807 3544; baseline -0 -25"><span class='ocrx_word' id='word_1_283' title='bbox 350 3473 472 3520; x_wconf 91' lang='lat' dir='ltr'>non</span> <span class='ocrx_word' id='word_1_284' title='bbox 522 3455 736 3520; x_wconf 89' lang='lat' dir='ltr'>debere</span> <span class='ocrx_word' id='word_1_285' title='bbox 780 3458 1153 3542; x_wconf 85' lang='lat' dir='ltr'>regulariter</span> <span class='ocrx_word' id='word_1_286' title='bbox 1206 3457 1577 3544; x_wconf 84' lang='lat' dir='ltr'>interrogari</span> <span class='ocrx_word' id='word_1_287' title='bbox 1631 3457 1862 3522; x_wconf 88' lang='lat' dir='ltr'>iterum</span> <span class='ocrx_word' id='word_1_288' title='bbox 1908 3457 1981 3521; x_wconf 89' lang='lat' dir='ltr'>de</span> <span class='ocrx_word' id='word_1_289' title='bbox 2026 3457 2352 3522; x_wconf 89' lang='lat' dir='ltr'>duratione</span> <span class='ocrx_word' id='word_1_290' title='bbox 2399 3455 2807 3540; x_wconf 86' lang='lat' dir='ltr'>singulorum.</span> 
     </span>
     <span class='ocr_line' id='line_1_32' title="bbox 349 3557 2813 3645; baseline 0 -23"><span class='ocrx_word' id='word_1_291' title='bbox 349 3557 414 3623; x_wconf 84' lang='lat' dir='ltr'>Si</span> <span class='ocrx_word' id='word_1_292' title='bbox 462 3579 519 3623; x_wconf 88' lang='lat' dir='ltr'>v.</span> <span class='ocrx_word' id='word_1_293' title='bbox 558 3580 651 3644; x_wconf 87' lang='lat' dir='ltr'>gr.</span> <span class='ocrx_word' id='word_1_294' title='bbox 684 3559 853 3634; x_wconf 89' lang='lat' dir='ltr'>dicit,</span> <span class='ocrx_word' id='word_1_295' title='bbox 894 3579 958 3625; x_wconf 88' lang='lat' dir='ltr'>se</span> <span class='ocrx_word' id='word_1_296' title='bbox 995 3559 1369 3626; x_wconf 87' lang='lat' dir='ltr'>desiderasse</span> <span class='ocrx_word' id='word_1_297' title='bbox 1397 3562 1666 3645; x_wconf 88' lang='lat' dir='ltr'>turpiter</span> <span class='ocrx_word' id='word_1_298' title='bbox 1711 3561 2023 3642; x_wconf 87' lang='lat' dir='ltr'>quandam</span> <span class='ocrx_word' id='word_1_299' title='bbox 2068 3560 2362 3625; x_wconf 84' lang='lat' dir='ltr'>feminam</span> <span class='ocrx_word' id='word_1_300' title='bbox 2403 3562 2467 3625; x_wconf 91' lang='lat' dir='ltr'>et</span> <span class='ocrx_word' id='word_1_301' title='bbox 2511 3559 2813 3624; x_wconf 88' lang='lat' dir='ltr'>confessa-</span> 
     </span>
     <span class='ocr_line' id='line_1_33' title="bbox 348 3662 2806 3749; baseline 0 -24"><span class='ocrx_word' id='word_1_302' title='bbox 348 3662 478 3726; x_wconf 90' lang='lat' dir='ltr'>rius</span> <span class='ocrx_word' id='word_1_303' title='bbox 520 3663 885 3749; x_wconf 86' lang='lat' dir='ltr'>interrogat,</span> <span class='ocrx_word' id='word_1_304' title='bbox 930 3663 1234 3744; x_wconf 74' lang='lat' dir='ltr'>Quoties?</span> <span class='ocrx_word' id='word_1_305' title='bbox 1267 3667 1453 3746; x_wconf 87' lang='lat' dir='ltr'>atque</span> <span class='ocrx_word' id='word_1_306' title='bbox 1491 3665 1620 3747; x_wconf 90' lang='lat' dir='ltr'>ipse</span> <span class='ocrx_word' id='word_1_307' title='bbox 1649 3664 2009 3748; x_wconf 86' lang='lat' dir='ltr'>respondet:</span> <span class='ocrx_word' id='word_1_308' title='bbox 2045 3663 2268 3728; x_wconf 74' lang='lat' dir='ltr'>Decies</span> <span class='ocrx_word' id='word_1_309' title='bbox 2305 3666 2445 3747; x_wconf 90' lang='lat' dir='ltr'>plus</span> <span class='ocrx_word' id='word_1_310' title='bbox 2491 3663 2806 3736; x_wconf 78' lang='lat' dir='ltr'>minusve3</span> 
     </span>
     <span class='ocr_line' id='line_1_34' title="bbox 347 3764 2808 3851; baseline -0.002 -21"><span class='ocrx_word' id='word_1_311' title='bbox 347 3785 467 3830; x_wconf 89' lang='lat' dir='ltr'>non</span> <span class='ocrx_word' id='word_1_312' title='bbox 504 3768 751 3848; x_wconf 86' lang='lat' dir='ltr'>oportet</span> <span class='ocrx_word' id='word_1_313' title='bbox 773 3766 1003 3832; x_wconf 85' lang='lat' dir='ltr'>iterum</span> <span class='ocrx_word' id='word_1_314' title='bbox 1024 3768 1251 3850; x_wconf 87' lang='lat' dir='ltr'>petere,</span> <span class='ocrx_word' id='word_1_315' title='bbox 1280 3787 1355 3830; x_wconf 87' lang='lat' dir='ltr'>an</span> <span class='ocrx_word' id='word_1_316' title='bbox 1380 3767 1505 3832; x_wconf 88' lang='lat' dir='ltr'>illis</span> <span class='ocrx_word' id='word_1_317' title='bbox 1538 3767 1776 3831; x_wconf 87' lang='lat' dir='ltr'>vicibus</span> <span class='ocrx_word' id='word_1_318' title='bbox 1800 3767 2226 3851; x_wconf 89' lang='lat' dir='ltr'>perduraverit</span> <span class='ocrx_word' id='word_1_319' title='bbox 2253 3768 2316 3830; x_wconf 91' lang='lat' dir='ltr'>in</span> <span class='ocrx_word' id='word_1_320' title='bbox 2342 3767 2457 3830; x_wconf 90' lang='lat' dir='ltr'>tali</span> <span class='ocrx_word' id='word_1_321' title='bbox 2488 3764 2808 3828; x_wconf 89' lang='lat' dir='ltr'>desiderio.</span> 
     </span>
     <span class='ocr_line' id='line_1_35' title="bbox 349 3867 2805 3954; baseline -0.001 -23"><span class='ocrx_word' id='word_1_322' title='bbox 349 3867 507 3946; x_wconf 87' lang='lat' dir='ltr'>Quia</span> <span class='ocrx_word' id='word_1_323' title='bbox 556 3887 699 3932; x_wconf 91' lang='lat' dir='ltr'>cum</span> <span class='ocrx_word' id='word_1_324' title='bbox 744 3869 894 3952; x_wconf 90' lang='lat' dir='ltr'>ipse,</span> <span class='ocrx_word' id='word_1_325' title='bbox 934 3869 1355 3954; x_wconf 84' lang='lat' dir='ltr'>interrogatus</span> <span class='ocrx_word' id='word_1_326' title='bbox 1403 3869 1476 3934; x_wconf 90' lang='lat' dir='ltr'>de</span> <span class='ocrx_word' id='word_1_327' title='bbox 1522 3889 1799 3946; x_wconf 88' lang='lat' dir='ltr'>numero,</span> <span class='ocrx_word' id='word_1_328' title='bbox 1833 3870 2204 3934; x_wconf 88' lang='lat' dir='ltr'>determinat</span> <span class='ocrx_word' id='word_1_329' title='bbox 2234 3868 2414 3931; x_wconf 89' lang='lat' dir='ltr'>illum</span> <span class='ocrx_word' id='word_1_330' title='bbox 2462 3884 2805 3942; x_wconf 89' lang='lat' dir='ltr'>numerum,</span> 
     </span>
     <span class='ocr_line' id='line_1_36' title="bbox 350 3968 2812 4056; baseline -0 -25"><span class='ocrx_word' id='word_1_331' title='bbox 350 3969 636 4034; x_wconf 87' lang='lat' dir='ltr'>credibile</span> <span class='ocrx_word' id='word_1_332' title='bbox 684 3973 798 4046; x_wconf 85' lang='lat' dir='ltr'>est,</span> <span class='ocrx_word' id='word_1_333' title='bbox 833 3971 997 4053; x_wconf 91' lang='lat' dir='ltr'>quod</span> <span class='ocrx_word' id='word_1_334' title='bbox 1044 3971 1174 4055; x_wconf 90' lang='lat' dir='ltr'>ipse</span> <span class='ocrx_word' id='word_1_335' title='bbox 1220 3971 1517 4055; x_wconf 86' lang='lat' dir='ltr'>concepit,</span> <span class='ocrx_word' id='word_1_336' title='bbox 1559 3992 1625 4036; x_wconf 90' lang='lat' dir='ltr'>se</span> <span class='ocrx_word' id='word_1_337' title='bbox 1670 3972 2043 4056; x_wconf 89' lang='lat' dir='ltr'>interrogari</span> <span class='ocrx_word' id='word_1_338' title='bbox 2091 3970 2163 4035; x_wconf 91' lang='lat' dir='ltr'>de</span> <span class='ocrx_word' id='word_1_339' title='bbox 2210 3970 2445 4035; x_wconf 89' lang='lat' dir='ltr'>vicibus</span> <span class='ocrx_word' id='word_1_340' title='bbox 2492 3968 2812 4032; x_wconf 89' lang='lat' dir='ltr'>moraliter</span> 
     </span>
     <span class='ocr_line' id='line_1_37' title="bbox 349 4069 2810 4158; baseline -0.002 -22"><span class='ocrx_word' id='word_1_341' title='bbox 349 4072 659 4137; x_wconf 87' lang='lat' dir='ltr'>distinctis</span> <span class='ocrx_word' id='word_1_342' title='bbox 708 4076 895 4156; x_wconf 88' lang='lat' dir='ltr'>atque</span> <span class='ocrx_word' id='word_1_343' title='bbox 943 4074 1092 4139; x_wconf 90' lang='lat' dir='ltr'>adeo</span> <span class='ocrx_word' id='word_1_344' title='bbox 1140 4074 1213 4140; x_wconf 90' lang='lat' dir='ltr'>de</span> <span class='ocrx_word' id='word_1_345' title='bbox 1262 4074 1386 4138; x_wconf 90' lang='lat' dir='ltr'>illis</span> <span class='ocrx_word' id='word_1_346' title='bbox 1431 4074 1835 4158; x_wconf 90' lang='lat' dir='ltr'>respondisse.</span> <span class='ocrx_word' id='word_1_347' title='bbox 1883 4073 2062 4153; x_wconf 90' lang='lat' dir='ltr'>Quod</span> <span class='ocrx_word' id='word_1_348' title='bbox 2108 4073 2159 4138; x_wconf 91' lang='lat' dir='ltr'>si</span> <span class='ocrx_word' id='word_1_349' title='bbox 2213 4092 2284 4137; x_wconf 84' lang='lat' dir='ltr'>ex</span> <span class='ocrx_word' id='word_1_350' title='bbox 2329 4069 2810 4137; x_wconf 87' lang='lat' dir='ltr'>circumstantiis</span> 
     </span>
     <span class='ocr_line' id='line_1_38' title="bbox 350 4172 2812 4260; baseline -0.001 -21"><span class='ocrx_word' id='word_1_351' title='bbox 350 4178 666 4258; x_wconf 87' lang='lat' dir='ltr'>appareat,</span> <span class='ocrx_word' id='word_1_352' title='bbox 712 4177 920 4259; x_wconf 87' lang='lat' dir='ltr'>ipsum</span> <span class='ocrx_word' id='word_1_353' title='bbox 980 4197 1102 4242; x_wconf 89' lang='lat' dir='ltr'>non</span> <span class='ocrx_word' id='word_1_354' title='bbox 1148 4177 1532 4260; x_wconf 88' lang='lat' dir='ltr'>respondisse</span> <span class='ocrx_word' id='word_1_355' title='bbox 1585 4178 1758 4242; x_wconf 83' lang='lat' dir='ltr'>iuxta</span> <span class='ocrx_word' id='word_1_356' title='bbox 1822 4176 2279 4242; x_wconf 89' lang='lat' dir='ltr'>distinctionem</span> <span class='ocrx_word' id='word_1_357' title='bbox 2339 4177 2656 4248; x_wconf 88' lang='lat' dir='ltr'>moralem,</span> <span class='ocrx_word' id='word_1_358' title='bbox 2706 4172 2812 4236; x_wconf 89' lang='lat' dir='ltr'>sed</span> 
     </span>
     <span class='ocr_line' id='line_1_39' title="bbox 351 4278 2808 4365; baseline -0 -24"><span class='ocrx_word' id='word_1_359' title='bbox 351 4278 525 4342; x_wconf 85' lang='lat' dir='ltr'>iuxta</span> <span class='ocrx_word' id='word_1_360' title='bbox 574 4279 764 4344; x_wconf 89' lang='lat' dir='ltr'>aliam</span> <span class='ocrx_word' id='word_1_361' title='bbox 811 4281 1015 4365; x_wconf 87' lang='lat' dir='ltr'>magis</span> <span class='ocrx_word' id='word_1_362' title='bbox 1066 4299 1357 4358; x_wconf 88' lang='lat' dir='ltr'>crassam,</span> <span class='ocrx_word' id='word_1_363' title='bbox 1406 4300 1564 4363; x_wconf 90' lang='lat' dir='ltr'>quae</span> <span class='ocrx_word' id='word_1_364' title='bbox 1608 4280 1784 4346; x_wconf 88' lang='lat' dir='ltr'>fieret</span> <span class='ocrx_word' id='word_1_365' title='bbox 1830 4300 1937 4364; x_wconf 91' lang='lat' dir='ltr'>per</span> <span class='ocrx_word' id='word_1_366' title='bbox 1981 4279 2495 4364; x_wconf 89' lang='lat' dir='ltr'>interruptionem</span> <span class='ocrx_word' id='word_1_367' title='bbox 2549 4278 2808 4355; x_wconf 90' lang='lat' dir='ltr'>dierum,</span> 
     </span>
     <span class='ocr_line' id='line_1_40' title="bbox 352 4381 2812 4469; baseline 0 -25"><span class='ocrx_word' id='word_1_368' title='bbox 352 4385 499 4445; x_wconf 78' lang='lat' dir='ltr'>tunc</span> <span class='ocrx_word' id='word_1_369' title='bbox 530 4381 972 4447; x_wconf 84' lang='lat' dir='ltr'>examinandus</span> <span class='ocrx_word' id='word_1_370' title='bbox 1004 4384 1166 4449; x_wconf 88' lang='lat' dir='ltr'>esset</span> <span class='ocrx_word' id='word_1_371' title='bbox 1210 4385 1411 4469; x_wconf 88' lang='lat' dir='ltr'>magis</span> <span class='ocrx_word' id='word_1_372' title='bbox 1458 4386 1521 4449; x_wconf 90' lang='lat' dir='ltr'>in</span> <span class='ocrx_word' id='word_1_373' title='bbox 1568 4385 1959 4469; x_wconf 87' lang='lat' dir='ltr'>particulari:</span> <span class='ocrx_word' id='word_1_374' title='bbox 2001 4387 2187 4467; x_wconf 89' lang='lat' dir='ltr'>prout</span> <span class='ocrx_word' id='word_1_375' title='bbox 2224 4382 2423 4447; x_wconf 90' lang='lat' dir='ltr'>solent</span> <span class='ocrx_word' id='word_1_376' title='bbox 2471 4382 2684 4464; x_wconf 89' lang='lat' dir='ltr'>aliqui,</span> <span class='ocrx_word' id='word_1_377' title='bbox 2723 4381 2812 4445; x_wconf 93' lang='lat' dir='ltr'>in-</span> 
     </span>
     <span class='ocr_line' id='line_1_41' title="bbox 352 4484 2808 4572; baseline 0.001 -26"><span class='ocrx_word' id='word_1_378' title='bbox 352 4485 657 4568; x_wconf 84' lang='lat' dir='ltr'>terrogati</span> <span class='ocrx_word' id='word_1_379' title='bbox 703 4484 775 4549; x_wconf 89' lang='lat' dir='ltr'>de</span> <span class='ocrx_word' id='word_1_380' title='bbox 822 4505 1077 4552; x_wconf 92' lang='lat' dir='ltr'>numero</span> <span class='ocrx_word' id='word_1_381' title='bbox 1110 4488 1637 4570; x_wconf 86' lang='lat' dir='ltr'>concupiscentiae</span> <span class='ocrx_word' id='word_1_382' title='bbox 1682 4489 1885 4572; x_wconf 86' lang='lat' dir='ltr'>turpis</span> <span class='ocrx_word' id='word_1_383' title='bbox 1933 4488 2130 4553; x_wconf 87' lang='lat' dir='ltr'>dicere</span> <span class='ocrx_word' id='word_1_384' title='bbox 2175 4487 2371 4552; x_wconf 87' lang='lat' dir='ltr'>decies</span> <span class='ocrx_word' id='word_1_385' title='bbox 2401 4508 2459 4551; x_wconf 87' lang='lat' dir='ltr'>v.</span> <span class='ocrx_word' id='word_1_386' title='bbox 2495 4506 2610 4572; x_wconf 91' lang='lat' dir='ltr'>gr.,</span> <span class='ocrx_word' id='word_1_387' title='bbox 2646 4486 2808 4569; x_wconf 87' lang='lat' dir='ltr'>quod</span> 
     </span>
     <span class='ocr_line' id='line_1_42' title="bbox 350 4585 2813 4676; baseline 0.002 -26"><span class='ocrx_word' id='word_1_388' title='bbox 350 4585 470 4668; x_wconf 88' lang='lat' dir='ltr'>ipsi</span> <span class='ocrx_word' id='word_1_389' title='bbox 509 4589 874 4674; x_wconf 89' lang='lat' dir='ltr'>intelligunt</span> <span class='ocrx_word' id='word_1_390' title='bbox 904 4591 977 4655; x_wconf 92' lang='lat' dir='ltr'>de</span> <span class='ocrx_word' id='word_1_391' title='bbox 1014 4609 1269 4656; x_wconf 91' lang='lat' dir='ltr'>numero</span> <span class='ocrx_word' id='word_1_392' title='bbox 1316 4591 1705 4671; x_wconf 85' lang='lat' dir='ltr'>feminarum,</span> <span class='ocrx_word' id='word_1_393' title='bbox 1742 4611 1897 4673; x_wconf 86' lang='lat' dir='ltr'>quas</span> <span class='ocrx_word' id='word_1_394' title='bbox 1929 4593 2388 4676; x_wconf 87' lang='lat' dir='ltr'>concupierunt,</span> <span class='ocrx_word' id='word_1_395' title='bbox 2422 4611 2688 4674; x_wconf 88' lang='lat' dir='ltr'>quarum</span> <span class='ocrx_word' id='word_1_396' title='bbox 2720 4594 2813 4656; x_wconf 89' lang='lat' dir='ltr'>ta-</span> 
     </span>
     <span class='ocr_line' id='line_1_43' title="bbox 352 4693 2183 4778; baseline 0.003 -23"><span class='ocrx_word' id='word_1_397' title='bbox 352 4711 493 4757; x_wconf 92' lang='lat' dir='ltr'>men</span> <span class='ocrx_word' id='word_1_398' title='bbox 528 4693 806 4774; x_wconf 86' lang='lat' dir='ltr'>aliquam</span> <span class='ocrx_word' id='word_1_399' title='bbox 839 4695 1169 4778; x_wconf 88' lang='lat' dir='ltr'>plusquam</span> <span class='ocrx_word' id='word_1_400' title='bbox 1202 4694 1398 4758; x_wconf 91' lang='lat' dir='ltr'>decies</span> <span class='ocrx_word' id='word_1_401' title='bbox 1437 4714 1575 4759; x_wconf 84' lang='lat' dir='ltr'>vere</span> <span class='ocrx_word' id='word_1_402' title='bbox 1607 4696 2091 4778; x_wconf 87' lang='lat' dir='ltr'>concupiverunt</span> <span class='ocrx_word' id='word_1_403' title='bbox 2123 4721 2183 4760; x_wconf 81' lang='lat'>».</span> 
     </span>
    </p>
   </div>
  </div>
 </body>
</html>
