3529 5158
650 269 759 324 284
1185 281 1397 325 macr.
1438 283 1527 324 111.
1566 284 1651 324 Dm
1690 279 1971 324 nmmos.
2009 279 2207 322 carm
2246 279 2284 319 1.
2324 278 2468 320 nun.
2505 277 2570 319 n.
2968 262 3094 337 [254

654 382 769 446 bus
801 380 1005 445 causis
1029 380 1252 445 habere
1280 381 1405 444 vim
1442 380 1599 464 legis
1634 377 2072 462 obligatorias:
2101 375 2206 439 sed
2237 374 2521 457 quaestio
2569 372 2644 438 fit
2680 373 2889 456 quoad
2933 393 3112 440 casus

654 483 888 548 similes
919 481 1033 565 (a).

743 584 1015 650 Advorte
1053 585 1345 668 primum,
1410 584 1577 666 quod
1613 584 1859 649 decreta
1905 585 1968 648 et
2013 579 2460 647 declarationes
2506 598 2556 644 s.
2607 577 2801 664 Cong.
2850 579 3116 646 Bituum

654 687 803 753 data
850 687 1043 752 etiam
1106 706 1229 753 non
1275 687 1558 753 consulto
1623 705 1820 769 neque
1869 685 2247 768 approbante
2291 683 2484 767 Papa,
2523 681 2803 746 habenda
2852 685 2999 748 sunt
3043 685 3119 748 ut

654 789 906 856 oracula
963 789 1159 873 ipsius
1206 790 1445 873 Papae:
1510 789 1675 871 quod
1735 789 1983 854 constat
2043 805 2117 851 ex
2170 785 2371 868 ipsius
2428 781 2654 869 Congr.
2704 784 3116 854 declaratione

657 894 761 957 23.
803 892 959 957 Maii
1000 892 1191 956 1846.
1233 916 1269 951 «
1299 891 1396 956 An
1421 891 1663 955 decreta
1703 909 1738 954 a
1778 888 1840 954 S.
1873 890 1950 953 R.
1977 886 2045 952 C.
2081 888 2369 952 emanata
2394 888 2457 952 et
2485 887 2912 969 responsiones
2935 908 3118 971 quae-

653 1014 918 1077 cumque
943 994 1021 1058 ab
1045 994 1179 1077 ipsa
1198 993 1531 1077 propositis
1556 992 1759 1056 dubiis
1784 992 2015 1074 scripto
2038 990 2321 1056 formiter
2343 989 2546 1054 editae
2561 990 2818 1055 eandem
2846 991 3117 1058 habeant

657 1096 1101 1160 auctoritatem
1127 1114 1197 1160 ac
1222 1095 1277 1160 si
1299 1094 1655 1160 immediate
1681 1094 1758 1158 ab
1783 1095 1917 1176 ipso
1943 1113 1991 1157 s,
2026 1092 2325 1158 Pontifice
2348 1094 2807 1175 promanarent,
2831 1095 3115 1176 quamvis

654 1199 830 1262 nulla
867 1198 1034 1262 facta
1065 1197 1255 1263 fuerit
1278 1197 1353 1263 de
1368 1196 1588 1262 iisdem
1603 1197 1825 1261 relatio
1852 1194 2185 1261 Sanctitati
2216 1198 2411 1260 suae?
2434 1195 2618 1278 Resp.
2643 1195 3035 1264 Affirmative
3050 1223 3112 1262 ».

609 1323 610 1326 ¹
654 1301 835 1366 Hanc
865 1301 1326 1384 responsionem
1359 1300 1433 1364 R.
1468 1298 1754 1364 Pontifex
1792 1299 2080 1381 probavit
2108 1298 2209 1362 17.
2246 1297 2394 1362 Iulii
2429 1298 2620 1362 1846.
2654 1298 2726 1363 Id
2763 1320 2871 1382 per
2901 1319 2966 1365 se
2997 1319 3118 1368 non

655 1402 863 1477 infert,
896 1402 1211 1485 quaelibet
1241 1402 1485 1466 decreta
1518 1402 1646 1466 vim
1677 1401 1835 1486 legis
1867 1401 2092 1466 habere
2139 1418 2249 1483 pro
2297 1400 2585 1464 universa
2616 1401 2924 1479 Ecclesia:
2974 1421 3119 1468 nam

656 1506 863 1588 Papae
900 1505 1244 1570 auctoritas
1282 1523 1429 1590 erga
1467 1523 1657 1568 unam
1704 1522 1951 1586 quoque
1997 1503 2376 1587 singularem
2407 1504 2727 1568 ecclesiam
2773 1505 2873 1570 vel
2918 1525 3117 1589 perso-

655 1628 800 1672 nam
831 1607 1094 1673 exerceri
1147 1608 1326 1673 solet.
1382 1605 1499 1672 Sed
1553 1607 1609 1671 si
1659 1606 1905 1672 decreta
1951 1605 2311 1670 authentica
2357 1624 2466 1689 pro
2513 1606 2800 1672 universa
2847 1608 3117 1674 Ecclesia

658 1712 1153 1796 promulgentur,
1188 1711 1242 1776 si
1273 1730 1363 1775 ex.
1412 1730 1505 1795 gr.
1542 1709 1621 1774 ad
1659 1728 1870 1774 omnes
1902 1707 2239 1793 Episcopos
2274 1708 2631 1787 mittantur,
2663 1711 2737 1774 ut
2772 1710 2836 1776 in
2868 1713 2999 1776 suis
3028 1731 3118 1777 ec-

656 1814 858 1878 clesiis
883 1831 955 1878 ea
985 1812 1221 1877 faciant
1253 1812 1585 1889 observari,
1612 1813 1742 1876 vim
1767 1810 1922 1896 legis
1946 1810 2313 1888 universalis
2339 1811 2727 1890 obtinebunt,
2762 1814 2881 1877 etsi
2905 1832 3121 1897 appro-

656 1915 826 1979 batio
861 1913 1147 1996 explicita
1178 1915 1388 1996 Papae
1418 1933 1539 1977 non
1578 1914 1921 1978 accesserit.

745 2016 883 2080 Etsi
905 2034 1063 2089 vero,
1085 2014 1261 2099 Gury
1286 2015 1361 2078 V.
1397 2015 1446 2078 Ι.
1477 2016 1534 2098 ξ.
1568 2016 1713 2079 130.
1740 2015 1909 2079 dicat
1945 2034 2087 2079 cum
2119 2015 2279 2091 aliie,
2313 2033 2705 2081 communem
2736 2035 2867 2083 esse
2882 2019 3118 2083 senten-

653 2121 811 2184 tiam
834 2118 1279 2184 declarationes
1310 2119 1374 2182 et
1403 2118 1647 2184 decreta
1669 2119 1857 2183 huius
1875 2138 1924 2182 s.
1943 2119 2019 2182 R.
2054 2116 2121 2183 C.
2143 2119 2512 2203 obligarem
2535 2120 2783 2185 casibus
2807 2120 3119 2186 similibus

654 2224 717 2287 h.
751 2242 802 2287 e.
839 2221 1116 2306 obligare
1146 2223 1210 2285 et
1246 2239 1369 2299 eoS,
1404 2220 1629 2303 quibus
1661 2220 1973 2287 decretum
2006 2239 2128 2285 non
2160 2224 2255 2286 est
2286 2221 2592 2287 directum
2614 2222 2855 2308 (agitur
2887 2224 3120 2302 scilicet

657 2328 731 2393 de
762 2328 1022 2394 decretis
1069 2327 1218 2392 latis
1264 2346 1374 2392 seu
1419 2327 1729 2410 responsis
1760 2325 1926 2390 datis
1963 2345 2074 2409 pro
2122 2326 2238 2390 hac
2285 2327 2383 2391 vel
2414 2327 2523 2391 illa
2555 2329 2809 2394 ecclesia
2840 2331 2954 2395 aut
2984 2350 3119 2413 per-

656 2433 868 2513 sona),
905 2430 1016 2512 qui
1061 2433 1272 2495 tamen
1325 2429 1390 2492 in
1436 2447 1583 2493 casu
1630 2428 1823 2493 simili
1868 2430 2223 2493 versantur:
2281 2428 2530 2494 adverte
2575 2430 2982 2497 nihilominus
3026 2451 3120 2502 rev

656 2551 954 2616 sponsum
986 2532 1261 2597 eiusdem
1286 2528 1511 2616 Congr.
1549 2532 1609 2595 8.
1643 2529 1842 2613 April.
1881 2531 2071 2594 1854.
2129 2555 2163 2589 «
2209 2530 2306 2596 An
2355 2529 2618 2610 decreta,
2652 2532 2917 2613 indulta,
2965 2533 3119 2600 deci-

656 2637 857 2700 siones
904 2654 952 2699 s.
987 2635 1062 2698 R.
1098 2632 1165 2697 C.
1199 2633 1382 2697 datae
1415 2634 1513 2697 vel
1549 2631 1785 2696 dandae
1810 2632 1873 2696 in
1904 2633 2148 2697 casibus
2195 2634 2694 2716 particularibuS‚
2723 2637 3116 2719 applicabiles

655 2738 782 2803 sint
813 2738 878 2801 et
914 2735 1299 2819 adoptandae
1346 2735 1408 2799 in
1457 2734 1763 2799 similibus
1811 2735 2074 2812 casibus,
2123 2736 2309 2817 qvam·
2344 2740 2549 2802 essent
2577 2757 2703 2817 pro
2748 2737 2973 2820 ubique
3022 2740 3119 2807 de·

655 2843 841 2914 cisae,
881 2857 951 2903 eo
985 2838 1083 2903 vel
1113 2838 1335 2923 magis,
1370 2838 1518 2919 quia
1563 2855 1736 2902 sacra
1770 2838 1904 2919 ipsa
1936 2835 2162 2923 Congr.
2196 2839 2259 2904 id
2290 2839 2542 2904 innuere
2571 2840 2837 2919 videtur,
2871 2843 3114 2923 quando

655 2941 989 3028 propositis
1021 2941 1224 3005 dubiis
1256 2939 1619 3024 respondere
1665 2939 1851 3003 solet:
1879 2939 2107 3003 dentur
2137 2939 2402 3013 decreta,
2435 2941 2615 3004 ἱκετεία
2651 2941 2820 3006 alias
2850 2942 3114 3019 decreta,

645 3046 974 3127 provisum
1019 3046 1088 3108 in
1135 3064 1264 3107 una
1311 3045 1426 3108 ete.
1477 3042 1659 3127 Resp.
1701 3042 2008 3127 Negative
2055 3044 2117 3107 et
2165 3061 2402 3126 semper
2432 3044 2867 3110 recurrendum
2913 3046 2979 3111 in
3025 3066 3118 3111 ca·

656 3151 825 3216 sibus
857 3148 1339 3234 particularibus
1371 3171 1408 3206 »
1453 3146 1567 3229 (b).
1619 3143 1710 3210 Cf.
1760 3144 1931 3209 Acta
1962 3165 2012 3208 s,
2047 3142 2248 3208 Sedis.
2285 3144 2425 3209 Vol.
2460 3146 2522 3209 3.
2554 3165 2615 3228 p.
2666 3147 2815 3211 567.
2856 3148 3115 3213 Decreta

760 3448 825 3498 (a)
853 3441 1052 3497 Duplex
1079 3450 1251 3486 tamen
1279 3447 1356 3485 eet
1389 3443 1640 3496 quaestio:
1675 3442 1719 3485 1·
1751 3455 1817 3485 an
1843 3443 2106 3487 decretum
2134 3443 2329 3486 editum
2366 3443 2420 3484 in
2463 3455 2584 3486 casu
2613 3443 2915 3498 particulari
2944 3447 3115 3490 valeat

654 3516 707 3557 in
724 3512 922 3556 casibus
948 3510 1216 3563 similibus,
1244 3510 1319 3553 ita
1351 3513 1408 3552 ut
1436 3522 1554 3553 vere
1581 3509 1793 3564 obliget:
1823 3510 1872 3553 2·
1904 3522 1970 3553 an
1998 3509 2200 3554 decreta
2227 3510 2486 3565 generalia
2514 3510 2652 3554 edita
2680 3516 2807 3565 puta
2826 3524 2858 3555 a
2885 3526 2924 3555 s.
2947 3513 3118 3559 Officio

652 3578 1018 3624 declarationes
1045 3575 1257 3621 Concilii
1271 3576 1406 3619 Trici.
1428 3588 1459 3619 a
1487 3590 1526 3619 s.
1557 3575 1610 3619 C.
1640 3575 1693 3619 C.
1723 3575 1946 3620 habeant
1972 3577 2081 3620 vim
2108 3576 2233 3632 legis
2260 3577 2584 3622 universalis.
2604 3580 2796 3623 Auctor
2820 3581 3017 3634 spectat
3047 3595 3119 3625 so-

653 3648 764 3690 lum
780 3647 839 3688 1m
860 3644 1205 3699 quaestionem
1234 3643 1320 3687 sed
1350 3655 1400 3686 n.
1414 3643 1512 3686 253.
1529 3643 1778 3686 dilabitur
1792 3656 1908 3686 cum
1929 3643 2237 3700 Schmalzgr.
2259 3644 2323 3686 ad
2344 3644 2558 3687 alteram
2578 3659 2628 3701 q.
2646 3645 2715 3688 Et
2742 3647 2876 3700 quod
2896 3648 3118 3701 pertinet

654 3714 718 3757 ad
735 3714 793 3754 11¹²
808 3710 1156 3767 quaestionem
1170 3711 1436 3755 advertere
1453 3711 1589 3764 licet,
1610 3710 1874 3764 Rescripta
1888 3710 2222 3764 particularia
2236 3709 2426 3763 SS.,CO.
2438 3710 2647 3765 perinde
2660 3723 2765 3756 esse
2784 3724 2843 3755 ac
2854 3713 3118 3769 Rescripta

655 3780 963 3836 Principum,
994 3790 1126 3833 quae
1156 3779 1327 3823 valere
1356 3778 1511 3821 etiam
1541 3779 1596 3821 in
1627 3777 1825 3821 casibus
1856 3776 2107 3821 similibus
2135 3777 2316 3821 docent
2345 3777 2669 3833 legumperiti
2697 3791 2759 3822 ex
2788 3781 2823 3824 l.
2854 3780 2953 3824 ult.
2982 3782 3036 3827 C.
3064 3785 3118 3826 de

653 3848 847 3904 Levibus
875 3846 958 3901 (cf.
988 3845 1258 3889 Donellum
1285 3845 1346 3889 de
1375 3845 1413 3888 I.
1436 3844 1604 3888 c.1.1.
1626 3857 1668 3887 c.
1689 3844 1732 3887 9.
1753 3856 1804 3887 n.
1824 3843 1891 3893 9):
1924 3856 2066 3887 secus
2095 3857 2152 3888 ac
2171 3844 2453 3888 sententiae
2481 3843 2746 3888 iudiciales
2773 3858 2804 3888 a
2833 3847 3019 3901 quibus
3038 3861 3117 3893 res

652 3916 789 3958 inter
814 3915 942 3958 alios
962 3913 1218 3958 iudicatae
1246 3913 1428 3957 ceteris
1454 3924 1558 3955 non
1587 3915 1789 3954 nocent.
1808 3909 1865 3954 E.

762 3982 825 4036 (b)
856 3982 985 4025 Puto
1013 3981 1481 4035 aequivocationem
1508 3991 1612 4022 esse
1639 3977 1694 4021 in
1723 3977 1942 4021 termino
1969 3976 2088 4021 hoc:
2118 3987 2255 4021 casua
2275 3977 2604 4039 particuhtm.
2621 3978 2908 4033 Dupliciter
2936 3993 3116 4037 nempe

651 4048 812 4103 accipi
841 4051 1003 4102 potest
1025 4063 1032 4088 :
1066 4049 1104 4091 1.
1136 4050 1391 4101 quatenus
1417 4057 1448 4088 a
1478 4043 1778 4099 particulari
1805 4044 1912 4088 sive
1940 4055 2151 4098 persona
2170 4043 2276 4087 sive
2296 4042 2505 4099 collegio
2532 4045 2639 4088 sive
2666 4044 2876 4089 ecclesia
2903 4046 3117 4093 interm-

651 4114 789 4171 gatio
806 4114 1046 4167 processit
1075 4118 1126 4155 et
1145 4113 1401 4167 responsio
1429 4112 1670 4167 dirigitur
1704 4110 1899 4166 pariter
1925 4111 1991 4153 ad
2022 4109 2383 4165 particularem
2411 4110 2518 4155 sive
2559 4124 2825 4167 personam
2852 4114 2961 4159 sive
2989 4127 3117 4159 com—

654 4183 963 4226 munitatem
992 4181 1099 4224 sit-e
1128 4181 1406 4225 ecclesiam.
1435 4181 1477 4224 2.
1509 4184 1762 4235 quatenus
1794 4192 1872 4223 res
1901 4180 2012 4235 ipsa
2039 4180 2093 4223 in
2121 4191 2172 4222 se
2200 4183 2406 4235 propter
2434 4180 2679 4236 speciales
2705 4181 3116 4228 circumstantias

652 4249 755 4291 eive
782 4259 1109 4300 personarum
1140 4246 1246 4291 sive
1266 4247 1366 4290 loci
1386 4248 1491 4289 sive
1511 4244 1768 4300 temporis,
1790 4246 2098 4299 peculiarem
2119 4245 2269 4290 habet
2286 4246 2549 4301 rationem,
2571 4260 2674 4303 qua
2689 4261 2718 4291 a
2738 4247 2973 4303 pluribus
2992 4251 3118 4295 eius-

651 4316 766 4357 dem
795 4316 993 4367 generls
1029 4314 1326 4356 secernitur.
1356 4311 1409 4354 si
1438 4312 1603 4366 priore
1631 4314 1838 4355 tantum
1878 4314 2020 4356 modo
2048 4324 2195 4355 casus
2232 4319 2307 4356 est
2344 4313 2688 4369 particularis,
2725 4327 2902 4359 censeo
2943 4317 3117 4361 valere

653 4382 980 4435 sententiam,
1008 4395 1164 4436 quam
1192 4382 1338 4436 Gury
1369 4385 1515 4426 vocat
1544 4394 1885 4435 communem:
1917 4383 1972 4426 in
2000 4383 2095 4427 hac
2123 4383 2259 4427 enim
2274 4383 2545 4439 hypothesi
2562 4397 2859 4441 responsum
2886 4399 2924 4429 e.
2948 4387 3002 4430 C.
3034 4387 3114 4432 vel

655 4448 890 4503 proponit
919 4449 1002 4492 vel
1039 4449 1265 4492 declarat
1298 4449 1456 4505 legem
1485 4450 1588 4493 iam
1615 4450 1968 4493 exsistentem:
1999 4462 2147 4504 porro
2165 4451 2361 4493 velum·
2388 4452 2677 4505 responderi
2706 4454 2871 4506 potest
2900 4451 2952 4496 id
2982 4453 3115 4509 quod

652 4514 714 4557 ad
735 4524 910 4557 omnes
928 4518 1139 4569 spectat.
1161 4516 1242 4559 Sic
1261 4516 1305 4558 si
1324 4516 1414 4559 uni
1434 4516 1772 4571 interroganti
1802 4516 2181 4570 respondeatur,
2202 4522 2427 4571 prostare
2456 4517 2635 4561 debere
2653 4530 2854 4562 crucem
2882 4520 2938 4562 in
2957 4521 3114 4563 altari
