3529 5158
687 337 760 391 82
1190 348 1403 388 TRAc-r.
1446 349 1483 386 1.
1524 347 1609 386 ma
1645 344 1902 387 ac'rums
1938 344 2230 386 numme.
2269 342 2467 383 carn-r
2508 341 2634 383 vm.
3043 325 3152 400 [85]

690 446 954 511 minium
988 444 1152 527 quod
1199 444 1388 507 habet
1434 446 1497 506 et
1543 442 1862 524 disponere
1900 440 1973 504 de
2011 441 2144 504 vita
2188 438 2513 503 hominum
2543 440 2730 520 prout
2760 437 2878 519 ipsi
2927 436 3149 519 placet.

690 551 855 634 Ergo
913 548 1180 613 cessabit
1236 547 1482 610 malitia
1529 547 1593 609 in
1641 544 1971 609 auferenda
2016 544 2148 607 vita
2197 543 2308 606 aut
2354 542 2707 605 substantia
2764 540 3047 617 alieuius,
3098 540 3153 604 si

693 653 861 716 Deus
908 652 1023 715 hoc
1070 651 1168 714 ius
1217 649 1399 713 alteri
1446 647 1676 713 fecerit.

802 824 927 876 LlV.
958 821 1090 874 Finis
1116 821 1291 874 dicitur
1316 820 1381 882 id,
1412 827 1613 886 propter
1635 820 1770 884 quod
1796 818 1976 883 aliquid
2005 821 2073 871 lll-
2103 819 2178 870 Ad
2202 831 2346 882 quem
2374 816 2418 869 si
2446 830 2573 882 opus
2605 830 2691 882 per
2716 829 2769 869 se
2796 814 2967 880 tendit,
2987 817 3153 883 appel·

694 908 826 960 latur
846 920 971 959 risis
993 920 1167 958 crenis
1188 920 1273 957 scu
1292 919 1644 957 mrmssecus:
1671 917 1800 954 rmus
1819 917 1938 954 vero
1960 916 2297 954 EXTRlNSECUS
2318 915 2404 954 seu
2428 915 2556 953 open
2573 915 2716 953 Amris
2738 899 2915 953 dicitur
2948 899 3157 952 intenlio

694 1005 840 1057 quam
866 990 959 1043 sibi
998 1002 1208 1056 operans
1246 988 1539 1055 praestituit.
1570 990 1678 1040 Duo
1716 993 1877 1040 autem
1905 985 1940 1038 ii
1966 988 2085 1039 ssnes
2112 985 2356 1038 interdum
2395 984 2443 1037 in
2482 985 2610 1038 idem
2636 983 2875 1047 recidunt,
2905 982 3153 1036 interdum

696 1074 821 1129 alius
861 1073 945 1127 alii
984 1072 1346 1140 superadditur.

805 1157 938 1211 Finis
975 1172 1187 1210 ommes
1219 1155 1396 1209 dicitur
1421 1154 1504 1221 qui
1529 1156 1588 1207 ad
1622 1154 1774 1207 alium
1802 1169 1897 1206 uon
1926 1156 2153 1206 refertur.
2182 1156 2503 1206 Srnrmcrri-:n
2529 1151 2728 1205 ultimus
2754 1156 2843 1216 est,
2872 1151 2956 1218 qui
2990 1167 3077 1205 nee
3105 1152 3152 1205 in

697 1244 867 1295 eadem
909 1255 996 1293 nec
1033 1241 1080 1293 in
1122 1240 1214 1295 alia
1257 1240 1498 1293 actionum
1539 1238 1665 1292 serie
1705 1240 1764 1291 ad
1806 1240 2013 1291 alterurn
2053 1237 2323 1299 ordinatur,
2351 1236 2553 1290 ultimus
2589 1251 2709 1289 vero
2748 1251 3009 1289 secur-<uun
3036 1252 3153 1299 Quin

699 1340 785 1378 seu
820 1340 1167 1387 imminemus,
1189 1324 1271 1390 qui
1300 1323 1499 1376 ultimus
1525 1330 1598 1375 est
1625 1323 1673 1375 in
1703 1323 1861 1387 aliqua
1889 1322 2016 1376 serie
2043 1329 2254 1385 actuum,
2285 1320 2334 1373 in
2361 1320 2532 1374 ordine
2559 1327 2718 1375 tamen
2744 1323 2804 1374 ad
2831 1321 2980 1374 alium
3006 1323 3151 1374 finem

698 1409 935 1463 rationem
976 1408 1122 1462 medii
1159 1413 1322 1463 habet.

806 1496 1065 1546 Praeterea
1087 1492 1195 1546 linis
1216 1498 1377 1560 potest
1399 1492 1599 1545 ultimus
1621 1506 1729 1545 esse
1751 1493 1830 1545 vel
1854 1505 2091 1554 Ροειτινε,
2117 1489 2160 1543 si
2187 1494 2329 1544 finem
2352 1490 2631 1543 ulteriorem
2655 1488 2871 1544 excludit
2894 1493 2968 1543 vel
2992 1492 3155 1544 solum

697 1592 961 1641 Νεωτινε,
991 1577 1036 1630 si
1071 1580 1133 1630 ad
1172 1577 1451 1632 ulteriorem
1493 1579 1636 1629 finem
1664 1591 1759 1628 non
1803 1576 2056 1629 ordinetur
2086 1574 2300 1640 quidem,
2329 1579 2456 1628 hunc
2484 1582 2642 1629 tamen
2670 1590 2766 1629 non
2794 1577 3041 1630 excludat.
3065 1577 3158 1629 De·

697 1663 842 1727 nique
869 1662 978 1715 finis
1003 1660 1179 1715 dieitur
1205 1674 1489 1723 Ριιικᾼιιιυε,
1518 1660 1601 1725 qui
1638 1660 1700 1713 sil
1727 1675 1872 1713 causa
1902 1660 2082 1727 primas
2115 1666 2281 1725 partes
2308 1662 2490 1713 babens
2530 1666 2577 1711 et
2619 1674 2705 1726 per
2734 1675 2788 1713 se
2828 1661 2984 1714 solum
3024 1661 3160 1713 sum·

697 1746 881 1800 cienter
906 1748 967 1798 ad
994 1753 1156 1799 actum
1182 1760 1418 1798 movens:
1445 1759 1781 1798 sncusuamus
1812 1759 1948 1807 veru,
1977 1744 2020 1796 si
2049 1759 2192 1796 causa
2221 1742 2282 1796 sit
2311 1758 2441 1796 mere
2479 1742 2753 1811 impellenS‚
2783 1758 2878 1797 una
2906 1759 3014 1798 cum
3040 1743 3156 1798 alio.

788 1864 910 1936 85.
930 1865 1121 1930 Finis
1144 1867 1344 1948 reipsa
1369 1868 1766 1929 enumeratur
1789 1866 1949 1929 inter
1974 1866 2499 1930 circumstantias:
2527 1866 2925 1948 praecipuum
2950 1869 3160 1931 tamen

699 1969 905 2031 locum
938 1968 1055 2030 sibi
1100 1968 1164 2030 in
1210 1968 1550 2031 moralibus
1597 1969 1688 2031 ita
1736 1968 2027 2043 vindicat,
2079 1970 2152 2031 ut
2201 1967 2529 2031 seiunctim
2576 1967 2649 2031 de
2695 1986 2766 2031 eo
2805 1986 2986 2052 agere
3022 1987 3160 2033 mos

700 2070 803 2133 sit.
840 2070 939 2131 Ita
973 2070 1183 2131 autem
1214 2069 1549 2151 principem
1580 2070 1786 2132 locum
1819 2071 2007 2144 tenet,
2044 2070 2116 2131 ut
2153 2087 2273 2132 non
2308 2069 2511 2132 solum
2543 2069 2896 2134 dominetur
2917 2068 3157 2143 mediis

702 2190 861 2251 quae
908 2169 1015 2233 fini
1053 2171 1479 2244 subserviuut;
1531 2170 1634 2235 sed
1681 2190 1824 2234 cum
1872 2171 2074 2252 ipsum
2125 2170 2437 2234 obiectum
2485 2172 2660 2235 actus
2707 2171 2934 2236 habeat
2980 2190 3160 2254 saepe

701 2273 909 2336 locum
941 2272 1145 2346 medii,
1179 2272 1321 2335 hinc
1369 2273 1506 2335 finis
1555 2273 1914 2336 dominatur
1961 2272 2153 2335 etiam
2188 2272 2445 2336 obiecto.
2483 2273 2582 2337 Ita
2614 2293 2673 2337 v.
2707 2293 2799 2358 gr.
2835 2273 2890 2337 si
2921 2274 3161 2337 furetur

702 2375 842 2456 quis
876 2377 948 2437 ut
979 2374 1351 2457 crapuletur‚
1388 2375 1440 2438 si
1472 2374 1677 2451 donet,
1714 2376 1789 2438 ut
1821 2375 2102 2438 retrahat
2136 2393 2170 2438 a
2209 2376 2480 2457 peccato.

792 2476 984 2539 Finis
1015 2478 1218 2556 operis
1249 2477 1378 2540 sive
1411 2478 1790 2540 intrinsecus
1821 2478 1916 2541 est
1946 2477 2219 2559 proxime
2250 2477 2527 2541 intentus
2559 2478 2622 2540 et
2652 2478 2747 2541 est
2778 2477 2983 2560 ipsum
3007 2477 3165 2540 obie-

705 2583 871 2642 ctum
915 2576 1178 2657 formale
1210 2598 1316 2642 seu
1350 2598 1588 2660 scopus,
1626 2578 1702 2642 ad
1732 2599 1916 2660 quem
1951 2599 2104 2662 opus
2145 2600 2250 2662 per
2283 2598 2346 2643 se
2393 2578 2600 2662 ipsum
2631 2579 2850 2644 tendit.
2900 2579 3000 2644 Ita
3048 2582 3165 2644 lar·

706 2681 864 2764 gitio
898 2680 1317 2764 eleemosynae
1364 2701 1469 2762 per
1517 2700 1578 2742 se
1611 2681 1812 2744 tendit
1845 2682 1923 2744 ad
1954 2681 2286 2745 levandam
2331 2681 2646 2747 miseriam
2678 2681 2952 2756 alterius,
2989 2683 3162 2746 cibus

706 2781 783 2844 ad
832 2781 1369 2856 sustentationem,
1421 2780 1719 2844 medicina
1770 2782 1848 2844 ad
1896 2783 2250 2846 sanitatem.
2301 2783 2477 2847 Alter
2515 2802 2659 2847 vero
2706 2782 2865 2861 finis,
2916 2785 3023 2866 qui
3070 2789 3165 2850 est

705 2883 1112 2959 eaetrz'nsecus,
1147 2883 1580 2965 superadditur
1613 2883 1690 2945 ab
1721 2886 2032 2965 operante,
2084 2884 2232 2947 dum
2265 2902 2419 2966 opus
2467 2885 2721 2967 aliquod
2752 2886 2869 2949 sibi
2901 2889 3168 2951 assumit

708 2986 1010 3064 tanquam
1055 2983 1328 3048 medium
1366 2984 1443 3046 ad
1476 2984 1745 3065 aliquem
1780 3003 2035 3067 scopum
2075 2986 2547 3067 assequendum.
2575 2987 2676 3051 Ita
2706 3008 2763 3052 v.
2792 3009 2882 3072 gr.
2907 2989 3018 3070 qui
3049 2990 3168 3052 lar-

708 3087 881 3171 gitur
919 3086 1389 3169 eleemosynam,
1432 3087 1503 3148 ut
1552 3086 1898 3150 satisfaciat
1945 3107 2053 3169 pro
2102 3092 2374 3170 peccate,
2424 3089 2533 3170 qui
2578 3089 2784 3153 cibum
2830 3091 3044 3164 sinuit,
3093 3094 3170 3156 ιιι

710 3189 907 3270 possit
937 3188 1234 3264 itinerari,
1268 3189 1376 3269 qui
1406 3189 1726 3266 mentitur,
1761 3191 1835 3253 ut
1866 3190 2064 3271 possit
2096 3189 2397 3254 seducere.

800 3290 1105 3354 Recidunt
1127 3290 1190 3353 in
1215 3289 1377 3352 idem
1402 3290 1524 3353 duo
1552 3289 1720 3364 fines,
1748 3291 1994 3372 quando
2027 3292 2238 3355 nullus
2271 3295 2364 3356 est
2389 3292 2528 3357 finis
2554 3295 2866 3376 operantis
2887 3295 3170 3360 diversus

710 3412 748 3455 a
780 3392 898 3454 fine
947 3391 1163 3472 operis,
1214 3391 1314 3454 Ita
1363 3392 1470 3471 qui
1517 3392 1684 3454 canit
1730 3392 1794 3455 in
1843 3393 2096 3457 ecelesia
2141 3413 2305 3459 mere
2352 3395 2416 3458 in
2465 3395 2580 3460 Dei
2627 3396 2942 3462 honorem.
2991 3397 3172 3463 Alter

712 3492 894 3556 alteri
940 3492 1373 3573 superadditur
1420 3495 1511 3564 (et
1558 3493 1763 3574 plures
1811 3494 2138 3576 superaddi
2171 3495 2366 3559 eidem
2415 3501 2676 3579 possunt
2721 3499 2902 3563 unico
2951 3502 3170 3582 operi),

712 3592 960 3674 quando
994 3592 1271 3656 diversus
1304 3596 1396 3656 est
1422 3594 1560 3657 finis
1586 3596 1899 3676 operantis
1927 3616 1962 3659 a
1987 3596 2106 3659 fine
2132 3597 2331 3678 operis
2358 3616 2483 3673 seu,
2511 3601 2585 3663 ut
2621 3599 2844 3681 melius
2869 3601 3171 3678 dicamus,

714 3695 960 3776 quando
1010 3713 1267 3776 operans
1316 3696 1580 3758 assumit
1628 3697 1938 3761 obiectum
1986 3698 2331 3763 formaliter
2363 3699 2676 3764 intentum
2709 3702 2784 3766 ad
2819 3704 3013 3767 alium
3047 3723 3176 3770 sco-

713 3816 864 3881 pum
897 3796 1364 3878 assequendum.
1400 3799 1498 3860 Ita
1530 3797 1639 3879 qui
1670 3800 1839 3862 canit
1870 3800 1933 3863 in
1967 3801 2220 3864 ecclesia
2254 3801 2329 3865 ad
2364 3803 2477 3866 Dei
2524 3804 2792 3882 laudem,
2834 3805 2938 3870 sed
2986 3807 3176 3872 simul

712 3901 852 3964 vult
884 3900 1189 3983 percipere
1232 3900 1494 3974 lucrum,
1528 3919 1652 3982 quo
1700 3904 1869 3965 emat
1914 3902 2199 3966 candelas
2247 3903 2323 3966 ad
2364 3905 2708 3970 ornandum
2741 3907 2938 3972 altare
2971 3911 3070 3973 vel
3101 3913 3176 3974 ut

711 4003 1041 4068 subveniat
1074 4003 1327 4085 pauperi
1360 4003 1625 4067 infirmo.

802 4107 961 4168 Addi
995 4108 1220 4187 potest,
1255 4107 1419 4186 quod
1469 4107 1626 4169 alter
1664 4105 1803 4169 finis
1837 4106 2146 4170 interdum
2179 4109 2522 4192 negligitur
2559 4111 2830 4176 omnino,
2866 4113 2967 4177 Ita
2993 4133 3051 4179 v.
3079 4135 3174 4200 gr.

711 4206 1108 4278 christianus,
1159 4207 1307 4270 dum
1352 4207 1520 4272 locat
1568 4209 1726 4272 telas
1774 4209 1998 4272 sericas
2030 4209 2108 4272 ad
2140 4209 2481 4275 ornandam
2512 4212 2679 4276 viam
2711 4231 2820 4297 per
2856 4234 3048 4296 quam
3078 4216 3180 4280 de-

716 4307 914 4370 fertur
958 4307 1338 4372 sollemniter
1385 4328 1463 4373 63.
1501 4308 1731 4374 Christi
1780 4309 2038 4393 Corpus,
2079 4312 2177 4375 vel
2223 4312 2492 4378 intendit
2538 4316 2601 4379 et
2632 4316 2748 4380 Dei
2784 4316 3080 4382 honorem
3113 4322 3177 4384 et

717 4410 1045 4473 honestum
1093 4411 1335 4475 lucrum
1384 4414 1478 4477 vel
1527 4433 1648 4478 non
1697 4432 1856 4491 raro,
1892 4432 2014 4477 non
2062 4433 2237 4479 secus
2284 4435 2355 4480 ac
2395 4416 2679 4496 Iudaeus,
2713 4439 2879 4485 mere
2907 4421 3181 4490 intendit

718 4512 979 4576 lucrum.
