3529 5158
1158 334 1244 373 mo
1279 332 1488 373 amum
1525 332 1572 372 s.
1614 330 1914 372 Amnonsr
1951 329 2080 369 mc.
2748 312 2855 368 679

387 450 546 514 quae
592 431 838 495 licitum
885 430 1156 495 affirmet
1201 448 1384 492 usum
1432 427 1738 511 opinionis
1787 426 2124 509 probabilis
2170 426 2234 489 in
2281 443 2581 490 concursu
2631 424 2855 507 proba-

388 533 645 597 biliosis,

479 631 768 698 Ceterum
800 633 965 715 quod
997 653 1046 697 s.
1083 634 1315 698 Doctor
1349 631 1573 696 thesim
1600 630 1757 694 hanc
1790 630 2052 694 deducat
2084 648 2154 693 ex
2187 626 2501 712 praedicto
2536 626 2856 711 principio,

389 736 555 820 quod
591 736 1065 801 fundamentum
1097 738 1192 799 est
1224 733 1582 819 systematis
1617 731 2188 815 probabilistarum‚
2224 730 2380 795 satis
2413 730 2510 793 vel
2543 749 2614 793 ex
2646 729 2858 813 paucis

390 840 486 905 his
524 841 731 921 patet:
759 862 795 897 «
819 836 977 903 Cum
1009 838 1269 902 dubium
1300 836 1566 900 vertitur
1590 834 1878 917 (inquit),
1907 854 1984 897 an
2017 833 2114 897 lex
2148 851 2361 898 casum
2395 831 2668 914 aliquem
2699 849 2859 894 com-

389 940 728 1023 prehendat
759 960 865 1004 nec
912 959 1006 1015 ne,
1041 939 1227 1003 dubia
1261 937 1469 1003 evadit
1506 938 1640 1019 ipsa
1686 936 1803 1013 lex,
1841 956 1918 1000 an
1961 936 2244 1018 respectu
2292 934 2368 998 ad
2417 953 2630 998 casum
2675 931 2858 996 illum

390 1043 554 1107 adsit
585 1043 682 1108 vel
714 1062 861 1120 non3
887 1044 1213 1127 propterea
1245 1040 1601 1116 declaratio,
1635 1039 1801 1121 quod
1835 1039 1984 1101 tunc
2026 1038 2234 1102 locum
2267 1037 2494 1100 habeat
2525 1037 2641 1113 lex,
2677 1034 2858 1099 debet

390 1148 640 1230 pariter,
674 1147 861 1229 prout
897 1145 1012 1222 lex,
1041 1164 1170 1209 esse
1206 1147 1462 1220 certa...,
1499 1144 1569 1205 ut
1602 1141 1801 1223 possit
1840 1140 2151 1225 obligare;
2179 1159 2323 1203 nam
2357 1139 2512 1202 alias
2546 1138 2747 1202 adhuc
2780 1136 2855 1199 ad

388 1250 590 1335 legem
629 1249 881 1314 dubiam
922 1248 1447 1332 adstringeremur
1485 1270 1544 1307 ».

484 1357 586 1419 74.
627 1354 743 1419 Sed
773 1356 1004 1420 iterum
1041 1352 1325 1419 sexennio
1363 1353 1507 1436 post
1537 1370 1585 1415 s.
1616 1352 1852 1415 Doctor
1887 1350 2142 1414 eandem
2174 1350 2332 1414 hanc
2363 1350 2526 1415 tanti
2558 1347 2858 1413 momenti

390 1459 816 1541 quaestionem
862 1455 1364 1540 pertractandam
1410 1453 1793 1517 existimavit
1847 1454 2034 1534 atque
2083 1453 2232 1517 adeo
2283 1453 2564 1529 alteram,
2600 1468 2858 1532 eamque

390 1560 593 1624 multo
628 1559 973 1623 uberiorem
1014 1577 1085 1622 ac
1130 1556 1685 1622 luculentissimam
1735 1554 2008 1638 Neapoli
2057 1574 2196 1619 ann.
2235 1556 2426 1618 1755.
2463 1552 2862 1619 Dissertatio-

392 1680 535 1724 nem
573 1658 782 1723 edidit.

485 1762 669 1825 Hunc
716 1762 924 1824 autem
974 1778 1103 1823 esse
1151 1759 1342 1822 etiam
1389 1758 1867 1822 Dissertationis
1906 1758 2090 1822 istius
2131 1777 2385 1841 scopum
2419 1757 2630 1822 edocet
2666 1758 2861 1842 ipsius

392 1863 661 1927 titulus:
712 1859 1097 1925 Dissertatio
1142 1859 1215 1922 dc
1262 1859 1489 1923 celebri
1534 1860 1932 1940 quaestione:
1965 1860 2078 1923 An
2125 1860 2311 1924 liceat
2357 1880 2504 1924 usus
2550 1860 2863 1939 opinionis

380 1962 735 2043 probabilis
769 1964 836 2027 in
873 1983 1177 2026 concursu
1196 1961 1671 2042 probabdz'oris.

482 2066 561 2129 Et
593 2065 821 2128 clarius
852 2064 1000 2128 ibid.
1027 2085 1086 2128 n.
1115 2065 1213 2127 3.:
1246 2089 1280 2121 «
1316 2065 1403 2129 De
1436 2066 1637 2147 prima
1671 2067 1733 2127 et
1767 2065 2039 2128 secunda
2073 2066 2379 2129 sententia
2412 2064 2735 2146 (nimirum
2770 2066 2865 2127 tu-

395 2169 784 2234 tioristarum
830 2170 968 2232 tum
1015 2166 1379 2250 rigidorum‚
1415 2170 1548 2229 tum
1598 2166 1950 2249 mitiorum)
1997 2165 2096 2230 hic
2145 2188 2270 2230 non
2317 2167 2686 2243 disserimu-
2718 2185 2864 2230 nam

396 2273 593 2355 prima
640 2289 798 2352 quae
845 2269 1072 2333 dicitur
1120 2268 1585 2332 tutioristarum
1632 2268 2001 2352 rigidorum‚
2050 2269 2176 2332 iam
2224 2270 2568 2352 proscripta
2616 2268 2736 2332 fuit
2786 2268 2863 2331 ab

395 2372 739 2439 Alexandro
788 2370 1008 2436 VIII...
1060 2371 1149 2435 De
1198 2370 1462 2434 secunda
1518 2390 1660 2435 vero
1710 2390 1907 2453 neque
1955 2372 2054 2435 hic
2102 2372 2358 2437 seorsim
2409 2372 2673 2456 agimus,
2727 2374 2862 2434 tum

398 2477 544 2558 quia
592 2475 726 2558 ipsa
772 2477 865 2539 est
911 2471 1127 2539 contra
1175 2493 1563 2539 communem
1600 2494 1848 2539 sensum
1890 2476 2020 2538 tam
2058 2476 2489 2554 recentiorum,
2531 2495 2719 2557 quam
2768 2495 2865 2539 ve-

398 2583 601 2645 terum
640 2576 1093 2662 theologorum,
1122 2579 1195 2642 ut
1226 2576 1387 2641 infra
1419 2576 1680 2660 patebit,
1723 2579 1862 2641 tum
1902 2577 2050 2660 quia
2083 2597 2154 2642 ex
2178 2577 2602 2643 confutatione
2641 2576 2864 2642 tertiae

397 2681 735 2747 sententiae
781 2680 1468 2763 (probabilior-istarum
1513 2680 1794 2764 scilicet),
1845 2700 2003 2761 quae
2059 2683 2309 2745 tantum
2371 2681 2648 2763 requirit,
2700 2677 2865 2761 quod

399 2784 604 2867 opinio
642 2783 921 2847 libertati
967 2783 1178 2847 favens
1225 2782 1309 2846 sit
1355 2781 1753 2865 probabilior,
1792 2782 2039 2847 etiamsi
2080 2784 2364 2866 opposita
2412 2783 2495 2847 sit
2545 2802 2683 2847 vere
2733 2800 2868 2864 pro-

398 2886 640 2960 babilis,
685 2904 722 2949 a
768 2885 1012 2951 fortiori
1058 2885 1323 2949 secunda
1371 2884 1694 2949 confutata
1741 2886 2150 2950 remanebit...
2205 2885 2478 2949 Tantam
2525 2887 2724 2966 iye‘tar
2770 2883 2868 2945 hic

398 2986 828 3052 disserendum
859 2986 931 3050 dc
966 2988 1151 3050 tertia
1189 2990 1249 3049 et
1292 2990 1521 3068 quarta
1552 2989 1882 3060 sententia,
1918 3008 2184 3068 quarum
2232 2989 2524 3051 ultimam
2559 2986 2870 3070 benignio-

397 3112 529 3157 rem
576 3094 637 3155 et
684 3090 1253 3156 communissimam
1302 3089 1683 3172 probandam
1732 3089 2149 3173 aggredimur,
2192 3109 2408 3171 nempe
2446 3089 2690 3152 licitum
2739 3107 2868 3149 esse

400 3194 507 3257 uti
532 3192 812 3276 opinione
844 3191 1148 3275 probabili
1182 3190 1370 3254 etiam
1404 3191 1467 3254 in
1499 3210 1801 3254 concursu
1833 3188 2265 3273 probabilioris
2304 3209 2413 3272 pro
2448 3191 2602 3274 lege,
2631 3208 2869 3272 semper

401 3315 473 3360 ac
508 3294 619 3358 illa
656 3296 893 3358 certum
932 3295 993 3357 et
1030 3313 1219 3377 grave
1252 3292 1479 3355 habeat
1511 3291 1985 3355 fundamentum
2019 3317 2079 3353 ».

493 3397 595 3461 75.
634 3395 759 3461 Ubi
788 3396 884 3460 fac
918 3395 1224 3470 advertas,
1253 3414 1361 3457 cur
1399 3415 1446 3456 s.
1475 3394 1707 3456 Doctor
1739 3393 1802 3456 in
1829 3394 1987 3457 thesi
2021 3394 2216 3468 dicat;
2244 3394 2434 3457 ettam
2469 3394 2534 3454 ίιι
2566 3411 2869 3454 concursu

388 3498 880 3579 probabilioris;
914 3497 1197 3561 videlicet
1244 3496 1364 3560 duo
1416 3499 1580 3572 sunt,
1616 3496 1688 3559 ut
1735 3494 2002 3559 diximus
2051 3516 2251 3578 super.
2288 3517 2345 3560 n.
2393 3497 2517 3574 71„
2553 3495 2867 3559 doctrinae

400 3601 746 3668 communis
792 3600 1018 3683 capita,
1059 3619 1217 3681 quae
1249 3601 1464 3662 contra
1516 3597 2048 3680 probabilioristas
2097 3599 2463 3663 vindicanda
2511 3601 2707 3675 erant,
2741 3598 2868 3661 lici-

403 3705 539 3768 tum
587 3723 801 3786 nempe
850 3721 979 3766 esse
1012 3721 1199 3765 usum
1232 3700 1537 3784 opinionis
1571 3699 1907 3782 probabilis
1941 3702 2080 3764 tum
2129 3701 2190 3763 in
2224 3720 2525 3765 concursu
2565 3700 2869 3783 opinionis

403 3827 594 3889 aeque
628 3805 983 3889 probabilis,
1021 3806 1156 3868 tum
1189 3804 1253 3867 in
1286 3821 1589 3867 concursu
1622 3801 2075 3884 probabilioris.
2112 3800 2269 3865 Cum
2303 3802 2514 3883 itaque
2548 3821 2595 3864 S.
2636 3802 2871 3864 Doctor

402 3909 571 3980 dicit,
607 3908 793 3971 ctiam
834 3908 900 3970 in
947 3927 1250 3970 concursu
1276 3902 1749 3984 probabilioris,
1792 3903 2202 3988 adsignificat,
2238 3903 2439 3966 multo
2490 3903 2691 3986 magis
2730 3902 2882 3966 hinc'

404 4011 620 4088 evinci,
654 4030 784 4075 esse
821 4009 1064 4073 licitum
1098 4028 1281 4071 usum
1333 4006 1636 4090 opinionis
1671 4004 2008 4088 probabilis
2058 4004 2120 4067 in
2154 4023 2454 4068 concursu
2506 4023 2696 4085 aeque
2739 4023 2873 4086 pro-

403 4112 651 4177 babilis.

494 4215 846 4296 Eademqne
885 4212 958 4276 de
1004 4231 1191 4275 causa
1239 4211 1301 4275 in
1350 4210 1542 4274 allato
1593 4212 1768 4274 textu
1807 4230 1856 4273 s.
1891 4209 2124 4273 Doctor
2162 4208 2494 4291 postquam
2528 4207 2718 4271 dixit:
2754 4204 2870 4286 hic,

402 4317 563 4383 idest
608 4317 671 4381 in
718 4317 832 4380 hac
882 4313 1331 4390 dissertatione,
1374 4312 1445 4375 dc
1492 4310 1762 4375 secunda
1809 4312 2139 4383 sententia,
2179 4310 2338 4374 idest
2384 4310 2634 4373 mitium
2684 4309 2871 4374 tutio-

400 4421 720 4496 ristarum,
759 4438 881 4481 econ
928 4416 1302 4488 disseritur,-
1336 4415 1581 4479 subdit:
1617 4416 1769 4497 quia
1802 4435 1879 4477 c.·c
1925 4411 2345 4492 cmzfutatione
2375 4413 2593 4475 tertiae
2625 4417 2873 4476 senten-

409 4530 551 4605 tiae,
577 4544 794 4609 nempe
826 4524 1490 4608 probabilioristarum‚
1516 4545 1556 4586 α
1585 4520 1840 4602 fortiori
1868 4520 2137 4585 secunda
2164 4519 2486 4599 confutata
2512 4519 2872 4583 remanebit.
