3529 5158
678 309 789 364 524
1075 325 1289 368 16661.
1331 326 1413 366 1v.
1451 327 1538 366 1116
1574 323 1880 367 moeurs.
1917 321 2116 365 011161·
2137 321 2191 362 ,1.
2229 319 2373 363 nun.
2409 318 2477 359 11.
2513 318 2652 359 aar.
2690 317 2755 357 11.
3002 300 3147 376 [577]

682 423 932 499 nemini,
967 423 1086 487 nisi
1118 422 1491 500 Holzmann‚
1529 441 1603 488 ea
1630 421 1870 486 venerit
1892 419 1958 484 in
1987 419 2287 483 mentem:
2322 417 2449 480 imo
2473 415 2743 479 vidimus
2774 433 2834 477 n.
2867 411 3147 497 praeced.

684 524 820 588 DD.
862 524 1160 590 adnotare
1208 525 1566 590 huiusmodi
1610 523 2114 589 circumstantias
2157 519 2370 604 potius
2412 516 2740 583 retundere
2775 514 3147 599 appetitum,

678 628 756 690 ut
799 625 1029 692 idcirco
1076 646 1201 692 non
1249 629 1548 711 appareat
1591 627 1763 692 istud
1808 625 2160 709 proximum
2204 621 2546 705 periculum
2591 619 2736 682 illas
2782 618 2977 682 6116111
3006 635 3152 682 con-

678 729 1053 811 cupiscendi.

770 829 1006 896 Eodem
1042 850 1233 916 prope
1263 835 1400 898 loco
1446 832 1728 897 habenda
1767 831 1974 915 opinio
2011 828 2209 894 Lessii
2236 827 2344 892 lib.
2379 826 2443 889 4.
2473 845 2607 908 cap.
2642 825 2704 901 3,
2738 843 2798 887 n.
2843 823 2992 887 123.
3041 822 3151 904 qui

680 934 882 1017 magis
929 935 1187 999 arrideri
1225 936 1345 1000 sibi
1376 935 1527 1000 dicit
1557 934 1932 1000 sententiam
1962 933 2038 996 de
2069 929 2450 1015 obligatione
2480 926 2716 993 fatendi
2745 927 2860 989 has
2891 926 3150 989 circum-

680 1036 984 1110 stantias;
1035 1061 1070 1095 «
1101 1038 1371 1101 mxime
1419 1038 1567 1120 quia
1611 1035 1972 1102 huiusmodi
2016 1034 2276 1117 (inquit)
2322 1030 2837 1096 delectationibus
2880 1027 3146 1092 morosis
3199 1027 3206 1032 ’

682 1135 894 1213 dediti,
928 1139 1288 1220 plerumque
1319 1139 1510 1203 etiam
1547 1139 1771 1221 optant
1802 1137 2001 1220 operis
2031 1135 2485 1201 exsecutionem
2507 1134 2572 1197 et
2593 1131 2797 1196 30111111
2831 1129 3147 1194 abstinent

686 1240 764 1303 ob
802 1241 1144 1322 periculum
1181 1242 1473 1307 infamiae
1503 1244 1603 1306 vel
1635 1242 1892 1307 alterius
1929 1239 2304 1305 incommodi
2333 1262 2394 1301 ›.

772 1342 1150 1425 Responderi
1180 1347 1421 1427 potest:
1454 1347 1518 1407 1⁰
1550 1345 1690 1409 Non
1724 1363 1956 1422 omnes,
1982 1344 2091 1425 qui
2119 1344 2365 1407 reatum
2401 1337 2830 1405 delectationis
2858 1354 3144 1401 morosae
3271 1327 3274 1330 ’

682 1444 1028 1519 incurrunt,
1060 1449 1323 1528 possunt
1353 1447 1584 1511 censeri
1615 1450 1689 1511 111
1719 1446 1917 1510 dediti
1951 1446 2117 1510 hisce
2162 1442 2709 1517 delectationibus3
2761 1439 2941 1521 atqui
2975 1443 3146 1504 16616

682 1546 848 1610 16110
878 1566 1001 1611 non
1026 1550 1362 1630 pateretur,
1390 1552 1464 1613 ut
1487 1551 1738 1633 propter
1761 1547 2002 1612 deditos
2023 1547 2241 1631 regula
2265 1545 2570 1630 generalis
2600 1543 2926 1608 statuatur
2955 1541 3144 1606 etiam

679 1668 790 1732 pro
822 1669 949 1713 non
987 1649 1233 1714 deditas.
1266 1650 1481 1733 Neque
1526 1652 1690 1715 enim
1737 1671 1810 1716 ex
1848 1669 1940 1728 eo,
1975 1649 2141 1732 quod
2186 1649 2394 1733 plures
2430 1648 2494 1712 in
2524 1646 2825 1710 ebrietate
2863 1645 3143 1709 commit-

680 1753 823 1815 tant
870 1752 995 1816 alia
1026 1755 1298 1835 peccata,
1333 1754 1557 1818 idcirco
1590 1754 1808 1838 regula
1840 1752 2172 1818 statuenda
2209 1752 2323 1829 est,
2358 1753 2432 1815 ut
2468 1750 2730 1831 quisque
2759 1766 2824 1811 se
2855 1747 3142 1823 inebriat,

677 1854 956 1919 fateatur
987 1857 1162 1919 velut
1194 1857 1248 1920 si
1278 1875 1419 1920 reus
1450 1859 1613 1921 esset
1648 1875 1866 1920 eorum
1903 1857 2317 1938 peccatorum.
2352 1855 2422 1916 2⁰
2453 1850 2711 1931 Quando
2749 1848 2950 1912 dediti
2979 1850 3145 1914 hisce

681 1956 1194 2022 delectationibus
1243 1958 1434 2022 etiam
1482 1959 1703 2041 optant
1750 1958 1951 2041 operis
2004 1956 2455 2021 exsecutionem
2500 1972 2611 2018 nec
2664 1952 2983 2017 abstinent
3025 1953 3143 2016 nisi

681 2058 760 2121 ob
807 2057 1096 2121 timorem
1142 2059 1400 2123 alterius
1445 2060 1837 2138 incommodi,
1886 2063 2038 2124 111116
2081 2059 2290 2124 dicant
2335 2055 2870 2123 citcumstantiam
2918 2055 3139 2138 0116113,

678 2159 847 2240 quod
891 2161 1139 2241 exsequi
1198 2161 1563 2226 voluerunt:
1614 2165 1681 2227 at
1725 2162 1866 2227 inde
1912 2181 2034 2227 non
2097 2161 2397 2242 sequitur,
2457 2159 2523 2224 id
2577 2159 2927 2224 faciendum
2985 2177 3133 2235 esse,

680 2261 870 2326 etiam
918 2263 1164 2344 quando
1210 2264 1368 2328 illud
1399 2264 1770 2329 desiderium
1806 2284 1930 2329 non
1969 2264 2169 2340 affuit,
2218 2264 2541 2346 propterea
2577 2260 2743 2343 quod
2781 2260 2962 2325 affuit
2997 2259 3138 2324 aliis

678 2368 934 2434 vicibus.

787 2513 907 2565 XX.
934 2515 1179 2578 Respond.
1211 2517 1259 2567 2.
1286 2513 1340 2567 Si
1378 2514 1488 2579 quis
1524 2513 1629 2567 sine
1653 2529 1818 2577 causa,
1844 2523 1894 2568 et
1935 2513 2223 2567 necessitate
2250 2512 2488 2567 actionem
2512 2519 2760 2578 exerceat,
2784 2526 2845 2565 ex
2882 2527 2980 2578 qua
3005 2513 3142 2566 intel·

682 2595 799 2661 ugit,
822 2598 1193 2652 delectationem
1222 2599 1383 2652 carnis
1409 2599 1693 2654 naturaliter
1716 2599 1955 2653 orituram
1976 2599 2140 2666 (verbi
2157 2599 2330 2665 gratia,
2349 2613 2411 2652 ex
2429 2596 2714 2653 curiositate
2740 2596 2874 2661 legit,
2895 2600 2977 2652 vel
3004 2597 3137 2653 audit

679 2681 858 2749 turpia)
882 2689 1040 2735 tamen
1066 2682 1171 2736 sine
1191 2682 1376 2736 directa
1400 2683 1668 2737 intentione
1693 2690 1743 2737 et
1770 2684 1875 2737 sine
1899 2684 2118 2751 periculo
2143 2697 2429 2748 6063663113,
2457 2689 2624 2749 peccat
2644 2682 2928 2738 venialiter:
2947 2682 2992 2736 si
3019 2698 3137 2737 vero

675 2764 854 2818 iustam
878 2780 1074 2819 causam
1100 2770 1294 2831 habeat,
1319 2767 1436 2821 nihi!
1465 2775 1649 2834 peccat.
1684 2768 1808 2822 Vide
1833 2768 1953 2822 infra
1981 2768 2029 2821 in
2056 2770 2104 2820 6.
2127 2782 2290 2833 111666.
2321 2773 2382 2821 tr.
2417 2769 2496 2820 Vl.
2525 2776 2642 2821 sect.
2671 2769 2720 2819 6.
2747 2770 2797 2822 d.
2827 2768 2878 2819 4.

768 2882 941 2957 577.
994 2888 1064 2952 Ι6
1114 2889 1312 2971 prima
1350 2890 1744 2972 responsione
1778 2910 1848 2955 66
1885 2890 2176 2955 subiectis
2223 2890 2316 2953 illi
2361 2889 2844 2954 resolutionibus
2892 2909 3138 2972 quaere-

674 2991 864 3056 batur
894 2993 1141 3074 quando
1178 2995 1242 3058 et
1264 2994 1574 3075 quomodo
1612 2994 1939 3059 delectatio
1973 3012 2220 3059 morosa
2251 2995 2336 3058 sit
2365 2995 2688 3077 peccatum
2717 2994 2781 3058 et
2808 2993 3134 3060 definitum

675 3093 818 3171 fuit,
867 3096 1031 3159 inter
1078 3096 1220 3173 alia,
1260 3096 1612 3162 mortaliter
1660 3098 1737 3161 ab
1785 3116 1855 3161 eo
1894 3097 2150 3179 peccari,
2184 3096 2294 3178 qui
2337 3097 2403 3161 111
2448 3096 2923 3162 delectationem
2955 3098 3141 3161 sensi·

675 3197 872 3263 tivam
904 3219 1014 3263 seu
1043 3200 1352 3265 carnalem
1383 3220 1455 3265 ex
1485 3202 1763 3285 cogitato
1804 3219 1984 3283 opere
2012 3199 2180 3265 malo
2214 3201 2418 3264 ortam
2455 3199 2762 3264 consentit
2792 3217 2904 3263 seu
2933 3200 3135 3282 ipsam

673 3301 843 3366 ultro
876 3303 1159 3368 admittit
1190 3323 1261 3368 ac
1290 3304 1539 3369 fruitur.

768 3405 839 3468 In
888 3405 1154 3470 secunda
1199 3407 1315 3470 hac
1360 3407 1754 3489 responsione
1799 3425 1922 3470 non
1970 3406 2181 3491 agitur
2226 3406 2301 3469 de
2346 3423 2644 3470 consensu
2690 3405 2756 3468 in
2801 3404 2990 3469 istam
3037 3406 3136 3469 de-

677 3508 1095 3585 lectationem,
1144 3510 1249 3573 sed
1294 3510 1631 3591 inquiritur
1671 3512 1737 3573 1ο
1770 3530 1848 3574 66
1895 3510 1959 3574 61
2003 3510 2290 3592 quisnam
2334 3510 2545 3575 reatus
2592 3508 2804 3574 adesse
2833 3511 3021 3591 queat
3063 3510 3129 3573 in

676 3610 957 3691 ponenda
986 3629 1194 3689 661136,
1234 3612 1298 3675 vi
1333 3613 1508 3677 cuius
1539 3612 1896 3677 huiusmodi
1927 3613 2192 3679 carnalis
2223 3612 2551 3677 delectatio
2598 3613 2933 3677 excitetur:
2959 3612 3031 3677 2⁰
3056 3612 3134 3677 ad

675 3711 825 3793 quid
848 3713 1134 3777 teneatur
1157 3714 1573 3796 quiS‚quando
1599 3714 1899 3778 eiusmodi
1924 3716 2135 3779 motus
2158 3734 2267 3779 seu
2291 3715 2618 3780 delectatio
2629 3717 2898 3781 excitata
2923 3716 3132 3782 fuerit.

765 3816 848 3879 Et
894 3816 1095 3897 quoad
1147 3817 1435 3900 primum.
1476 3816 1715 3880 Auctor
1745 3816 1965 3881 leviter
2008 3838 2138 3883 rem
2184 3818 2395 3901 tangit
2426 3837 2496 3882 66
2531 3818 2826 3883 1661016111
2860 3820 3136 3885 remittit

673 3917 753 3981 ad
797 3919 904 3983 lib.
946 3921 1007 3982 3.
1041 3921 1252 4001 (11661.
1302 3920 1412 3983 IV.
1445 3921 1518 3984 de
1569 3921 1628 3983 6.
1663 3922 1725 3984 61
1758 3922 1819 3983 9.
1861 3922 2090 4004 111666.)
2119 3940 2253 4003 6611.
2293 3922 2354 3983 2.
2394 3919 2537 3984 dub.
2581 3921 2666 3996 4.,
2713 3939 2784 3984 ex
2821 3940 2948 4002 quo
2996 3922 3131 3987 loco

682 4023 1106 4105 supplebimus
1137 4043 1228 4099 ea,
1263 4042 1422 4104 quae
1453 4023 1587 4087 heic
1618 4022 1861 4088 Auctor
1891 4024 2187 4106 supponit
2216 4024 2403 4105 atque
2434 4023 2570 4087 ideo
2602 4024 2860 4088 omittit.

761 4124 978 4205 Quoad
1025 4126 1370 4208 ponendam
1415 4126 1628 4207 itaque
1676 4126 2103 4192 delectationis
2148 4145 2259 4190 seu
2303 4128 2512 4191 motus
2565 4126 2831 4191 carnalis
2877 4147 3129 4193 causam

669 4227 892 4310 triplex
942 4228 1299 4312 hypothesis
1345 4228 1479 4293 fieri
1526 4230 1750 4311 potest.

758 4330 969 4393 Prima
1016 4330 1153 4407 erit,
1213 4330 1457 4412 quando
1504 4331 1692 4395 homo
1741 4333 2023 4414 apposite
2068 4333 2132 4396 et
2177 4331 2451 4398 studiose
2504 4331 2800 4397 eiusmodi
2852 4334 3130 4397 carnales

676 4432 888 4494 motus
928 4450 990 4494 se
1040 4431 1341 4496 industria
1388 4432 1637 4509 excitat,
1677 4453 1788 4498 seu
1833 4435 1999 4517 ipsos
2045 4433 2363 4499 intendens
2408 4453 2627 4499 causas
2672 4454 2887 4499 eorum
2930 4436 3125 4519 ponit,

670 4534 746 4595 ut
792 4532 940 4614 ipsis
987 4532 1249 4596 fruatur.
