3529 5158
722 384 831 439 566
1103 398 1313 438 macr.
1354 398 1433 437 ιν.
1472 397 1558 436 nn
1596 395 1898 437 PnccA‘rrs.
1939 395 2137 436 CAPUT
2176 395 2214 434 1.
2252 393 2395 435 nnn.
2437 392 2526 432 111.
2566 392 2710 432 Aur.
2749 391 2815 431 11.
3050 376 3193 454 [633]

811 495 876 561 Si
908 515 1052 560 vero
1086 513 1285 559 sermo
1334 495 1419 558 sit
1455 493 1527 558 de
1560 492 1905 557 voluntatis
1953 498 2099 557 actu
2130 491 2381 567 efficaci,
2417 488 2725 554 unitatem
2758 487 2856 552 vel
2886 490 3188 573 multipli-

720 598 975 663 citatem
1022 597 1256 680 peccati
1287 616 1410 661 non
1457 616 1528 659 ex
1560 596 1740 660 unico
1774 594 2119 660 voluntatis
2149 592 2432 656 interiori
2464 592 2609 655 actu
2656 591 2895 655 desumi
2933 592 3175 671 volunt,

720 701 825 765 sed
872 720 943 765 ex
975 702 1201 763 natura
1232 718 1476 780 quoque
1510 699 1685 763 actus
1733 696 2071 774 exterioris,
2104 714 2256 759 num
2301 694 2536 758 scilicet
2566 693 2748 775 plura
2786 693 2900 757 illa
2946 694 3186 759 obieeta

720 803 901 867 unico
949 802 1047 866 vel
1093 800 1373 884 pluribus
1406 801 1670 864 externis
1702 799 1945 864 actibus
1979 797 2392 882 attingantur.
2425 794 2568 859 Vid.
2603 794 2780 880 Lugo
2813 794 2891 858 de
2925 794 3180 860 Poenit.

721 904 875 988 disp.
914 904 1016 967 16.
1050 924 1109 967 n.
1147 903 1295 966 539.
1331 902 1492 967 Hinc
1537 922 1731 967 unum
1779 901 1996 983 utique
2026 902 2349 983 peccatum
2394 898 2708 981 reperiunt
2739 898 2803 961 in
2851 900 3032 963 unica
3079 899 3184 963 de-

720 1007 1042 1084 tractione,
1079 1024 1236 1087 quae
1284 1004 1519 1086 alioqui
1556 1003 1848 1088 plurium,
1890 1024 1948 1066 v.
1988 1022 2081 1087 gr.
2117 1002 2299 1066 unius
2330 1000 2605 1065 familiae
2643 1019 2753 1063 seu
2806 997 3067 1085 Collegii
3101 1002 3188 1065 fa-

721 1129 890 1173 mam
916 1109 1144 1186 laedat,
1172 1108 1350 1193 Lugo
1383 1107 1528 1172 ibid.
1565 1128 1623 1170 n.
1663 1108 1810 1170 135.
1840 1107 1953 1170 aut
1982 1107 2045 1169 in
2085 1109 2248 1184 actu,
2284 1105 2392 1187 qui
2421 1105 2485 1168 in
2516 1103 2794 1186 plurium
2825 1104 3181 1169 scandalum

719 1210 930 1285 cedat3
982 1212 1049 1274 at
1094 1229 1215 1274 non
1262 1209 1350 1273 sic
1395 1208 1696 1273 definiunt
1741 1208 1815 1272 de
1862 1207 2200 1291 proposito,
2249 1226 2371 1289 quo
2421 1207 2559 1288 quis
2606 1226 2662 1268 v.
2714 1226 2807 1290 gr.
2851 1205 2925 1269 ad
2975 1207 3180 1290 plures

720 1314 1029 1392 mulieres,
1078 1314 1191 1377 aut
1236 1311 1465 1395 pluries
1514 1312 1589 1374 ad
1638 1309 1894 1374 eandem
1941 1310 2241 1385 accedere,
2291 1310 2403 1374 aut
2447 1308 2656 1373 triduo
2702 1308 3023 1387 ieiunium,
3073 1329 3180 1373 seu

719 1414 903 1479 horas
933 1414 1257 1478 canonicas
1292 1414 1578 1477 omittere
1610 1413 1899 1477 decernit.
1936 1412 2114 1496 Lugo
2149 1411 2297 1475 ibid.
2338 1432 2396 1474 n.
2436 1410 2583 1474 546.

811 1512 987 1586 633.
1024 1516 1093 1579 5⁰
1122 1514 1299 1596 Quod
1337 1534 1480 1579 vero
1514 1515 1742 1579 attinet
1775 1515 1852 1578 ad
1898 1515 2169 1578 rationes
2201 1531 2310 1597 pro
2357 1514 2623 1593 utraque
2660 1513 2856 1593 parte,
2891 1511 3028 1595 ipsa
3061 1514 3183 1577 Au-

719 1619 963 1684 ctorum
996 1619 1132 1683 tum
1163 1618 1452 1703 gravium
1477 1617 1775 1681 dissensio
1809 1617 1963 1680 satis
1996 1616 2241 1693 evincit,
2271 1615 2638 1700 argumenta
2670 1612 2734 1675 in
2758 1613 2984 1677 neutra
3011 1618 3182 1697 parte

720 1725 952 1801 haberi,
987 1743 1144 1807 quae
1182 1743 1312 1788 rem
1350 1723 1530 1805 plane
1563 1721 1914 1787 conficiant.

806 1825 1218 1907 Frequentius
1250 1826 1345 1888 est
1378 1826 1589 1888 autem
1621 1823 1994 1889 Doctoribus
2025 1824 2089 1886 in
2127 1822 2243 1886 hac
2275 1821 2635 1904 quaestione
2668 1823 2764 1887 uti
2798 1824 3185 1907 argumentis

596 1931 599 1934 ⁴
722 1928 797 1993 ad
831 1927 1161 2003 hominem,
1199 1926 1482 1990 videlicet
1513 1925 1858 1989 adhibendo
1893 1944 2094 2002 casus,
2134 1925 2198 1988 in
2236 1924 2461 2007 quibus
2500 1942 2642 2007 pars
2684 1926 2974 2008 opposita
3007 1925 3192 1991 disce-

721 2030 861 2094 dere
906 2028 1192 2093 videatur
1231 2047 1267 2091 a
1298 2046 1411 2092 sua
1441 2028 1677 2112 regula.
1713 2026 1832 2091 Sed
1866 2028 2016 2091 haec
2049 2028 2417 2111 argumenta
2449 2028 2598 2090 sunt
2629 2046 2851 2110 parum
2901 2028 3084 2092 firma
3132 2031 3193 2093 et

719 2134 969 2216 possent
1013 2131 1172 2195 forte
1219 2131 1490 2195 evincere
1536 2130 1947 2208 solummodo,
1988 2130 2290 2211 quosdam
2337 2129 2646 2193 Auctores
2696 2150 2818 2196 non
2868 2132 3024 2195 satis
3074 2132 3191 2196 sibi

718 2235 1058 2300 cohaerere.
1088 2231 1188 2297 Sic
1219 2252 1275 2296 v.
1303 2252 1395 2317 gr.
1429 2252 1476 2295 s.
1511 2231 1830 2315 Alphonso
1864 2234 1926 2296 et
1959 2231 2097 2295 aliis
2129 2251 2272 2296 cum
2304 2231 2437 2314 ipso
2472 2232 2900 2310 sentientibus,
2928 2236 3181 2316 peecata

711 2337 1138 2420 multiplicari,
1174 2336 1418 2420 quando
1470 2336 1647 2401 unico
1697 2337 1843 2400 actu
1879 2335 2196 2399 violantur
2241 2337 2387 2398 iura
2411 2334 2722 2415 plurium,
2767 2339 2842 2402 ut
2876 2338 3185 2423 contingit

713 2461 771 2505 v,
805 2460 898 2526 gr.
930 2441 993 2503 in
1026 2440 1405 2504 detractione
1437 2440 1652 2504 contra
1696 2440 2010 2523 integram
2055 2438 2380 2514 familiam,
2417 2439 2528 2502 aut
2559 2439 2624 2503 in
2682 2439 2851 2505 furto
2883 2441 2988 2519 rei,
3022 2460 3185 2523 quae

715 2542 792 2607 ad
825 2542 1030 2625 plures
1063 2542 1347 2626 pertinet,
1377 2541 1553 2606 facile
1587 2543 1681 2606 est
1714 2540 1973 2606 obiicere
2005 2560 2148 2605 cum
2179 2540 2356 2626 Lugo
2390 2539 2544 2624 disp.
2590 2541 2692 2605 16.
2721 2562 2779 2606 11.
2812 2542 2984 2619 137.,
3013 2543 3178 2626 quod

713 2644 1017 2726 Vasquez,
1056 2645 1180 2708 dux
1227 2645 1503 2726 alioquin
1549 2644 1719 2708 illius
1758 2643 2120 2722 sententiae,
2162 2644 2479 2721 admittat,
2521 2646 2675 2709 satis
2715 2665 2845 2710 esse
2877 2647 3178 2725 confiteri,

717 2765 780 2809 se
810 2745 1087 2827 rapuisse
1119 2764 1250 2809 rem
1288 2746 1571 2823 alienam,
1606 2745 1752 2809 licet
1783 2746 1922 2810 inde
1954 2746 2249 2810 damnum
2282 2746 2563 2829 pluribus
2596 2747 2908 2812 adveniat.

807 2846 889 2910 Et
933 2847 1278 2931 urgentiori
1324 2848 1538 2911 contra
1585 2848 1741 2911 alios
1789 2868 2033 2931 quoque
2081 2848 2355 2931 exemplo
2387 2848 2591 2913 utitur
2636 2849 2814 2934 Lugo
2862 2855 3175 2936 praecepti

718 2949 992 3032 plurium
1038 2948 1443 3031 superiorum.
1485 2973 1520 3008 ‹
1553 2949 1814 3014 Probari
1850 2950 2074 3033 potest,
2124 2950 2329 3032 inquit
2365 2949 2542 3034 Lugo
2579 2951 2726 3016 ibid.
2762 2971 2823 3016 n.
2869 2954 3043 3030 139..
3078 2955 3184 3020 do-

713 3052 913 3116 ctrina
949 3052 1197 3114 nostrae
1234 3050 1535 3114 illationis
1581 3070 1654 3115 ex
1701 3052 1824 3116 alio
1857 3053 2153 3135 exemplo,
2187 3052 2351 3135 quod
2385 3052 2667 3117 admittit
2702 3054 2834 3137 ipse
2865 3054 3177 3139 Vasquez,

715 3153 879 3237 quod
913 3152 1145 3217 scilicet
1191 3154 1512 3235 peccatum
1545 3154 1798 3236 aliquod
1829 3155 2046 3218 contra
2078 3154 2199 3218 duo
2234 3157 2558 3236 praecepta
2589 3154 2858 3221 duorum
2906 3159 3177 3241 superio-

712 3265 852 3321 rum
890 3274 1011 3320 non
1042 3256 1230 3319 habet
1258 3255 1412 3319 duas
1445 3255 1758 3338 (numero)
1790 3256 2087 3334 malitias,
2122 3275 2231 3321 1100
2270 3275 2342 3320 ea
2382 3257 2854 3322 circumstantia
2902 3258 3087 3325 debet
3118 3260 3178 3324 in

714 3358 1090 3423 confessione
1123 3358 1432 3441 explicari,
1468 3359 1522 3422 si
1552 3359 1680 3422 sint
1725 3359 2052 3441 praecepta
2084 3358 2357 3421 eiusdem
2389 3358 2685 3436 rationis3
2722 3364 2992 3442 utraque
3023 3364 3185 3427 enim

717 3463 812 3523 est
855 3461 1099 3524 malitia
1144 3460 1613 3538 inobedientiae,
1648 3461 1836 3541 atque
1871 3460 2019 3525 adeo
2054 3464 2373 3543 peccatum
2406 3463 2622 3525 contra
2655 3465 3054 3546 praeceptum
3096 3465 3186 3529 di-

716 3563 929 3625 vinum
961 3563 1024 3626 et
1055 3563 1397 3627 humanum
1444 3582 1565 3628 non
1612 3563 1801 3627 habet
1848 3562 2154 3646 duplicem
2190 3561 2499 3626 malitiam
2537 3563 3052 3628 inobedientiae...
3089 3565 3181 3630 Ex

717 3683 839 3745 quo
887 3682 1034 3727 casu
1082 3664 1261 3747 argui
1316 3665 1524 3747 potest
1578 3664 1656 3728 ad
1710 3666 2014 3728 nostrum.
2064 3663 2226 3727 Nam
2280 3664 2436 3729 illud
2490 3667 2813 3747 peccatum
2867 3667 2942 3731 fit
2989 3669 3179 3732 etiam

712 3769 929 3832 contra
978 3767 1077 3829 ius
1111 3767 1435 3846 utriusque
1481 3766 1826 3845 superioris
1872 3770 1934 3829 et
1977 3765 2173 3829 laedit
2214 3768 2335 3840 ine,
2368 3765 2536 3848 quod
2562 3770 2820 3849 uterque
2865 3766 3075 3843 habet,
3114 3773 3184 3835 ut

717 3869 770 3934 ei
820 3869 1160 3946 obediatur,
1197 3888 1353 3950 quae
1386 3870 1531 3930 iura
1561 3872 1712 3931 sunt
1746 3867 1994 3932 dive-rsa
2027 3872 2213 3951 atque
2262 3869 2412 3934 adeo
2449 3869 2746 3935 damnum
2778 3871 3038 3938 illatum
3070 3874 3181 3955 (in-

715 3970 904 4054 iuria)
938 3971 1182 4035 videtur
1218 3990 1347 4035 esse
1379 3971 1710 4047 diversum,
1751 3972 1914 4035 sicut
1944 3971 2189 4053 quando
2221 3971 2491 4035 laeditur
2521 3970 2746 4055 duplex
2783 3973 2882 4038 ius
2913 3974 3179 4040 duorum

716 4075 793 4138 ad
839 4075 1071 4138 famam
1120 4074 1214 4138 vel
1248 4074 1322 4137 ad
1360 4074 1559 4138 vitam
1590 4076 1654 4137 et
1685 4075 1894 4137 tamen
1926 4074 2036 4137 illa
2066 4074 2288 4157 duplex
2334 4073 2525 4138 laesio
2575 4075 3019 4141 iurisdictionis
3059 4097 3178 4142 non

714 4178 892 4241 debet
923 4177 1209 4259 explicari
1248 4177 1311 4240 in
1343 4177 1753 4240 confessione:
1791 4193 1936 4260 ergo
1975 4195 2085 4240 nec
2115 4176 2179 4238 in
2211 4178 2425 4240 nostro
2457 4193 2607 4238 casu
2648 4201 2708 4239 ».

808 4279 904 4342 Ita
936 4278 1135 4363 Lugo,
1161 4280 1257 4342 cui
1283 4279 1429 4360 quid
1453 4279 1883 4361 respondeant,
1911 4278 2073 4361 apud
2098 4279 2402 4342 neminem
2427 4278 2582 4352 vidiz
2610 4298 2752 4343 cum
2779 4282 2990 4346 tamen
3012 4285 3175 4349 ratio

715 4380 777 4442 in
811 4380 925 4443 hoo
957 4400 1102 4445 casu
1140 4380 1434 4456 adhibita,
1470 4381 1635 4463 quod
1673 4384 1999 4464 praecepta
2030 4382 2209 4463 plura
2240 4399 2495 4445 numero
2528 4382 2633 4446 sed
2681 4402 2752 4447 ex
2800 4383 3011 4449 eodem
3059 4407 3175 4451 mo-

718 4480 838 4542 tivo
861 4480 1047 4563 (unde
1076 4502 1199 4546 non
1229 4483 1685 4566 multiplicatur
1715 4483 1946 4562 species
1983 4485 2403 4566 peccatorum)
2429 4503 2549 4551 non
2587 4485 3018 4568 multiplicant
3048 4509 3173 4554 ma·

715 4583 937 4661 litiam,
974 4585 1175 4648 valere
1222 4585 1506 4648 videatur
1539 4605 1729 4666 aeque
1768 4585 1830 4648 in
1869 4585 2006 4648 aliis
2053 4587 2316 4650 casibus.
2352 4587 2527 4652 Unde
2565 4606 2672 4651 nec
2721 4587 2963 4671 pondus
3004 4591 3169 4655 istud

713 4688 1032 4753 rationum
1070 4706 1176 4768 pro
1215 4690 1391 4769 parte
1423 4687 1679 4752 adversa
1711 4687 1994 4753 habetur.
