3529 5158
695 378 774 419 XO
1580 376 1794 419 smum
1830 373 2298 417 CHRONOLOGJCA

788 481 891 539 66.
942 478 1337 539 Auctoritas
1381 477 1553 539 nihil
1596 474 1784 536 aliud
1814 478 1920 537 est
1965 474 2098 536 nisi
2141 470 2397 534 numeri
2445 476 2516 531 et
2559 471 3004 533 materialium
3048 470 3151 532 vi-

689 567 864 629 rium
899 584 1179 629 summa.

783 655 999 716 Alloc.
1038 656 1329 714 Maxima
1375 656 1618 732 quidem
1666 659 1725 715 9.
1764 655 1945 715 Iunii
1981 656 2173 713 1862.

790 748 893 805 61.
930 746 1312 806 Fortunata
1359 745 1520 806 facti
1554 744 1889 806 iniustitia
1919 743 2179 805 nullum
2213 740 2378 802 iuris
2410 739 2756 800 sanctitati
2793 739 3151 801 detrimen—

699 838 845 893 tum
892 834 1105 894 affert.

787 922 1004 983 Alloc.
1053 922 1442 984 Iamdudum
1488 924 1799 984 ccrmimts
1848 926 1951 981 18.
2000 919 2227 983 Martii
2264 922 2456 981 1861.

791 1014 894 1070 62.
931 1013 1487 1073 Proclamandum
1535 1017 1641 1074 est
1684 1015 1754 1071 et
1800 1008 2286 1073 observandum
2336 1008 2738 1084 principium
2786 1006 2972 1082 quod
3035 1022 3150 1067 vo-

695 1105 853 1160 cant
898 1102 971 1160 de
1020 1120 1145 1162 non-
1192 1102 1563 1163 interventu.

878 1189 1097 1251 Alloc.
1137 1190 1350 1251 Novus
1395 1197 1454 1251 et
1501 1197 1646 1252 (11110
1682 1194 1787 1250 28.
1841 1188 2249 1264 Septembris
2284 1189 2477 1247 1866.

794 1279 897 1337 63.
935 1279 1288 1357 Legitimis
1312 1281 1742 1356 Principibus
1775 1279 2220 1340 obedientiam
2245 1276 2639 1345 detrectare,
2673 1275 2808 1335 imo
2841 1279 2912 1335 et
2941 1273 3152 1335 rebel·

703 1366 840 1427 lare
886 1367 1063 1428 licet.

878 1457 1093 1533 Epist.
1153 1460 1403 1534 eneylc.
1454 1459 1575 1533 Qui
1612 1458 1911 1536 pluribus
1960 1460 2019 1518 9.
2075 1454 2473 1515 Novembris
2543 1456 2737 1514 1846.
2799 1486 2880 1498 -
2931 1453 3149 1513 Α1100.

972 1546 1243 1623 Quisque
1290 1554 1563 1608 vestr-mn
1612 1552 1672 1607 4.
1724 1546 2038 1608 Octobris
2088 1546 2280 1604 1847.
2333 1576 2415 1587 —
2465 1543 2681 1618 Epist.
2728 1542 2978 1618 encycl.
3018 1540 3154 1601 No-

962 1637 1140 1697 scitis
1187 1643 1246 1696 ct
1293 1636 1633 1697 Nohl-semu,
1668 1641 1728 1697 8.
1767 1634 2153 1697 Decembris
2186 1636 2377 1694 1349.
2408 1664 2490 1679 -·-
2525 1632 2687 1693 Litt.
2722 1635 2964 1707 Apost.
2996 1630 3149 1691 Gwm

957 1725 1269 1785 catholica
1300 1728 1405 1785 26.
1448 1726 1674 1787 Martii
1726 1729 1918 1786 1860.

788 1816 891 1873 64.
926 1814 1093 1874 Tum
1126 1816 1449 1891 cuiusque
1477 1815 1878 1877 sanctissimi
1914 1814 2274 1876 iuramenti
2307 1810 2602 1887 violatio,
2635 1814 2782 1871 tum
2814 1808 3156 1886 quaelibet

699 1902 981 1962 scelesta
1014 1903 1486 1978 flagitiosaque
1534 1905 1707 1964 actio
1754 1904 2199 1979 sempiternae
2246 1901 2377 1978 legi
2424 1916 2826 1976 repugnans,
2868 1916 3004 1961 11011
3050 1916 3153 1958 so·

703 1990 839 2047 lum
874 1990 1054 2050 haud
1094 1997 1201 2051 est
1236 1993 1690 2070 improbanda,
1726 2010 1956 2053 verum
1982 1995 2180 2053 etiam
2221 1990 2490 2051 omnino
2530 1988 2715 2050 licita
2744 1989 3153 2064 summisque

701 2077 1019 2139 laudibus
1063 2081 1423 2157 efferenda,
1464 2082 1734 2155 quando
1768 2081 1837 2139 id
1871 2099 1988 2155 pro
2019 2083 2276 2156 patriae
2311 2094 2533 2140 amore
2564 2084 2824 2153 agatur.

877 2168 1093 2229 Alloc.
1135 2169 1369 2243 Quibus
1415 2171 1785 2246 quantisque
1823 2172 1929 2230 20.
1971 2170 2230 2245 Aprilis
2269 2172 2460 2229 1849.

1767 2387 1826 2464 ξ.
1878 2387 2074 2446 vm.

1284 2530 1558 2592 Errores
1603 2532 1678 2590 (le
1724 2530 2132 2592 matrimonio
2178 2529 2543 2590 christiane.

786 2695 887 2751 65.
940 2693 1141 2752 Nulla
1179 2694 1436 2753 ratione
1467 2693 1623 2753 ferri
1659 2697 1901 2771 potest,
1944 2693 2284 2753 Christum
2316 2693 2619 2753 evexisse
2650 2693 3148 2755 matrimonium

701 2780 787 2839 ad
833 2780 1235 2857 dignitatem
1287 2783 1715 2841 Sacramenti.

877 2870 1038 2930 Litt.
1076 2874 1318 2946 Apost.
1354 2873 1462 2929 Ad
1493 2871 1899 2947 Apostolieae
1935 2873 2040 2930 22.
2083 2870 2380 2946 Augusti
2417 2873 2609 2930 1851.

790 2959 894 3017 66.
922 2960 1333 3019 Matrimonii
1387 2961 1889 3020 Sacramentum
1939 2977 2073 3019 non
2120 2963 2224 3019 est
2272 2959 2398 3018 nisi
2443 2959 2605 3033 quid
2637 2960 3013 3021 contractui
3044 2977 3149 3021 ac—

694 3048 1053 3108 cessorium
1105 3050 1191 3109 ab
1237 3065 1447 3124 eoque
1496 3049 1868 3125 separabile
1937 3049 2289 3124 ipsumque
2348 3048 2850 3109 Sacramentum
2898 3050 2968 3109 in
3016 3066 3150 3110 una

696 3140 965 3199 tantum
1014 3139 1303 3215 nuptiali
1343 3139 1808 3200 benedictione
1855 3139 2059 3199 situm
2090 3142 2211 3198 est.

876 3227 1040 3288 Litt.
1076 3231 1317 3304 Apost.
1353 3230 1461 3289 Aa
1494 3229 1898 3306 ό11101110110110
1930 3231 2035 3287 22.
2071 3227 2375 3303 Augusti
2416 3229 2609 3288 1851.

787 3318 890 3376 67.
928 3319 1084 3377 11110
1134 3322 1412 3378 naturae
1458 3319 1866 3378 matrimonii
1899 3317 2242 3378 vinculum
2278 3334 2406 3375 non
2447 3321 2551 3377 est
2591 3316 3050 3378 indissolubile
3081 3322 3150 3379 et

695 3405 766 3463 in
816 3407 1022 3466 variis
1070 3407 1336 3466 casibus
1370 3408 1735 3467 divortium
1769 3407 2037 3483 proprie
2068 3407 2316 3467 dictum
2346 3405 2750 3466 auctoritate
2782 3407 2964 3468 civili
2997 3424 3149 3468 san·

693 3494 815 3554 ciri
862 3501 1102 3570 potest.

903 3584 1065 3644 Litt.
1118 3587 1358 3661 Apost.
1406 3587 1513 3644 Ad
1561 3587 1966 3662 Apostolicac
2022 3587 2125 3643 22.
2188 3585 2486 3660 August-i
2544 3586 2736 3645 1851.
2796 3618 2877 3628 -
2928 3587 3146 3648 Anco.

968 3674 1462 3732 Acerbisse‘mum
1511 3677 1615 3733 27.
1654 3673 2064 3748 Septembris
2089 3675 2281 3730 1852.

790 3765 893 3821 68.
944 3763 1243 3822 Ecclesia
1290 3780 1422 3821 non
1472 3763 1676 3822 habet
1711 3766 2110 3838 potestatem
2145 3761 2619 3836 impedimenta
2649 3763 3150 3824 matrimonium

695 3849 1081 3912 dirimentia
1127 3851 1519 3926 iiulucendi3
1573 3852 1689 3910 sed
1736 3869 1815 3911 ea
1864 3855 2158 3926 potestas
2190 3850 2378 3910 civili
2410 3854 2799 3914 auctoritati
2830 3854 3153 3931 competit

693 3956 732 3998 a
780 3958 911 4015 qua
958 3941 1435 4015 impedimenta
1480 3941 1874 4001 exsistentia
1920 3939 2216 4000 tollenda
2261 3947 2439 4000 sunt.

876 4029 1038 4088 Litt.
1078 4033 1315 4104 Δ1110111.
1346 4029 1733 4106 ,lfitltiplices
1770 4030 1930 4089 inter
1966 4035 2067 4090 10.
2107 4029 2290 4088 Iunii
2324 4033 2515 4091 1851.

786 4120 888 4175 69.
942 4118 1241 4176 Ecclesia
1288 4118 1710 4192 sequioribus
1779 4119 2019 4178 seculis
2073 4119 2456 4179 dirimentia
2516 4121 2995 4196 impedimenta
3048 4121 3151 4182 in·

691 4205 935 4265 ducere
984 4206 1220 4281 coepit,
1272 4224 1405 4265 non
1455 4207 1595 4266 iure
1643 4209 1932 4288 proprio,
1981 4209 2097 4269 sed
2144 4208 2260 4269 illo
2291 4209 2436 4268 iure
2473 4228 2612 4288 usa,
2664 4211 2845 4287 quod
2891 4229 2931 4270 a
2962 4210 3146 4271 civili

693 4298 1029 4368 potestate
1085 4301 1394 4356 mutuata
1439 4301 1600 4356 erat.

874 4383 1033 4442 Litt.
1073 4385 1313 4458 Apost.
1351 4386 1457 4444 Ad
1504 4388 1908 4463 Apostolicac
1939 4391 2043 4446 22.
2083 4389 2380 4465 Augusti
2419 4392 2610 4450 1351.

792 4473 823 4530 ‘a'
833 4479 891 4531 6.
943 4472 1320 4532 Tridentini
1371 4475 1694 4552 CanoneS‚
1743 4476 1862 4552 qui
1898 4478 2345 4538 anathematis
2392 4495 2741 4539 censuram
2798 4477 2933 4537 illis
2982 4478 3149 4539 iufe-

691 4564 854 4620 runt
900 4563 1017 4637 qui
1067 4561 1455 4624 facultatem
1492 4565 1971 4642 impedimenta
2003 4567 2383 4628 dirimentia
2414 4567 2771 4629 inducendi
2809 4567 3150 4628 Ecclesiae
