3529 5158
701 320 808 375 286
1241 332 1452 375 mmor.
1492 334 1581 374 111.
1627 334 1712 374 nn
1750 332 2034 373 0310113113.
2075 332 2271 374 CAPUT
2308 333 2348 372 1.
2387 333 2530 374 mm.
2568 332 2631 373 11.
3029 318 3170 394 [255]

703 428 931 494 habeat
955 432 1018 494 et
1054 430 1211 495 hanc
1244 432 1582 496 rubricam:
1624 456 1660 489 ‹
1704 431 1857 495 Eius
1888 431 2047 512 (3011.
2082 428 2624 514 congregationis)
2641 427 2931 509 prudens
2961 431 3169 495 incon-

700 534 942 596 stantia
985 534 1055 596 εἴη
1079 535 1213 597 suis
1245 533 1660 598 decisionibus
1689 554 1764 597 ac
1796 533 2050 596 iudiciis
2079 531 2356 611 ferendis
2386 532 2519 612 (lib.
2556 533 2617 595 3.
2657 551 2790 614 cap.
2829 534 2932 596 11.
2965 553 3026 596 0.
3066 535 3166 599 13.

705 652 838 716 cap.
873 635 933 698 3.
976 656 1034 700 n.
1063 637 1122 700 5.
1157 637 1264 701 lib.
1304 638 1405 701 11.
1442 657 1576 720 cap.
1613 637 1672 701 6.
1707 658 1767 701 n.
1805 639 1864 700 5.
1898 636 2005 700 lib.
2037 638 2140 700 12.
2167 655 2299 718 cap.
2327 637 2388 700 3.
2422 657 2482 699 0.
2518 637 2631 718 2.),
2679 655 2787 698 sen
2833 635 3167 700 recedendo

703 734 810 799 lib.
845 737 946 800 10.
979 757 1022 799 a
1059 736 1285 801 decisis
1316 738 1450 819 (lib.
1491 740 1547 803 1.
1581 759 1714 822 cap.
1744 741 1804 802 5.
1839 760 1899 802 n.
1927 738 1987 801 3.
2028 740 2177 821 610.)
2207 763 2268 800 ».

791 837 871 901 Et
899 840 975 903 ut
1007 839 1151 914 alia,
1178 860 1338 921 quae
1371 839 1576 906 afferri
1604 841 1786 905 facile
1818 843 2087 924 possent,
2122 840 2396 924 exempla
2415 841 2816 924 praeteream,
2834 841 2989 905 satis
3012 840 3168 905 illud

703 941 785 1003 sit
835 942 1000 1022 quod
1047 942 1177 1025 ipse
1226 943 1596 1007 Benedictus
1629 943 1875 1026 exhibet
1907 943 2115 1026 quoad
2160 943 2611 1008 haereticorum
2658 942 3059 1008 matrimonia
3104 942 3169 1007 10

701 1042 777 1106 113
809 1042 980 1116 10013,
1009 1043 1114 1107 ubi
1148 1045 1618 1129 promulgatum
1640 1044 1833 1109 fuerit
1855 1045 2262 1111 tridentinum
2278 1046 2594 1109 decretum
2625 1043 2697 1107 de
2729 1043 3168 1127 impedimento

700 1145 1238 1210 clandestinitatiS.

791 1248 1077 1312 Profecto
1126 1249 1497 1314 Benedictus
1535 1251 1706 1315 XIV.
1742 1250 1817 1313 dc
1844 1249 2076 1332 Synod.
2110 1250 2218 1314 lib.
2255 1251 2474 1334 6.,031).
2512 1250 2572 1313 6.
2600 1270 2657 1315 n.
2686 1250 2827 1333 IV.)
2850 1249 2924 1315 de
2971 1269 3036 1315 se
3080 1249 3169 1314 fa-

703 1349 899 1413 tetur:
947 1374 983 1408 «
1014 1349 1349 1433 Nunquam
1400 1352 1672 1434 opinioni
1711 1353 1805 1417 1111
1852 1353 2233 1435 acquiescere
2266 1353 2605 1436 potuimuS,
2640 1372 2747 1436 per
2777 1371 2968 1434 quam
2998 1371 3169 1436 prae-

704 1451 870 1516 dicta
900 1453 1301 1518 matrimonio
1334 1454 1508 1518 nulla
1532 1454 1888 1520 iudicantur
1919 1481 1981 1518 >›.
2018 1456 2274 1538 Insuper
2305 1455 2455 1519 Pius
2486 1455 2629 1519 VII.
2662 1455 2727 1519 in
2757 1455 2986 1519 litteris
3017 1454 3170 1519 Etsi

698 1551 1095 1632 fraternitati
1126 1556 1186 1620 8.
1221 1556 1504 1621 Octobris
1535 1557 1725 1620 1803.
1762 1557 1859 1621 Ad
1883 1557 2168 1641 Archiep.
2203 1557 2667 1642 Moguutinum,
2708 1555 2781 1620 de
2819 1556 3034 1622 eadem
3063 1556 3169 1622 do·

700 1657 897 1722 ctrina
953 1658 1341 1723 validitatem
1397 1659 1622 1725 horum
1681 1660 2225 1725 matrimoniorum
2280 1661 2545 1744 negante
2598 1658 2776 1723 dicit:
2834 1683 2869 1716 «
2902 1659 3164 1724 Illorum

703 1761 908 1843 opinio
941 1761 1313 1836 docentium,
1339 1762 1740 1828 matrimonia
1772 1763 2225 1827 haereticorum
2256 1781 2464 1827 coram
2494 1761 2782 1826 ministro
2817 1761 3161 1827 acatholico

698 1862 855 1927 inita
902 1863 1073 1928 nulla
1121 1883 1251 1927 esse
1298 1866 1487 1945 atque
1535 1864 1685 1929 adeo
1733 1864 1972 1928 validas
2021 1864 2149 1929 fore
2195 1863 2491 1929 secundas
2538 1883 2751 1929 eorum
2787 1865 3059 1948 nuptiaS,
3109 1864 3165 1929 si

700 1964 885 2028 modo
923 1984 1131 2029 coram
1163 1965 1468 2032 0311101100
1501 1967 1772 2049 parocho
1804 1967 2270 2043 contrahantur,
2305 1986 2413 2031 nec
2443 1967 2713 2050 undique
2746 1987 2890 2031 vera
2922 1968 3018 2033 est
3054 1986 3165 2031 060

702 2066 856 2129 33113
889 2067 1030 2132 tuta
1035 2114 1140 2131 .....
1175 2067 1237 2130 61
1275 2067 1660 2133 adversarios
1693 2088 1935 2152 semper
1964 2069 2186 2133 habuit
2223 2071 2286 2133 et
2323 2088 2577 2134 numero
2609 2070 2816 2153 plures
2853 2072 2918 2134 et
2954 2071 3166 2134 aucto-

701 2169 888 2232 ritate
934 2170 1520 2252 praestantissimos,
1561 2172 1696 2237 ideo
1747 2174 1820 2236 ut
1866 2173 1966 2235 vix
2014 2172 2286 2253 aliquem
2330 2172 2655 2237 retinuerit
2701 2172 3161 2256 probabilitatis

695 2270 964 2356 gradum
995 2298 1056 2335 ».

789 2374 868 2438 Et
905 2378 1114 2440 tamen
1161 2396 1283 2442 non
1331 2363 1520 2442 semel
1559 2380 1810 2442 tantum
1843 2379 1956 2442 aut
1988 2378 2215 2442 iterum
2245 2376 2350 2442 sed
2381 2378 2612 2461 pluries
2661 2397 2707 2442 3.
2742 2376 3157 2464 Congregatio

701 2474 962 2542 Concilii
1007 2498 1117 2561 pro
1156 2479 1382 2543 horum
1413 2480 1958 2544 matrimoniorum
1989 2479 2280 2544 nullitate
2313 2480 2684 2545 sententiam
2717 2480 2886 2558 tulit,
2920 2482 2993 2545 ut
3025 2500 3161 2564 pro-

697 2583 907 2663 pterea
954 2581 1209 2663 quidam
1255 2602 1392 2647 eam
1441 2582 1791 2665 opinionem
1838 2582 2184 2661 tenendam,
2248 2582 2443 2648 innixi
2496 2581 3011 2669 Congregationis
3057 2584 3160 2666 (ut

695 2682 1032 2764 putabant)
1057 2684 1440 2788 auctoritati,
1459 2704 1712 2766 prorsus
1736 2685 2181 2750 contenderint.
2215 2687 2302 2750 At
2324 2685 2826 2751 hallucinationis
2850 2687 3156 2752 rationem

702 2782 909 2865 prodit
955 2757 1322 2848 Benedictus
1347 2784 1540 2852 XIV..
1531 2787 1740 2867 qnod
1773 2806 1893 2851 non
1933 2788 2455 2853 consideraverint
2491 2807 2593 2853 eas
2626 2788 2960 2854 decisiones
2989 2790 3154 2854 latas

693 2885 884 2949 fuisse
921 2903 1031 2967 pro
1079 2886 1447 2968 specialibus
1485 2854 1989 2953 circumstantiis,
2017 2889 2152 2969 Qua
2176 2889 2249 2954 de
2273 2909 2338 2955 re
2361 2890 2455 2972 (10
2486 2891 2795 2956 Declarat.
2831 2911 2929 2956 an.
2962 2894 3152 2957 1741.

694 2986 856 3051 01103
902 2986 1274 3052 Hollandiae
1306 2990 1704 3055 matrimonia
1746 2991 1805 3074 ξ.
1842 2993 1938 3075 2):
1985 3017 2021 3049 «
2053 2992 2226 3057 Licet
2249 2990 2562 3057 Sanctitas
2594 3011 2705 3056 sua
2738 3011 2860 3058 000
2888 2994 3152 3078 ignoret,

700 3089 856 3154 alias
902 3090 965 3154 in
1011 3090 1260 3155 casibus
1305 3092 1678 3173 quibusdam
1692 3093 2202 3173 particularibus
2233 3099 2295 3159 et
2322 3111 2613 3159 Arraims
2650 3112 2811 3161 runc
2842 3113 3156 3163 0111031113

700 3196 1256 3277 0130011311111113),
1295 3213 1535 3260 sacram
1582 3194 2144 3281 Congregationem
2189 3195 2450 3262 Concilii
2486 3217 2596 3281 pro
2629 3217 2844 3264 eorum
2873 3199 3157 3266 invalidi·

697 3298 829 3360 tate
873 3296 1257 3379 respondisse
1295 3298 1409 3361 etc.
1447 3323 1507 3362 ».
1535 3298 1616 3363 Et
1661 3318 1878 3364 rursus
1925 3298 1999 3363 de
2047 3298 2280 3380 synod.
2314 3300 2356 3363 1.
2390 3321 2440 3365 0.
2467 3301 2575 3365 lib.
2611 3301 2671 3365 6.
2699 3321 2750 3365 0.
2786 3303 2845 3366 6.
2905 3324 2966 3368 0.
3008 3305 3097 3368 IV
3101 3327 3149 3368 .:

702 3424 734 3453 «
769 3397 1076 3475 Quoniam
1115 3401 1400 3464 anteacto
1433 3403 1711 3484 tempore
1748 3420 1870 3466 non
1902 3402 2021 3465 nisi
2053 3403 2456 3485 particularia
2503 3403 2746 3469 decreta
2790 3406 2856 3470 in
2905 3406 3023 3472 hac
3057 3408 3154 3473 vel

692 3499 804 3563 illa
848 3518 1035 3565 causa
1082 3500 1330 3566 condita
1378 3505 1574 3578 erant,
1609 3523 1768 3585 quae
1814 3525 1891 3568 ne
1922 3505 2090 3568 inter
2134 3525 2199 3570 se
2245 3505 2493 3588 quidem
2528 3506 2873 3586 conformia
2916 3530 3155 3590 semper

692 3600 953 3679 fiecrant
966 3605 1228 3681 propter
1261 3605 1624 3668 varietatem
1660 3607 2295 3686 circumstantiarum,
2331 3627 2489 3690 quae
2518 3609 2702 3675 modo
2736 3611 2798 3675 in
2846 3631 2973 3677 una
3004 3613 3153 3679 facti

692 3703 890 3786 specie
922 3702 1196 3780 aderant,
1231 3706 1414 3770 modo
1447 3706 1512 3770 in
1542 3707 1738 3771 altera
1771 3699 2276 3775 desiderabantur
2310 3738 2368 3774 ».

783 3804 1208 3872 Veruntamen
1246 3827 1389 3874 cum
1425 3828 1474 3874 s.
1500 3809 1820 3892 Alphonso
1858 3812 1900 3875 l.
1935 3831 1984 3875 c.
2021 3812 2460 3895 excipiendum.

874 3912 940 3974 1⁰
979 3908 1044 3975 Si
1075 3910 1522 3977 declarationes
1555 3932 1626 3976 ex
1658 3932 1779 3977 usu
1810 3914 1875 3977 et
1910 3933 2210 3980 consensu
2245 3915 2552 3981 Ecclesiae
2584 3936 2621 3981 a
2659 3918 2942 4001 pluribus
2975 3922 3149 3986 annis

692 4012 1067 4078 sufficienter
1113 4014 1547 4098 promulgatae
1593 4035 1700 4099 per
1747 4016 1957 4079 orbem
1995 4014 2419 4082 Christianum
2465 4018 2616 4083 sint:
2659 4021 2745 4086 sic
2784 4022 2949 4086 enim
2997 4025 3149 4089 satis

691 4115 973 4198 obligant
1019 4115 1095 4178 ad
1128 4135 1341 4181 earnm
1380 4117 1857 4183 observantiam.

873 4218 939 4280 2⁰
971 4216 1131 4283 Item
1154 4220 1208 4283 si
1232 4219 1676 4286 declarationes
1703 4242 1826 4288 non
1852 4224 2055 4288 solum
2087 4224 2387 4292 Poutifice
2412 4228 2695 4294 consulto
2728 4229 2791 4294 et
2814 4231 3148 4296 mandante

690 4320 896 4383 editae
925 4324 1092 4392 sunt,
1127 4322 1230 4385 sed
1257 4323 1449 4387 etiam
1480 4325 1730 4408 speciali
1761 4327 1894 4390 eius
1916 4327 2214 4393 mandato
2246 4329 2373 4394 sint
2405 4350 2515 4414 pro
2548 4334 2683 4397 tota
2718 4331 2993 4398 Ecclesia
3017 4352 3150 4417 pro-

695 4421 1037 4506 mulgatae,
1064 4423 1151 4486 ita
1194 4428 1266 4487 ut
1296 4426 1634 4509 praecipiat
1664 4428 1970 4505 PontifeX,
2005 4450 2107 4496 eas
2141 4432 2218 4496 ab
2251 4433 2535 4500 omnibus
2575 4435 2905 4500 observari.
