3529 5158
455 348 602 428 1229]
1271 359 1672 403 consum-rm
1707 360 2097 403 sonumose.
2809 350 2919 405 259

462 463 675 537 vicem,
710 479 789 525 an
818 460 1138 543 poenitens
1169 458 1255 522 sit
1291 456 1692 540 scrupulosus
1722 476 1937 534 necne,
1986 457 2135 539 quia
2179 455 2326 523 licet
2372 457 2455 522 sit
2501 460 2717 524 anxius
2754 459 2915 524 circa

461 565 660 649 plura,
692 562 854 628 forte
891 562 1170 627 anxietas
1204 562 1299 626 est
1328 559 1718 625 rationabilis
1757 562 1823 625 et
1852 561 2041 625 iusta.
2075 558 2193 625 Sed
2225 560 2374 624 haec
2421 580 2542 626 non
2573 564 2668 626 est
2698 562 2913 646 regula

462 666 792 753 generalis3
826 684 973 730 nam
1010 664 1158 729 sunt
1178 661 1526 746 scrupulosi
1557 662 1668 743 qui
1704 663 1923 727 statim
1953 681 2017 727 se
2048 662 2337 745 produnt.

550 768 741 833 Addit
769 766 910 831 dein
941 764 1125 832 Croix
1156 766 1243 848 (n.
1280 765 1478 847 518.),
1512 783 1636 830 non
1668 784 1800 829 esse
1835 767 1901 828 10
1931 764 2243 830 habendos
2274 768 2350 829 ut
2377 766 2790 849 scrupulosoS,
2809 766 2919 848 qui

461 870 712 937 solliciti
757 872 906 935 sunt
950 870 1077 935 imo
1122 868 1440 933 moderate
1477 867 1662 944 anxii,
1696 886 1773 931 ne
1803 868 1971 932 Dum
2016 868 2115 932 vel
2160 868 2468 935 levissime
2500 869 2810 935 offendant
2853 870 2918 934 et

462 976 569 1058 qui
605 974 825 1039 statim
856 972 1123 1056 culpam,
1157 972 1221 1035 in
1256 989 1446 1053 quam
1477 970 1821 1046 inciderint,
1855 971 2152 1053 deponere
2183 972 2395 1036 velint.

638 1079 708 1140 20
746 1077 907 1141 Item
941 1075 1084 1141 illos
1114 1074 1203 1157 (n.
1240 1074 1440 1157 519.)‚
1474 1073 1582 1155 qui
1629 1075 1771 1156 post
1816 1073 2015 1137 vitam
2059 1072 2169 1137 diu
2212 1074 2277 1138 in
2324 1074 2620 1159 gravibus
2652 1073 2917 1157 peccatis

461 1179 835 1256 traductam,
864 1178 1179 1262 anguntur
1211 1174 1449 1257 sibique
1478 1174 1647 1239 intra
1676 1174 1980 1238 mediocre
2014 1175 2257 1258 tempus
2281 1196 2340 1240 v.
2364 1196 2460 1260 gr.
2485 1194 2587 1242 sex
2611 1176 2916 1241 mensium

459 1298 780 1362 nunquam
810 1278 1100 1343 videntur
1121 1276 1495 1352 satisfacere,
1529 1276 1635 1340 sed
1658 1294 1856 1357 usque
1876 1276 2079 1361 magis
2111 1276 2390 1343 confiteri
2405 1277 2626 1342 volunt
2657 1278 2720 1342 et
2749 1295 2920 1360 prae-

461 1382 650 1448 terita
681 1381 944 1464 expiare.
986 1378 1086 1445 Ita
1122 1377 1333 1455 Croix3
1368 1378 1515 1460 quia
1546 1378 1810 1461 (inquit)
1838 1379 1991 1443 haec
2011 1397 2161 1445 cura
2183 1380 2449 1462 prudens
2481 1381 2577 1445 est
2605 1382 2669 1446 et
2712 1398 2920 1446 neces-

462 1485 626 1550 saria
675 1483 752 1547 ad
798 1481 1196 1567 recogitanda
1239 1482 1512 1565 peccata,
1561 1499 1719 1562 quae
1756 1481 2108 1554 exciderint,
2157 1484 2295 1546 tum
2332 1482 2522 1547 etiam
2570 1483 2646 1546 ad
2693 1501 2916 1566 pravos

462 1587 719 1652 affectus
750 1604 822 1649 ac
850 1582 1049 1649 malas
1080 1583 1553 1649 consuetudines
1590 1582 2003 1667 corrigendas.
2036 1583 2117 1647 Et
2162 1583 2615 1649 concedendum
2646 1586 2760 1660 est,
2794 1603 2916 1650 non

463 1709 594 1755 esse
640 1688 1055 1771 scrupulosos,
1105 1685 1441 1751 dummodo
1486 1703 1608 1750 non
1655 1684 2041 1748 intercedant
2074 1684 2234 1750 falsa
2281 1686 2510 1751 iudicia
2553 1686 2918 1769 praesertim

465 1791 630 1875 quod
668 1790 821 1855 dicit
851 1786 1703 1874 desezff’andisfflaetedbix
1726 1787 1868 1869 quis
1891 1786 2055 1851 enim
2092 1788 2462 1870 suspicatm,
2488 1788 2577 1853 ibi
2607 1807 2737 1855 esse
2759 1808 2925 1854 scru-

465 1897 722 1981 pulum?
753 1892 1050 1959 Anxietas
1080 1910 1228 1975 ergo
1259 1890 1384 1956 ista
1420 1909 1543 1956 non
1567 1891 1687 1957 erit
1717 1891 2099 1973 scrupulosa,
2135 1889 2467 1956 dummodo
2516 1892 2594 1956 ab
2630 1892 2918 1957 inanibus

462 1997 808 2064 rationibus
855 2014 977 2061 non
1009 1993 1312 2078 profluat:
1347 1992 1523 2057 utilis
1554 1993 1871 2074 praeterea
1902 2011 2031 2057 esse
2069 1993 2318 2075 poterit,
2351 1993 2407 2058 si
2443 1994 2636 2059 bonos
2667 1994 2917 2060 effectus

465 2103 750 2179 adducat,
784 2100 1030 2165 etiamsi
1060 2098 1326 2161 nimium
1370 2095 1527 2178 quid
1567 2097 1657 2159 sit
1689 2095 1855 2178 quod
1885 2093 2069 2160 Croix
2098 2095 2267 2161 dicat
2295 2099 2745 2174 necessariam3
2780 2097 2919 2179 quis

463 2207 626 2272 enim
669 2200 1083 2269 necessarium
1120 2199 1306 2277 dicat,
1341 2199 1416 2263 ut
1444 2198 1584 2282 quis
1615 2217 1724 2281 per
1753 2197 2078 2261 dimidium
2112 2198 2256 2261 anni
2287 2198 2504 2262 anxius
2534 2199 2621 2263 sit
2650 2199 2724 2263 de
2755 2218 2920 2264 scru—

464 2306 650 2374 tanda
681 2303 1101 2371 conscientia?

638 2410 709 2471 3⁰
738 2406 953 2489 Neque
998 2406 1180 2471 illum
1226 2401 1551 2468 dicendum
1596 2402 2028 2485 scrupulosum
2059 2401 2147 2483 (n.
2182 2400 2382 2486 320.),
2433 2402 2540 2485 qui
2586 2405 2727 2487 post
2758 2422 2919 2468 com·

461 2513 722 2577 missum
769 2511 1093 2594 peccatum
1140 2506 1413 2590 aliquod,
1449 2505 1627 2570 valde
1659 2506 1948 2590 angatur,
1983 2504 2247 2570 sollicite
2279 2524 2344 2571 se
2373 2506 2700 2585 examinet,
2742 2508 2917 2573 anxie

463 2615 833 2681 confiteatur
877 2612 1086 2694 sicque
1133 2630 1197 2676 se
1242 2611 1450 2692 ipsum
1494 2608 1724 2673 turbet.
1750 2607 1868 2673 Sed
1914 2610 1979 2672 et
2024 2609 2172 2674 haec
2218 2627 2368 2674 sano
2413 2609 2600 2675 modo
2637 2612 2786 2675 sunt
2830 2611 2919 2676 in·

465 2714 827 2804 telligenda:
863 2714 1009 2798 quia
1043 2714 1105 2777 et
1135 2712 1199 2777 in
1231 2710 1328 2777 his
1365 2712 1577 2777 inanes
1621 2710 1893 2776 rationes
1926 2711 2150 2775 habere
2181 2729 2366 2776 suum
2396 2712 2603 2777 locum
2633 2713 2912 2796 possunt.

637 2821 709 2882 4⁰
742 2817 1020 2900 Denique
1067 2815 1154 2898 (n.
1191 2815 1392 2899 524.),
1441 2815 1504 2878 et
1548 2812 1709 2889 illos,
1749 2813 1858 2895 qui
1904 2812 2213 2888 dubitant,
2264 2833 2341 2879 an
2388 2814 2451 2878 in
2500 2814 2616 2879 hoc
2661 2816 2759 2880 vel
2802 2814 2915 2880 illo

465 2920 867 3006 peccaverint,
899 2919 1048 3002 quia
1081 2917 1252 2983 aliud
1282 2919 1377 2982 est
1406 2915 1683 2992 dubium,
1719 2914 1891 2980 aliud
1922 2915 2268 2999 scrupulus.
2296 2916 2378 2980 Et
2407 2916 2523 2981 hoc
2547 2938 2761 2982 verum
2786 2920 2913 2996 est;

465 3044 610 3090 nam
639 3023 972 3105 scrupulus
999 3023 1096 3086 est
1124 3021 1317 3086 timor
1353 3019 1588 3102 peccati
1618 3035 1692 3082 ex
1722 3037 1883 3081 vana
1921 3017 2425 3099 apprehensione:
2458 3018 2717 3081 dubium
2750 3037 2914 3095 vero,

465 3146 541 3192 an
589 3143 818 3211 pravus
852 3125 966 3188 aut
995 3124 1218 3187 saltem
1261 3122 1468 3185 minus
1499 3121 1703 3184 rectus
1733 3119 1875 3182 finis
1924 3120 1984 3181 te
2031 3117 2109 3180 ad
2155 3116 2465 3199 agendum
2498 3117 2760 3188 duxerit,
2809 3136 2917 3180 seu

466 3250 541 3295 an
587 3230 743 3294 satis
790 3227 1143 3291 constanter
1189 3225 1478 3288 affectum
1526 3241 1583 3286 v.
1618 3239 1711 3304 gr.
1748 3218 1874 3283 odii
1903 3218 2001 3282 vel
2035 3217 2301 3281 invidiae
2348 3217 2796 3297 compresseriS,
2838 3234 2917 3279 an

463 3333 738 3419 graviter
763 3350 871 3396 seu
903 3329 1122 3395 leviter
1153 3324 1518 3414 peccaveris,
1553 3322 1758 3405 potest
1785 3320 1931 3385 oriri
1963 3340 2034 3384 ex
2066 3317 2543 3403 apprehensione
2575 3335 2695 3381 non
2727 3317 2915 3381 inani.

642 3436 712 3499 5⁰
749 3432 1027 3498 Tandem
1074 3431 1162 3513 (n.
1224 3429 1422 3512 526.),
1478 3424 1681 3501 CroiX,
1732 3424 1876 3506 post
1920 3421 2193 3487 Elizalde
2240 3423 2315 3488 ut
2360 3421 2625 3498 videtur,
2682 3439 2919 3505 semper

466 3538 705 3614 anxius,
737 3555 816 3601 ne
839 3535 978 3618 quis
1016 3533 1321 3599 habeatur
1350 3530 1427 3594 ut
1455 3525 1878 3610 scrupulosus,
1912 3525 2023 3606 qui
2050 3542 2174 3589 non
2206 3525 2290 3590 sit
2323 3524 2527 3608 reipsa
2559 3524 2725 3598 talia,
2759 3542 2922 3589 com-

467 3640 853 3726 parationem
896 3636 1050 3702 facit
1077 3636 1241 3700 inter
1269 3635 1483 3698 laxum
1520 3631 1583 3695 et
1619 3629 2072 3711 scrupulosum.
2097 3627 2384 3692 1⁰Laxus
2415 3630 2529 3702 est,
2557 3627 2661 3710 qui
2687 3627 2921 3711 spernit

470 3745 533 3808 et
553 3763 664 3829 pro
691 3742 886 3807 nihilo
917 3740 1108 3804 habet
1128 3739 1259 3814 illa,
1287 3754 1444 3819 quae
1471 3734 1578 3798 alii
1610 3732 2020 3798 communiter
2043 3731 2270 3816 putant
2300 3750 2429 3796 esse
2453 3732 2730 3814 peccata:
2758 3749 2921 3794 scru-

473 3845 730 3929 pulosus
777 3862 922 3908 vero
956 3842 1157 3919 timet,
1197 3858 1355 3922 quae
1395 3837 1503 3902 alii
1534 3855 1643 3919 pro
1692 3834 1886 3900 nihilo
1921 3834 2168 3898 habent.
2221 3834 2289 3896 2⁰
2320 3833 2525 3897 Larus
2558 3852 2678 3897 non
2727 3832 2921 3896 credit

466 3945 1007 4012 concionatoribus
1054 3959 1392 4022 eorumque
1452 3939 1909 4004 exhortationes
1966 3938 2029 4000 et
2073 3935 2570 4018 reprehensiones
2615 3933 2804 3997 habet
2847 3936 2922 3997 ut

464 4048 899 4134 exaggeratas3
957 4043 1357 4127 scrupulosus
1402 4058 1546 4104 vero
1593 4058 1703 4103 nec
1751 4037 2123 4104 confessario
2171 4055 2280 4100 nec
2336 4035 2474 4098 aliis
2526 4034 2676 4099 viris
2722 4033 2919 4098 doctis

465 4151 698 4231 factum
730 4146 1175 4212 excusantibus
1211 4145 1364 4209 satis
1398 4142 1608 4207 credit.
1644 4143 1714 4205 3⁰
1746 4140 1951 4204 Laxus
2000 4139 2320 4224 procedere
2357 4136 2516 4202 solet
2552 4135 2798 4219 proprio
2832 4137 2924 4199 iu-

469 4253 647 4330 dicio,
673 4253 766 4316 ita
792 4251 867 4314 ut
891 4249 1199 4314 neminem
1230 4243 1547 4311 consulat:
1583 4243 1983 4327 scrupulosus
2015 4260 2160 4306 vero
2187 4260 2250 4305 se
2283 4259 2566 4305 securum
2592 4258 2711 4303 non
2738 4240 2921 4322 putat

468 4357 655 4421 etiam
702 4355 767 4418 in
816 4353 999 4417 rebus
1048 4349 1393 4416 manifestis
1426 4351 1489 4413 et
1527 4349 1858 4431 postquam
1906 4363 2197 4427 responsa
2246 4344 2499 4426 accepit,
2540 4344 2767 4406 iterum
2814 4343 2923 4405 ite-

467 4477 727 4540 rumque
775 4456 1142 4540 interrogat,
1178 4452 1390 4517 volens
1438 4470 1501 4516 se
1547 4449 1748 4534 magis
1797 4468 2081 4513 securum
2128 4446 2382 4511 efficere.
2435 4448 2505 4509 4⁰
2550 4446 2755 4510 Laxus
2800 4463 2921 4510 non

467 4560 642 4625 valde
689 4560 941 4624 laborat
984 4558 1057 4622 de
1104 4556 1302 4640 specie
1351 4556 1463 4617 aut
1509 4570 1763 4616 numero
1802 4553 2193 4634 peccatorum
2225 4550 2288 4612 in
2320 4549 2695 4614 confessione
2733 4548 2924 4629 expri-
