3529 5158
678 348 783 402 188
1160 363 1371 404 macr.
1411 363 1475 402 11.
1514 362 1599 401 11111
1635 360 2051 403 CONSCIENTIA.
2090 360 2288 402 capm-
2323 360 2386 400 11.
2426 359 2568 400 nnn.
2606 359 2670 399 11.
2999 345 3144 427 [190]

770 457 925 531 190.
969 462 1039 524 Id
1086 462 1299 525 autem
1320 459 1788 523 memorandum
1816 459 1911 523 est
1934 458 2124 521 etiam
2163 456 2240 520 ob
2265 456 2352 519 3¹¹¹
2386 456 2872 538 propositionem
2896 455 3144 520 damna-

677 563 810 626 tam
837 564 914 625 ab
939 563 1297 627 Innocentio
1321 562 1432 625 XI.
1468 560 1834 625 Generatim
1856 559 2004 623 dum
2012 557 2461 639 probabilitate
2490 559 2618 621 sive
2641 559 2986 621 intrinseca
3016 559 3143 621 sive

677 665 1050 739 eoetrinseca,
1078 665 1476 746 quantamvis
1503 665 1691 737 tenui,
1707 663 1886 727 modo
1908 684 1949 726 a
1961 661 2435 742 probabilitatis
2455 660 2691 741 finibus
2714 681 2840 724 non
2863 666 3139 736 ereatar,

680 768 902 847 confi-si
935 767 1189 849 aliquid
1213 769 1479 850 aqimus,
1513 787 1752 847 semper
1769 765 2120 847 prudenter
2140 766 2404 847 aqimus.

767 871 1050 935 Fuerunt
1082 872 1188 953 qui
1227 871 1515 946 dicerent,
1555 870 1690 935 11616
1728 870 2009 933 damnari
2048 888 2231 931 usum
2266 867 2569 951 opinionis
2608 867 2944 950 probabilis
2975 867 3142 949 (vide

679 973 840 1037 Viva
875 974 937 1037 in
969 975 1086 1038 hac
1117 975 1300 1056 Prop.
1340 994 1400 1037 n.
1429 975 1488 1036 9.
1517 975 1580 1036 et
1610 970 1919 1036 Cardenas
1950 972 2013 1035 in
2054 970 2228 1034 Crisi
2260 967 2613 1051 theoloyica.
2648 972 2709 1033 4.
2743 970 2888 1034 diss
2917 990 3049 1053 cap.
3081 971 3137 1034 1.

677 1096 735 1138 n.
777 1077 806 1138 1
853 1078 916 1139 et
955 1078 1084 1160 2.):
1127 1076 1231 1141 sed
1264 1077 1365 1139 vix
1395 1075 1636 1159 indiget
1664 1075 1817 1137 haec
1854 1074 2158 1137 sententia.
2190 1072 2579 1137 refutatione.

770 1178 932 1241 Viva
982 1179 1046 1242 in
1093 1179 1253 1241 hanc
1289 1178 1472 1261 Pr0p.
1508 1198 1566 1241 n.
1607 1177 1664 1240 7.
1706 1177 1889 1240 dicit:
1937 1200 1973 1234 «
2005 1176 2252 1239 nomine
2291 1175 2595 1258 opinionis
2626 1175 2897 1238 tenuiter
2926 1176 3143 1257 proba-

679 1280 821 1344 bilis
861 1280 1033 1344 venit
1064 1281 1292 1363 opinio,
1319 1298 1477 1362 quae
1509 1279 1779 1343 tenuiter
1801 1278 2061 1341 inclinat
2083 1278 2467 1341 intellectum
2501 1277 2577 1340 ad
2610 1296 2948 1355 assensum,
2977 1278 3139 1359 quod

676 1384 1052 1466 experientia
1079 1385 1215 1467 ipsa
1253 1383 1513 1447 discerni
1546 1383 1771 1464 potest.
1799 1380 2175 1445 Huiusmodi
2214 1400 2285 1443 ex
2309 1378 2616 1444 Cardenas
2648 1380 2794 1444 diss,
2828 1381 2889 1443 4.
2918 1400 3050 1464 cap.
3078 1383 3137 1445 5.

675 1486 773 1549 est
806 1486 1012 1568 opinio
1051 1485 1274 1549 dubiae
1310 1484 1770 1568 probabilitatis
1803 1484 1867 1546 et
1895 1483 1958 1547 in
1995 1483 2339 1546 multorum
2372 1482 2678 1547 sententia
2709 1482 2899 1546 etiam
2933 1484 3139 1565 opinio

679 1588 1080 1669 probabiliter
1117 1589 1365 1650 tantum
1403 1585 1737 1670 probabilis
1772 1610 1832 1648 ».

769 1688 884 1753 Sed
923 1690 1129 1754 verius
1169 1689 1418 1753 omnino
1451 1689 1612 1752 idem
1645 1686 1954 1752 Cardenas
1986 1689 2028 1751 l.
2064 1708 2113 1751 6.
2150 1689 2395 1765 statuit,
2430 1689 2677 1753 nomine
2716 1690 3022 1772 opinionis
3054 1691 3140 1753 te-

676 1791 882 1855 nuiter
905 1792 1261 1875 probabilis,
1290 1791 1533 1873 quaein
1560 1809 1631 1854 ea
1656 1791 2075 1874 propositione
2113 1791 2297 1854 tertia
2322 1789 2674 1866 damnatur,
2702 1792 2909 1855 venire
2939 1792 3134 1869 illam,
3226 1782 3229 1785 ’

674 1914 852 1977 quae,
897 1896 1181 1976 quamvis
1227 1896 1456 1959 habeat
1501 1895 2004 1978 probabilitatem
2045 1896 2460 1977 apparentem,
2511 1895 2716 1977 plures
2764 1896 2972 1959 tamen
3020 1897 3137 1960 viri

674 1998 984 2079 sapientes
1008 1997 1299 2060 dubitant
1322 1996 1395 2060 de
1433 1998 1565 2061 eius
1599 1996 2037 2079 probabilitate
2061 1997 2158 2060 vel
2183 1996 2256 2060 de
2288 1997 2419 2060 eius
2444 1998 2882 2079 probabilitate
2913 2000 3135 2064 merito

675 2099 1020 2162 dubitatur.
1049 2098 1195 2163 Mox
1221 2099 1431 2162 autem
1456 2100 1520 2163 et
1550 2099 1751 2182 capite
1776 2100 2053 2180 sequenti
2081 2099 2370 2175 ostendit,
2397 2118 2585 2181 quam
2612 2101 2923 2165 immerito
2949 2101 3134 2166 simul

673 2201 738 2264 et
761 2200 1183 2283 imprudenter
1213 2201 1334 2263 huc
1371 2202 1693 2265 revocetur
1732 2202 1938 2283 opinio
1963 2201 2382 2281 probabiliter
2408 2202 2777 2282 probabilis.
2813 2202 2941 2267 Nec
2987 2206 3131 2285 scio,

675 2304 837 2369 unde
875 2304 1038 2368 Viva
1071 2303 1302 2367 eruerit
1338 2304 1594 2380 multOS,
1635 2322 1791 2386 quos
1828 2304 2023 2367 iactat
2062 2305 2125 2367 et
2160 2323 2426 2385 quorum
2463 2306 2713 2369 nomina
2753 2325 2873 2370 non
2911 2307 3131 2384 refert3

669 2408 819 2470 dum
858 2405 1166 2470 Cardenas
1205 2426 1315 2489 pro
1354 2426 1426 2471 ea
1464 2407 1771 2471 sententia
1808 2407 2052 2471 nonnisi
2082 2407 2236 2472 duos
2276 2408 2694 2471 obscurissimi
2725 2410 2993 2473 nominis
3033 2429 3136 2475 no-

671 2510 888 2573 minat.
934 2510 1111 2573 Dixi:
1145 2509 1613 2590 1·ηψναᾱ611ὰ>ν;
1644 2508 1891 2593 quando
1930 2511 2092 2573 enim
2124 2529 2247 2575 non
2279 2511 2431 2573 satis
2470 2511 2572 2589 sit,
2608 2511 2772 2594 quod
2804 2512 3136 2596 prudenter

669 2613 974 2694 quaedam
1015 2614 1221 2695 opinio
1245 2613 1554 2677 iudicetur
1584 2613 1939 2695 probabilis,
1982 2613 2085 2677 sed
2122 2615 2373 2696 insuper
2405 2613 2480 2676 ad
2518 2615 2838 2679 vitandam
2884 2615 3136 2681 damna-

675 2716 907 2778 tionem
932 2714 1312 2798 litigandum
1350 2715 1452 2790 sit,
1495 2734 1572 2777 an
1613 2714 1821 2796 opinio
1858 2716 2026 2779 certo
2058 2716 2155 2778 vel
2187 2716 2435 2778 tantum
2460 2716 2862 2797 probabiliter
2885 2719 2970 2782 sit
3000 2739 3136 2802 pro·

669 2818 913 2890 babilis,
955 2817 1165 2881 nullus
1205 2819 1324 2881 erit
1359 2817 1649 2902 litigandi
1681 2819 1745 2881 et
1778 2818 2129 2901 ambigendi
2166 2817 2324 2894 finis,
2359 2817 2545 2881 etiam
2586 2820 2832 2900 quando
2866 2822 3131 2905 prudens

670 2920 839 2985 videt
869 2920 1112 2983 nullum
1137 2938 1266 2985 esse
1300 2919 1651 3004 ambigendi
1679 2919 1906 2983 locum.

759 3021 1007 3087 Scilicet
1036 3021 1334 3086 iudicium
1371 3022 1686 3106 probabile
1723 3023 1818 3086 est
1847 3021 2143 3087 iudicium
2181 3021 2480 3105 prudens:
2531 3043 2672 3088 cum
2719 3043 2865 3110 ergo
2914 3026 3130 3108 proba-

668 3127 878 3191 biliter
913 3125 1149 3191 iudicas
1182 3125 1552 3190 sententiam
1590 3125 1863 3206 aliquam
1903 3143 2032 3188 esse
2063 3125 2463 3208 probabilem,
2498 3127 2625 3190 iam
2671 3127 3003 3209 prudenter
3041 3129 3130 3192 iu·

665 3230 870 3294 dicas:
907 3249 1016 3293 cur
1063 3247 1209 3313 ergo
1257 3228 1373 3292 tibi
1405 3246 1541 3291 eam
1566 3228 1739 3309 sequi
1775 3244 1899 3291 non
1930 3227 2178 3292 licebit?
2211 3225 2369 3292 Sane
2407 3229 2457 3291 si
2491 3228 2676 3292 verba
2709 3229 3130 3308 probabiliter

653 3332 983 3413 probabile
1031 3331 1320 3396 adhibeas
1367 3331 1444 3394 ad
1490 3330 1907 3395 definitionem
1952 3349 2117 3395 mere
2161 3330 2537 3395 nomina-lom
2583 3334 2647 3396 et
2690 3331 3124 3408 arbitr-amam,

669 3436 819 3500 adeo
853 3437 926 3497 ut
973 3433 1320 3517 significare
1343 3433 1497 3498 velis
1530 3433 1899 3516 opinionem,
1936 3453 2045 3516 pro
2083 3435 2260 3499 cuius
2284 3435 2722 3518 probabilitate
2758 3437 2921 3501 ratio
2948 3456 3127 3519 quae-

667 3540 836 3622 piam
878 3538 1088 3622 gravis
1138 3555 1206 3600 ac
1255 3536 1470 3614 solida,
1512 3556 1670 3619 quae
1719 3537 1797 3600 ad
1843 3537 2205 3620 prudentem
2254 3558 2571 3603 assensum
2615 3558 2863 3605 movere
2909 3542 3124 3626 possit,

665 3641 839 3705 nulla
885 3639 1148 3716 militet3
1190 3640 1322 3704 esto
1354 3639 1519 3721 quod
1558 3658 1630 3704 ea
1661 3658 1784 3704 non
1831 3640 1916 3704 sit
1960 3658 2099 3704 vere
2147 3641 2501 3722 probabilis.
2536 3641 2769 3706 Verum
2816 3643 2870 3708 si
2916 3645 3120 3724 verba,

666 3743 762 3806 uti
810 3761 920 3825 par
967 3744 1079 3818 est,
1120 3742 1294 3806 iuxta
1325 3741 1642 3825 proprium
1674 3760 1922 3804 sensum
1953 3759 2232 3824 usurpeS‚
2275 3742 2456 3807 aliter
2486 3762 2549 3808 se
2580 3762 2675 3808 res
2713 3745 2919 3810 habet.
2959 3745 3123 3809 Pro-

665 3844 966 3908 babiliter
997 3845 1160 3909 6111111
1198 3843 1432 3925 aliquid
1473 3842 1802 3919 affirmare,
1836 3843 1997 3907 idem
2044 3863 2114 3908 ex
2160 3864 2459 3909 consensu
2507 3847 2782 3911 omnium
2830 3848 3020 3926 valet,
3055 3868 3125 3912 36

663 3946 905 4029 aliquid
940 3947 1018 4011 ob
1038 3966 1291 4029 yraz⁹em
1313 3944 1695 4028 solidamque
1728 3965 1799 4009 36
1818 3944 2191 4025 prudentem
2227 3947 2532 4012 rationem
2566 3967 2850 4013 asserere.
2878 3949 3045 4036 Ergo
3072 3952 3122 4014 si

653 4048 1079 4128 probabiliter
1102 4047 1421 4130 quidpiam
1444 4047 1594 4113 dicis
1633 4049 1968 4131 proba-bile,
2009 4051 2285 4132 spectato
2318 4051 2566 4133 proprio
2591 4051 2919 4116 verborum
2942 4073 3123 4118 sensu

664 4152 935 4233 oportet,
960 4152 1036 4213 ut
1061 4150 1136 4214 ad
1160 4150 1223 4214 id
1249 4150 1684 4215 affirmandum
1703 4150 2027 4230 mardonii,
2052 4152 2238 4233 gyrari
2260 4171 2329 4216 36
2360 4151 2563 4216 solida
2593 4154 2833 4219 ratione
2857 4155 3121 4221 ducaris,

661 4254 789 4317 Abs
831 4271 896 4315 re
934 4271 1081 4336 ergo
1115 4251 1281 4334 quod
1303 4252 1743 4330 probabiliter,
1781 4253 1943 4318 idest
1970 4255 2169 4336 yram}
2198 4254 2506 4334 [medenti
2532 4275 2608 4318 ao
2642 4256 2848 4320 solida
2884 4261 3125 4326 ratione

660 4356 870 4417 motus
896 4352 1046 4416 dicis
1071 4353 1407 4436 probabile,
1433 4354 1548 4418 hoc
1573 4353 1733 4418 idem
1759 4374 2034 4441 negareS,
2048 4358 2309 4436 proprie
2334 4361 2394 4420 et
2413 4356 2606 4422 solide.
2632 4378 2761 4424 esse
2785 4361 3120 4443 probabile.

658 4455 796 4534 Qua
834 4454 907 4517 de
953 4474 1019 4518 re
1057 4456 1133 4518 ad
1181 4455 1580 4520 removendas
1627 4457 1920 4541 ambages
1967 4458 2217 4541 prodest
2261 4478 2408 4524 sane
2454 4461 2516 4525 in
2563 4463 2929 4527 memoriam
2966 4465 3121 4529 illud

657 4574 962 4632 revocare,
997 4557 1161 4639 quod
1199 4559 1341 4640 post
1371 4577 1419 4621 3.
1460 4558 1764 4622 Τ1161113111
1803 4561 1866 4623 et
1902 4561 2225 4644 plerosque
2272 4582 2481 4627 omnes
2528 4564 2664 4628 DD.
2705 4563 3118 4632 Scholasticos
