3529 5158
711 308 821 362 412
1229 319 1443 361 maor.
1481 319 1572 359 111.
1607 319 1694 359 nn
1732 318 2011 361 nmmos.
2051 318 2252 361 onpu‘r
2288 321 2368 363 1v.
2407 321 2548 362 mm.
2588 321 2667 362 iv.
3033 306 3176 381 [425]

712 422 1098 487 consectaria
1146 418 1602 503 quodammodo
1636 418 1883 503 affingit
1928 419 2207 501 patronis
2239 418 2580 483 sententiae
2610 417 2979 497 contrariae,
3030 419 3173 484 dum

713 524 824 589 isti
870 523 1022 607 (vid.
1072 522 1293 587 Sanch.
1342 540 1477 605 sup.
1527 542 1585 584 n.
1635 521 1819 603 304.)
1866 520 2222 604 oppositum
2251 520 2484 599 dicunt,
2518 520 2848 604 diligenter
2878 540 3093 587 casum
3137 542 3173 586 a

710 644 866 689 casu
899 625 1378 709 distinguentes.
1427 624 1700 688 Basilius
1745 623 2009 688 Pontius
2056 622 2129 685 de
2170 622 2337 685 Mat.
2370 623 2413 687 1.
2447 626 2509 687 4.
2543 642 2595 687 0.
2627 624 2729 686 14.
2765 644 2823 687 11.
2858 625 3177 689 transscri-

713 730 840 813 psit
873 727 1070 793 Salas.

805 832 1027 897 Potius
1055 830 1281 897 Suarez
1307 831 1570 896 dicerem
1593 829 1889 894 inclinare
1912 828 1973 893 in
2001 829 2350 913 oppositam
2382 828 2755 893 sententiam
2778 829 2954 912 (licet
2976 831 3173 914 reipsa

711 953 834 999 non
884 936 1079 1018 ponat
1122 934 1550 1017 quaestionem
1597 932 1670 997 de
1716 932 2173 1015 dispensatione
2203 950 2488 996 concessa
2535 932 2603 994 in
2634 930 2822 995 dubio
2855 932 2930 995 de
2953 952 3173 997 causae

709 1036 1149 1121 sufficientia),
1183 1036 1429 1119 quando
1468 1035 1543 1098 de
1592 1035 1740 1099 Voto
1771 1035 1878 1098 lib.
1915 1035 1975 1098 6.
2010 1053 2141 1118 cap.
2188 1035 2287 1097 17.
2324 1055 2383 1098 n.
2419 1035 2523 1098 20.
2558 1034 2710 1099 haec
2739 1035 2958 1100 scribit
2988 1036 3061 1100 de
3090 1037 3174 1100 di-

709 1140 1113 1222 spensatione
1143 1140 1205 1203 in
1240 1140 1421 1204 voto:
1470 1162 1505 1196 ‹
1538 1137 1602 1201 Si
1634 1137 1883 1201 subdito
1915 1156 2035 1201 non
2069 1137 2309 1200 constet
2339 1136 2412 1200 de
2443 1137 2900 1217 insufficientia
2930 1157 3169 1212 causae,

710 1261 946 1319 censeo,
1005 1261 1183 1325 posse
1230 1242 1360 1305 sine
1407 1240 1694 1323 scrupulo
1741 1239 1840 1303 uti
1871 1239 2325 1322 dispensatione
2371 1240 2621 1321 propter
2649 1239 2958 1304 rationem
2989 1259 3173 1324 supra

711 1344 947 1423 datam,
989 1344 1150 1427 quod
1179 1345 1388 1428 potest
1410 1344 1475 1407 et
1497 1343 1675 1407 debet
1706 1360 2096 1425 praesumere
2119 1359 2230 1424 pro
2263 1341 2569 1423 praelato:
2605 1342 2659 1405 si
2690 1342 2904 1406 autem
2934 1346 3175 1408 constet

712 1445 790 1509 de
825 1447 1285 1528 insufficientia
1329 1465 1553 1510 causae
1599 1464 1710 1528 pro
1742 1443 2197 1527 dispensatione
2233 1444 2296 1506 et
2342 1443 2416 1507 de
2461 1441 2834 1508 sufficientia
2868 1463 2983 1526 pro
3015 1464 3175 1510 com-

713 1550 1087 1627 mutatione,
1147 1569 1324 1632 posse
1369 1567 1441 1612 ex
1487 1548 1552 1611 vi
1613 1547 1758 1611 talis
1806 1546 2281 1629 dispensationis
2327 1546 2425 1609 uti
2470 1545 2759 1628 prudenti
2806 1547 3067 1612 arbitrio
3113 1550 3174 1613 et

711 1653 1272 1716 commutationem
1303 1652 1500 1716 facere
1532 1650 1595 1714 in
1631 1650 1871 1725 11111111ος
1901 1649 2047 1731 quia
2085 1649 2308 1712 saltem
2333 1648 2409 1711 ad
2439 1649 2605 1712 hunc
2635 1649 2921 1713 effectum
2944 1652 3175 1734 poterit

711 1771 843 1818 esse
875 1753 1088 1817 valida
1136 1753 1246 1817 illa
1294 1752 1671 1836 dispensatio
1697 1778 1758 1814 ».
1798 1751 1981 1815 Prius
2021 1754 2232 1815 autem
2261 1771 2321 1815 n.
2363 1752 2423 1814 6.
2458 1751 2812 1834 scripserat:
2854 1775 2891 1811 <c
2921 1750 2989 1817 Si
3036 1753 3174 1836 quis

712 1854 879 1919 bona
911 1855 1031 1920 fide
1064 1856 1357 1938 procedat
1402 1856 1466 1919 01
1494 1873 1746 1919 causam
1785 1873 1997 1918 veram
2026 1856 2352 1936 proponat,
2385 1873 2574 1935 quam
2605 1854 3018 1919 sufficientem
3048 1857 3175 1939 ipse

713 1956 1053 2035 existimat,
1094 1958 1394 2022 iudicium
1425 1957 1557 2022 eius
1590 1956 1869 2041 praelato
1903 1956 2319 2038 relinquendo,
2355 1957 2511 2020 tunc
2534 1975 2741 2022 secure
2773 1959 3055 2039 procedit
3088 1960 3176 2024 iu-

715 2058 947 2124 dicium
991 2060 1250 2143 praelati
1292 2060 1619 2143 sequendo,
1660 2078 1770 2143 pro
1801 2078 1924 2141 quo
1963 2078 2200 2141 semper
2229 2078 2615 2141 praesumere
2652 2060 2832 2124 debet
2863 2085 2925 2125 ».

801 2158 983 2233 425.
1018 2160 1235 2243 Quoad
1284 2166 1345 2228 2.
1384 2165 1623 2246 partem
1671 2162 2110 2239 Resolutionis,
2151 2180 2200 2224 0.
2234 2161 2591 2243 Alphonsus
2621 2165 2837 2227 contra
2868 2165 3170 2246 quosdam

710 2266 820 2348 qui
851 2266 1185 2350 negabant,
1220 2265 1282 2329 id
1327 2266 1552 2342 valere,
1601 2265 1654 2328 si
1686 2264 1777 2328 010
1804 2263 2115 2346 dispenset
2137 2262 2406 2341 inferior,
2447 2264 2661 2328 scribit
2690 2264 2798 2329 lib.
2838 2266 2896 2329 1.
2931 2287 2994 2330 n.
3028 2268 3168 2331 181.

716 2392 752 2425 «
785 2366 1062 2432 Secunda
1109 2367 1415 2433 sententia
1459 2365 1838 2450 probabilior
1873 2367 1937 2429 et
1981 2366 2367 2430 communior
2411 2366 2580 2443 dicit,
2628 2368 2794 2449 quod
2840 2370 3172 2434 exsistente

707 2488 916 2547 causa,
953 2470 1160 2534 valeat
1205 2469 1581 2551 dispensatio
1621 2470 1684 2532 et
1714 2468 2105 2550 dispensatus
2149 2468 2319 2532 licite
2351 2471 2570 2533 utatur
2614 2469 2743 2546 illa,
2796 2490 2831 2535 a
2877 2490 3172 2553 quocum-

708 2593 829 2656 que
877 2574 1191 2657 superiore
1237 2573 1349 2636 illa
1397 2573 1480 2636 sit
1523 2572 1821 2654 impensa.
1872 2570 2081 2648 Ratio,
2122 2573 2270 2653 quia
2306 2571 2481 2636 valor
2526 2571 3008 2656 dispensationis
3052 2595 3171 2641 non

708 2676 933 2758 pendet
965 2696 1000 2739 a
1033 2676 1385 2760 cognitione
1415 2693 1655 2752 causae,
1683 2673 1789 2737 sed
1821 2673 1899 2737 ab
1931 2674 2289 2739 exsistentia
2320 2675 2518 2740 illius:
2544 2676 2707 2740 sicut
2744 2677 2915 2741 valet
2952 2678 3168 2743 electio

705 2778 950 2860 capacis
997 2777 1076 2841 ad
1129 2776 1510 2854 beneficium,
1565 2776 1711 2840 licet
1746 2776 2058 2858 capacitas
2110 2777 2434 2862 ignoretur
2477 2777 2556 2841 ab
2600 2778 2862 2843 electore
2903 2799 2978 2844 ex
3039 2800 3166 2865 cap.

706 2877 914 2943 Nihil.
941 2881 1046 2943 44.
1074 2879 1148 2943 de
1172 2878 1514 2943 Electione.

817 3025 944 3080 XCl.
981 3024 1026 3077 4.
1057 3027 1105 3077 ln
1132 3023 1281 3077 dubio
1319 3025 1380 3077 dc
1406 3026 1574 3075 valore
1600 3020 1993 3088 dispensationis,
2022 3021 2231 3075 validam
2259 3021 2464 3087 censeri,
2496 3039 2555 3077 eo
2594 3027 2723 3089 quod
2752 3036 3099 3091 praesumatur
3122 3028 3169 3081 in

707 3113 924 3163 favorem
951 3116 1104 3171 001110,
1131 3124 1190 3162 110
1216 3114 1399 3175 pereat,
1428 3106 1679 3174 probabile
1702 3113 1842 3173 putat
1868 3109 2042 3160 Sanch.
2070 3115 2162 3160 010.
2189 3122 2299 3161 011111
2331 3108 2467 3162 Dian.
2497 3125 2543 3176 p.
2569 3110 2617 3162 3.
2641 3117 2673 3163 t.
2698 3112 2743 3162 6.
2769 3126 2808 3164 r.
2832 3113 2882 3163 9.
2907 3127 2956 3179 p.
2984 3113 3029 3166 4.
3060 3121 3094 3167 t.
3122 3115 3167 3167 3.

707 3211 748 3248 r.
777 3197 862 3250 45.
888 3197 973 3249 64.
1003 3212 1049 3263 p.
1077 3198 1126 3248 8.
1156 3202 1189 3248 ῑ.
1218 3197 1266 3248 3.
1295 3209 1334 3247 r.
1362 3195 1446 3247 62.
1476 3200 1642 3247 contra
1672 3195 1784 3246 Mol.
1810 3199 1905 3246 etc.

794 3302 974 3376 426.
996 3307 1086 3370 Βο
1117 3306 1232 3369 hac
1256 3323 1319 3369 re
1345 3324 1393 3368 0.
1421 3304 1717 3386 Alphons.
1753 3304 1859 3366 lib.
1882 3304 1942 3366 3.
1962 3324 2021 3366 n.
2048 3304 2195 3366 251.
2223 3307 2554 3386 postquam
2579 3307 2901 3389 negaverit
2934 3308 3170 3392 dispen-

706 3409 1014 3473 sationem
1045 3407 1268 3484 valere‚
1296 3426 1437 3470 cum
1460 3407 1620 3470 bona
1654 3405 1770 3469 fide
1808 3405 2170 3469 credebatur
2200 3405 2410 3470 adesse
2440 3407 2607 3470 iusta
2638 3426 2846 3486 causa,
2875 3409 2930 3473 si
2956 3413 3169 3493 postea

704 3510 869 3574 certe
901 3509 1317 3590 comperiatur
1345 3527 1468 3571 non
1494 3507 1761 3572 adfuisse
1787 3526 2041 3571 causam
2063 3508 2159 3570 vel
2192 3527 2313 3571 non
2338 3508 2746 3574 sufficientem
2778 3509 2853 3574 cf.
2896 3533 2956 3576 n.
2994 3515 3166 3593 311.;

706 3608 945 3676 subdit:
988 3634 1021 3666 «
1071 3612 1245 3673 secus
1279 3610 1490 3673 autem
1516 3610 1839 3674 dicendum
1871 3611 2026 3692 puto
2059 3611 2147 3692 (h.
2183 3629 2233 3674 e.
2275 3609 2795 3694 dispensationem
2820 3615 3077 3700 valere),
3118 3617 3170 3682 si

710 3711 969 3776 dubium
1016 3712 1117 3791 sit,
1150 3732 1238 3775 an
1267 3710 1548 3790 adfuerit
1580 3732 1771 3775 causa
1816 3710 1912 3775 vel
1956 3732 2043 3775 an
2088 3713 2444 3793 sufficiens;
2490 3715 2628 3778 tum
2674 3716 2821 3797 quia
2867 3717 2933 3781 in
2982 3718 3169 3784 dubio

703 3818 854 3879 tunc
886 3816 1016 3879 stat
1040 3834 1148 3897 pro
1176 3815 1385 3879 valore
1415 3814 1892 3898 dispensationis
1925 3816 2061 3878 tum
2085 3817 2231 3897 quia
2257 3818 2439 3900 urget
2468 3816 2569 3880 hic
2598 3817 2782 3895 ratio,
2810 3820 2977 3901 quod
3009 3823 3172 3886 esset

699 3939 796 3983 res
842 3919 1028 3983 nimis
1059 3918 1363 4000 scrupulis
1396 3917 1676 3993 obnoxia,
1711 3917 1764 3980 si
1803 3916 2082 3981 homines
2115 3918 2255 4000 post
2294 3917 2613 3982 obtentam
2644 3918 3169 4002 dispensationem

703 4024 1021 4105 inquirere
1057 4026 1413 4086 tenerentur
1442 4021 1515 4085 de
1553 4020 1684 4085 eius
1734 4021 1942 4084 valore
1990 4023 2052 4084 01
2098 4040 2238 4085 011111
2285 4023 2402 4085 1100
2448 4021 2798 4104 fiequenter
2844 4025 3167 4100 accideret,

701 4127 850 4191 bene
883 4129 1032 4191 tunc
1078 4124 1493 4209 praesumitur
1525 4125 1692 4188 Deus
1751 4124 1956 4186 ratam
2013 4124 2236 4188 habere
2290 4123 2809 4206 dispensationem
2857 4126 3036 4192 illam
3094 4128 3168 4192 ad

707 4229 1116 4294 conscientias
1150 4227 1454 4310 pacandas
1487 4228 1549 4289 01
1581 4226 1656 4289 ad
1689 4227 1923 4290 rectam
1947 4226 2478 4310 gubernationem.

792 4331 864 4393 In
914 4330 1146 4410 quibus
1178 4330 1379 4393 verbis
1413 4327 1647 4410 aliquid
1695 4329 1980 4406 occurrit,
2015 4329 2180 4410 quod
2228 4330 2305 4393 ob
2351 4349 2529 4393 suam
2566 4330 3020 4414 benignitatem
3068 4334 3169 4397 vix

711 4430 1173 4494 admittendum
1219 4429 1410 4493 videri
1456 4429 1702 4493 cuidam
1750 4431 2000 4512 poterit.
2053 4430 2218 4495 Nam
2264 4432 2704 4496 resolutionem
2765 4434 3043 4500 extendit
3090 4434 3166 4499 ad

705 4532 1018 4616 duplicem
1050 4551 1284 4609 casum,
1325 4551 1446 4613 quo
1478 4531 1804 4597 dubitatur
1835 4532 1964 4596 scil.
2009 4534 2072 4596 1⁰
2112 4553 2189 4597 an
2222 4554 2407 4599 causa
2442 4534 2726 4613 adfuerit,
2763 4538 2832 4600 2ο
2865 4557 2942 4602 an
2978 4538 3165 4603 fuerit
