3529 5158
749 292 858 347 432
1251 303 1466 345 macr.
1504 304 1594 344 111.
1634 302 1719 342 mn
1754 302 2035 344 memus.
2074 301 2273 345 caru-1·
2311 303 2394 344 lv.
2430 302 2574 344 nun.
2614 302 2696 343 ιν.
3076 288 3227 363 [450]

752 404 1108 487 dispensans
1140 403 1470 467 moveatur
1503 400 1580 464 ad
1611 399 2089 483 dispensandum
2113 400 2179 463 in
2203 399 2483 482 praefato
2509 401 2678 477 voto,
2713 401 2859 482 quia
2897 400 3021 484 ipsi
3044 421 3103 464 v.
3124 422 3217 486 gr.

751 506 909 570 falso
946 504 1478 588 repraesentatum
1515 503 1657 581 fuit,
1694 503 2146 585 supplicantem
2193 521 2323 567 esse
2355 503 2560 568 virum
2606 502 2895 579 doctum;
2936 505 3090 568 tunc
3135 504 3222 568 di-

752 607 1062 691 spensatio
1110 607 1493 671 subsisteret.
1529 605 1717 670 Ratio
1750 605 1864 681 est,
1905 605 2053 687 quia
2085 606 2371 687 quamvis
2418 605 2548 670 sine
2595 605 2711 669 tali
2757 625 2947 670 causa
2977 606 3222 672 motiva

752 709 1089 773 extrinseca
1133 726 1258 773 non
1305 709 1526 772 fuisset
1556 726 1843 773 concessa
1879 707 2277 790 dispensatio,
2312 707 2515 771 adhuc
2544 708 2755 773 tamen
2784 707 2898 772 illa
2928 727 3054 773 non
3087 709 3225 772 erat

750 811 1094 875 necessaria
1127 811 1203 874 ad
1240 810 1782 893 dispensationem,
1818 809 1923 874 sed
1955 809 2344 875 solummodo
2391 809 2559 892 quod
2604 829 2821 875 verum
2853 811 3037 886 esset,
3079 830 3224 875 eum

751 931 874 978 non
921 931 1099 996 posse
1145 932 1209 978 se
1241 913 1572 978 continere.
1609 913 1778 976 Dum
1816 931 1964 997 ergo
1996 911 2354 995 dispensans
2385 912 2593 977 voluit
2629 931 2986 977 succurrere
3022 932 3226 978 neces

751 1016 960 1080 sitatis
991 1017 1418 1099 supplicantis,
1454 1015 1608 1079 satis
1654 1015 2031 1099 intelligitur
2083 1015 2462 1097 dispensatio
2515 1015 2892 1091 voluntaria,
2932 1017 3223 1097 quamvis

750 1118 1080 1195 motivum,
1115 1136 1239 1200 quo
1271 1118 1448 1183 illam
1480 1118 1799 1194 concessit,
1840 1135 1961 1182 non
2008 1110 2391 1182 subsisteret.
2426 1116 2634 1182 Multo
2679 1117 2887 1203 magis
2932 1119 3224 1183 subsistit

752 1219 1150 1302 dispensatio,
1191 1220 1310 1284 etsi
1354 1220 1516 1285 falsa
1554 1221 1638 1284 sit
1674 1238 1864 1285 causa
1896 1220 2251 1302 impulsiva,
2292 1239 2364 1284 ea
2389 1220 2519 1284 scil.
2561 1238 2721 1301 quae
2753 1218 3101 1284 extrinseca
3129 1222 3228 1285 est

751 1323 1051 1387 materiae
1097 1324 1161 1388 et
1207 1324 1410 1388 solum
1457 1323 1725 1387 deservit
1762 1322 1842 1386 ad
1887 1322 2407 1406 dispensationem
2443 1322 2691 1387 facilius
2724 1322 3128 1388 obtinendam
3160 1348 3222 1387 ».

754 1422 870 1488 Sed
916 1425 1175 1508 reliqua,
1211 1426 1319 1490 ubi
1355 1426 1428 1490 de
1467 1425 1923 1508 dispensatione
1954 1426 2020 1489 in
2055 1425 2513 1508 impedimentis
2548 1425 2956 1489 matrimonii.

842 1522 1023 1598 450.
1059 1526 1349 1592 Ceterum
1380 1528 1454 1591 ut
1479 1528 1555 1591 ad
1579 1547 1709 1591 rem
1732 1528 2138 1604 revertamur,
2165 1526 2329 1609 quod
2360 1546 2550 1592 causa
2578 1527 2918 1610 impulsiva
2941 1530 3226 1592 cessante

754 1649 875 1695 non
913 1632 1110 1695 cesset
1140 1631 1538 1713 dispensatio,
1578 1649 1675 1695 res
1707 1649 1815 1713 per
1852 1649 1915 1694 se
1961 1630 2177 1712 liquet.
2221 1630 2431 1707 Ratio,
2474 1630 2624 1712 quia
2669 1630 3053 1713 dispensatio
3102 1649 3225 1695 non

753 1731 1143 1815 impulsivae‚
1178 1733 1283 1798 sed
1312 1732 1487 1797 finali
1511 1751 1733 1797 causae
1766 1732 2078 1797 innititur.
2110 1732 2248 1797 Hoc
2278 1732 2343 1796 et
2376 1732 2617 1797 Auctor
2645 1731 2836 1796 habet
2864 1751 3130 1797 numero
3157 1734 3224 1795 1⁰

754 1834 1211 1918 Responsionis

842 1937 981 2002 Hoc
1012 1939 1222 2002 autem
1248 1957 1295 2002 s.
1331 1936 1515 2021 Alph.
1543 1959 1601 2001 n.
1634 1938 1782 2001 196.
1810 1937 2082 2005 extendit
2129 1937 2206 2001 ad
2252 1937 2659 2003 cessationem
2690 1956 2916 2002 causae
2946 1937 3225 2003 motivae

755 2059 826 2104 ex
872 2042 1048 2122 parte
1108 2041 1181 2103 ut
1237 2039 1427 2104 habet
1472 2042 1536 2105 et
1582 2042 1802 2105 auctor
1847 2061 1905 2104 n.
1943 2043 2011 2117 23
2069 2065 2104 2099 «
2151 2038 2337 2104 Secus
2383 2041 2596 2104 autem
2641 2041 2801 2123 (scil.
2848 2060 2976 2106 non
3024 2043 3228 2107 cessat

753 2142 1178 2227 dispensatio),
1213 2142 1267 2206 si
1313 2144 1516 2208 cessat
1560 2162 1748 2208 causa
1793 2142 2131 2225 impulsiva
2164 2143 2277 2206 aut
2306 2144 2507 2207 cessat
2535 2144 2795 2222 motiva,
2836 2143 2943 2208 sed
2974 2164 3105 2209 non
3136 2145 3227 2208 to-

752 2244 997 2322 taliter;
1059 2265 1205 2310 nam
1256 2245 1310 2311 si
1357 2246 1596 2328 aliquid
1640 2246 1826 2310 istius
1873 2245 2182 2329 perduret,
2228 2244 2429 2309 adhuc
2476 2245 2770 2328 perdurat
2815 2245 3221 2329 dispensatio,

750 2350 826 2411 ut
853 2348 1144 2413 Busemb.
1183 2370 1244 2413 n.
1276 2351 1344 2413 2⁰
1371 2369 1514 2414 cum
1547 2347 1907 2413 Salmantic.
1943 2348 2031 2412 At
2062 2347 2116 2412 si
2161 2347 2420 2412 dubium
2467 2348 2569 2425 sit,
2597 2367 2676 2412 an
2708 2347 3000 2412 totaliter
3030 2367 3224 2413 cessa-

752 2452 930 2528 verit,
971 2453 1262 2517 standum
1295 2455 1391 2517 est
1413 2472 1524 2535 pro
1557 2451 2032 2534 dispensatione,
2066 2469 2226 2533 quae
2249 2450 2540 2533 possidet.
2575 2448 2765 2516 Salm.
2792 2469 2929 2534 cap.
2958 2452 2998 2515 5
3026 2471 3090 2516 n.
3119 2452 3220 2516 55.

751 2553 893 2618 Vid.
926 2554 1033 2618 lib.
1076 2555 1135 2617 6.
1177 2575 1235 2618 n.
1275 2554 1465 2618 1133.
1508 2552 1657 2636 (quo
1704 2554 1841 2620 loco
1888 2554 2162 2618 inculcat
2206 2552 2596 2636 principium,
2642 2554 2707 2617 in
2756 2553 3074 2619 similibus
3120 2553 3223 2618 du-

750 2657 868 2721 biis
915 2657 1187 2721 validam
1235 2675 1366 2720 esse
1411 2656 1773 2720 censendam
1821 2656 2368 2739 dispensationem
2408 2655 2557 2738 quia
2590 2657 2657 2720 in
2703 2656 2891 2722 dubio
2925 2658 3222 2722 standum

752 2759 848 2822 est
892 2778 1002 2841 pro
1048 2758 1375 2822 validitate
1423 2760 1600 2823 actus
1646 2760 1711 2823 et
1756 2759 1992 2844 allegat
2043 2757 2331 2838 Sanchez,
2379 2760 2695 2838 Pontium,
2742 2759 3037 2838 Palaum,
3088 2759 3220 2825 Sal-

749 2860 1035 2945 mantic.)
1059 2886 1120 2924 ».

839 2965 895 3028 A
939 2963 1185 3030 fortiori
1230 2965 1401 3029 valet
1437 2964 1835 3047 dispensatio,
1863 2965 1914 3027 si
1945 2965 2210 3028 materia
2256 2982 2537 3047 expressa
2585 2965 2775 3029 aliam
2806 2965 3096 3031 includit.
3124 2967 3219 3031 Ita

750 3088 806 3132 v.
841 3088 935 3152 gr.
970 3067 1346 3151 dispensatio
1385 3068 1449 3131 in
1497 3067 1685 3132 tertio
1725 3067 1926 3153 gradu
1970 3066 2236 3131 includit
2282 3067 2578 3148 quartum
2615 3066 2711 3150 (a)
2734 3067 2800 3131 et
2837 3068 3218 3152 dispensatio

751 3189 787 3234 a
833 3172 982 3235 voto
1030 3170 1215 3236 dandi
1257 3172 1402 3234 100.
1439 3170 1704 3235 includit
1741 3169 2263 3252 dispensationem
2296 3187 2405 3252 pro
2445 3171 2550 3234 50.

836 3269 996 3345 451.
1031 3275 1270 3339 Auctor
1306 3273 1394 3355 (n.
1431 3275 1530 3358 3⁰)
1568 3273 1818 3351 statuit,
1859 3273 2052 3355 quod;
2087 3296 2123 3330 «
2161 3271 2226 3336 Si
2271 3272 2603 3338 commissa
2647 3272 2951 3339 facultate
2982 3274 3218 3358 dispen-

749 3375 946 3449 sandi,
986 3375 1350 3457 priusquam
1396 3374 1807 3457 dispensetur,
1848 3375 2046 3440 cesset
2078 3374 2328 3439 omnino
2376 3392 2565 3438 causa
2589 3374 2995 3455 fflmpalis,
3047 3377 3216 3441 nulla

748 3478 844 3539 est
889 3475 1288 3558 dispensatio.

838 3576 1091 3660 Nempe,
1125 3578 1301 3641 iuxta
1332 3597 1723 3643 communem
1761 3579 2127 3654 doctrinam,
2163 3597 2351 3643 causa
2382 3579 2672 3645 exsistere
2718 3578 2918 3658 debet,
2968 3580 3216 3662 quando

749 3676 936 3742 datur
965 3678 1362 3762 dispensatio,
1398 3681 1527 3744 scil.
1572 3682 1723 3746 haec
1769 3680 2107 3763 expeditur.
2147 3680 2313 3764 Ergo
2352 3681 2405 3745 si
2435 3699 2496 3745 v.
2530 3701 2624 3766 gr.
2664 3680 2871 3746 Titius
2918 3682 3098 3765 petat
3133 3681 3217 3746 di·

749 3782 1200 3865 spensationem
1249 3783 1327 3846 ab
1372 3782 1842 3868 irregularitate
1872 3782 1950 3848 ob
1985 3782 2259 3865 inopiam
2293 3784 2642 3867 parentum,
2689 3783 2967 3849 invalida
2998 3789 3096 3850 est
3131 3785 3216 3849 di·

749 3885 1078 3967 spensatio,
1136 3884 1208 3961 si,
1259 3887 1594 3967 antequam
1643 3884 2035 3962 concedatur,
2086 3888 2416 3968 parentum
2461 3885 2671 3969 inopia
2718 3888 2917 3951 cesset
2952 3888 3017 3951 et
3062 3887 3215 3952 fiant

749 3991 990 4056 divites,
1047 3988 1281 4054 Contra
1328 3992 1380 4055 si
1427 4009 1616 4056 causa
1674 4009 1798 4056 non
1846 3991 2182 4056 exsistebat
2241 3990 2485 4073 quidem
2549 3993 2825 4075 tempore
2871 3991 3211 4074 petitionis,

747 4094 850 4157 sed
898 4093 1158 4157 exsistat
1190 4094 1466 4175 tempore
1513 4093 1943 4170 concessioniS,
1993 4093 2201 4157 valida
2248 4093 2399 4169 erit3
2451 4113 2507 4157 v.
2558 4114 2651 4177 gr.
2693 4093 2746 4156 si
2776 4094 2839 4156 in
2874 4094 3213 4176 praemisso

826 4405 889 4458 (a)
919 4405 976 4448 Id
1003 4407 1209 4461 quidem
1234 4407 1575 4451 communiter
1605 4405 1916 4450 affirmatur:
1948 4405 2035 4449 sed
2065 4406 2318 4454 constare,
2347 4403 2483 4458 quod
2512 4402 2741 4447 invalida
2768 4402 2837 4446 sit
2864 4404 2988 4449 tali·
3015 4405 3213 4458 dispen-

743 4471 886 4524 satio,
908 4485 969 4515 ex
995 4475 1239 4528 rescripto
1275 4488 1313 4518 s.
1337 4475 1388 4518 C.
1418 4475 1479 4518 de
1499 4474 1551 4518 P.
1575 4473 1632 4516 F.
1653 4474 1691 4516 Ἰ.
1715 4474 1831 4516 Iun.
1851 4473 1990 4525 laea,
2007 4472 2096 4515 ait·
2112 4472 2197 4515 Dr.
2223 4472 2284 4514 Η.
2308 4470 2445 4526 Feije
2472 4473 2527 4514 de
2544 4471 2784 4525 Impedim.
2804 4474 2848 4513 ot
2868 4473 3087 4528 Damus.
3108 4484 3203 4514 ma-

751 4539 875 4582 trim.
906 4551 956 4580 11.
978 4540 1071 4583 708.
1094 4541 1207 4583 coll.
1230 4554 1278 4584 n.
1299 4541 1397 4585 650.
1417 4540 1493 4585 Cf.
1512 4541 1724 4584 dicenda
1743 4541 1797 4582 in
1820 4543 1885 4583 tr.
1906 4541 1962 4584 de
1982 4541 2190 4582 Mamm.
2210 4539 2270 4583 E.
