3529 5158
347 301 489 380 [598]
875 316 959 356 nm
995 314 1408 357 onmaa‘rronu
1442 315 1780 357 commum
1817 316 2017 360 nomos
2052 318 2274 370 cAnms
2701 304 2810 360 539

346 416 421 479 nt
455 414 867 480 communiter
895 412 1117 477 docent
1147 413 1283 476 DD.
1316 415 1381 476 et
1411 432 1483 477 ex
1513 413 1640 477 alia
1670 433 1866 496 neque
1898 416 2181 480 tenemur
2217 419 2365 482 tunc
2395 417 2671 481 motibus
2702 435 2809 499 po-

348 516 529 582 sitive
558 516 862 592 resistere,
895 515 947 579 si
978 534 1103 580 non
1131 515 1311 579 facile
1340 516 1663 600 negotium
1702 517 1786 580 sit
1815 517 1958 582 illos
1989 518 2302 601 repellere.
2334 517 2446 583 Sat
2478 521 2574 582 est
2602 518 2810 602 igitur

347 620 497 684 tunc
540 618 830 702 negative
858 636 924 682 se
958 618 1181 682 habere
1219 636 1363 682 cum
1392 617 1571 682 firmo
1609 619 1928 701 proposito
1964 639 2285 702 nunquam
2321 619 2805 686 consentiendi...

350 718 534 785 O'roix
563 738 706 784 cum
727 720 893 784 Azor
921 721 986 783 et
1015 718 1284 784 Sanchez
1315 720 1630 802 supponit,
1655 720 1884 802 quod...
1912 722 2158 803 quando
2191 722 2455 787 tentatio
2489 721 2599 786 diu
2622 721 2822 786 durat·

351 823 417 886 et
446 822 634 886 nimis
671 822 1005 887 molestum
1041 821 1203 886 foret
1234 822 1467 905 iugiter
1494 823 1706 886 motus
1738 823 2003 904 positive
2035 823 2345 906 repellere,
2384 824 2632 888 nullum
2679 842 2814 906 pec-

351 925 563 989 catum
609 924 695 988 sit
737 942 843 988 eos
875 924 1249 1007 permittere,
1282 925 1569 1008 negative
1600 942 1664 989 se
1702 925 2001 989 habendo,
2036 925 2119 989 Et
2163 926 2252 990 sic
2296 926 2494 991 facere
2541 926 2812 990 consulit

352 1027 664 1111 Tournely
694 1045 837 1091 cum
874 1025 1041 1110 Sylv.
1081 1026 1201 1102 his,
1233 1027 1342 1109 qni
1378 1028 1526 1091 sunt
1556 1027 1891 1092 timoratae
1922 1028 2333 1092 conscientiae
2371 1053 2434 1091 ».
2753 1017 2768 1031 '

442 1125 614 1200 597.
649 1129 804 1195 Post
833 1148 883 1194 s.
918 1130 1250 1194 Doctorem
1280 1128 1485 1213 igitur*
1513 1126 1937 1194 Confessarius
1968 1130 2175 1211 quoad
2204 1130 2445 1212 praxim
2475 1131 2627 1195 haec
2661 1149 2809 1213 prae

354 1233 547 1298 oculis
594 1232 840 1296 habeat.
879 1233 946 1295 1ο
992 1230 1283 1309 Suadeat,
1331 1249 1407 1294 ne
1453 1231 1769 1313 poenitens
1818 1232 1897 1295 ob
1942 1232 2300 1297 huiusmodi
2344 1233 2665 1297 molestias
2713 1232 2814 1296 de-

351 1337 520 1401 serat
565 1354 719 1418 opus
766 1333 1017 1417 aliquod
1062 1334 1314 1409 bonum,
1352 1353 1412 1397 v.
1447 1353 1540 1416 gr.
1580 1333 1997 1398 ministerium
2042 1334 2329 1400 audiendi
2376 1335 2806 1411 confessioneS‚

350 1437 639 1504 studendi
668 1440 783 1502 etc.

366 1577 381 1584 -
532 1543 601 1604 2⁰
631 1541 793 1605 Item
828 1559 904 1603 ne
950 1557 1156 1622 preces
1202 1540 1315 1602 ant
1358 1537 1681 1620 spirituale
1731 1538 1983 1619 aliquod
2034 1538 2393 1604 exercitium
2424 1539 2708 1603 dimittat
2740 1557 2813 1602 eo

346 1643 517 1727 quod
544 1645 696 1708 tunc
729 1643 996 1706 maxime
1026 1640 1356 1723 phantasia
1391 1640 1676 1721 pessimis
1704 1640 2085 1724 imaginibus
2123 1642 2378 1705 vexetur
2416 1643 2480 1704 et
2517 1642 2691 1705 totus
2722 1641 2812 1705 in·-

343 1745 559 1811 fernus
589 1748 653 1810 et
683 1743 940 1826 spiritus
971 1741 1284 1823 nequitiae
1315 1759 1421 1805 cor
1457 1740 1588 1804 eins
1621 1743 1685 1804 et
1713 1759 1937 1823 corpus
1969 1742 2257 1807 invadere
2289 1741 2593 1807 videatur.

534 1848 605 1910 3⁰
635 1847 872 1910 Doceat
916 1845 1277 1925 contemptu
1307 1842 1517 1925 potins
1547 1843 1611 1906 et
1653 1842 1993 1908 insistendo
2030 1844 2274 1926 incepto
2327 1843 2494 1926 operi
2531 1844 2815 1908 resisten-

345 1950 504 2013 dum
550 1966 699 2012 esse.
735 1947 899 2010 Bene
928 1946 1166 2009 Auctor
1210 1944 1317 2007 lib.
1352 1944 1413 2007 3.
1447 1946 1529 2007 tr.
1563 1945 1624 2007 4.
1658 1962 1793 2026 cap.
1834 1946 1894 2007 2.
1928 1945 2074 2009 dub.
2123 1945 2185 2007 4.
2223 1946 2404 2009 resol.
2457 1947 2515 2009 5.
2555 1945 2621 2009 in
2667 1945 2808 2009 fin.:

352 2075 393 2110 ‹
424 2049 645 2113 Monet
688 2049 898 2113 tamen
943 2047 1284 2131 Laymann,
1325 2066 1485 2122 eum,
1519 2046 1626 2128 qui
1666 2046 1730 2110 in
1761 2047 2110 2111 actionibus
2142 2048 2418 2112 honestis
2450 2050 2514 2112 et
2550 2047 2812 2113 utilibus

347 2154 547 2220 talem
581 2151 897 2216 miseriam
941 2149 1271 2233 experitur,
1310 2149 1555 2213 facilius
1600 2149 1853 2214 liberari
1898 2151 2362 2226 contemnendo,
2395 2169 2586 2232 quam
2633 2152 2816 2215 aesti-

350 2255 580 2321 mando
599 2277 620 2331 3
641 2254 790 2336 quia
812 2252 1259 2337 imaginatione
1289 2253 1354 2315 et
1383 2252 1607 2316 timore
1640 2254 1909 2335 augetur
1932 2277 1993 2317 ».
2021 2252 2254 2335 Nempe
2284 2253 2434 2318 dum
2466 2254 2606 2335 quis
2631 2252 2810 2317 valde

348 2360 553 2435 timet,
595 2356 1105 2441 apprehensiones
1152 2354 1515 2437 phantasiae
1544 2355 1748 2438 magis
1798 2357 2127 2439 augentur,
2159 2356 2490 2422 vividiores
2521 2356 2683 2421 fiunt
2726 2357 2809 2430 et,

348 2460 519 2544 quod
565 2458 767 2524 adhuc
810 2458 984 2541 peius
1030 2459 1144 2533 eet,
1193 2456 1330 2539 ipsa
1372 2456 1641 2521 facultas
1690 2458 1807 2520 hoc
1851 2457 2283 2539 trepidationis
2331 2461 2395 2523 et
2439 2457 2811 2523 irritationis

348 2564 577 2629 habitu
621 2562 799 2646 qnasi
831 2561 1157 2626 vulnerata
1201 2562 1414 2625 manet
1458 2560 1524 2624 et
1566 2559 1808 2624 inducit
1836 2560 2127 2626 miseram
2163 2561 2341 2627 illam
2377 2561 2812 2639 conditionem,

349 2670 421 2733 nt
465 2665 782 2731 interdum
827 2665 1014 2728 homo
1064 2663 1204 2727 aliis
1249 2662 1547 2727 ridiculus
1595 2663 1699 2737 sit,
1747 2662 1869 2727 sibi
1911 2664 2214 2729 molestus
2261 2668 2325 2729 et
2369 2666 2580 2750 gravis
2626 2668 2691 2730 et
2736 2664 2814 2729 ad

351 2769 558 2834 multa
603 2768 766 2833 bona
809 2767 1058 2849 ineptus
1105 2764 1349 2829 evadat.

439 2870 544 2936 Sic
578 2870 827 2945 dantur,
861 2869 971 2950 qui
998 2888 1108 2932 nec
1139 2867 1342 2933 videre
1378 2887 1488 2932 nec
1520 2868 1755 2949 alloqui
1787 2870 2049 2951 possunt
2078 2869 2374 2936 feminam
2405 2873 2518 2936 aut
2548 2892 2811 2955 puerum

356 2976 471 3039 aut
515 2973 707 3037 etiam
744 2971 950 3036 virum
979 2970 1078 3034 vel
1107 2970 1489 3055 religiosum,
1531 2970 1652 3035 nisi
1696 2970 1858 3035 forte
1904 2972 2098 3035 talem
2127 2974 2391 3054 speciem
2423 2974 2816 3054 praeseferat,

355 3096 547 3160 qnam
582 3075 811 3139 diceres
841 3072 1156 3138 conditam
1192 3073 1270 3136 ad
1306 3072 1612 3156 fugandas
1644 3073 2044 3136 tentationes.
2079 3072 2239 3137 Sunt
2276 3075 2386 3154 qui
2429 3092 2654 3137 nomen
2686 3093 2820 3138 mu-

357 3179 531 3245 lieris
576 3178 788 3243 audire
832 3195 956 3240 non
985 3176 1250 3258 possunt
1293 3176 1361 3238 et
1402 3175 1455 3238 si
1488 3173 1764 3249 audiant,
1801 3175 2051 3238 tantum
2097 3192 2220 3237 non
2267 3174 2555 3238 videntur
2587 3175 2819 3240 obsessi

362 3284 426 3346 et
472 3300 581 3345 ora
625 3280 858 3355 oculoS,
904 3280 1094 3360 caput
1139 3276 1531 3356 distorquent
1576 3276 1691 3338 etc.
1739 3273 1869 3337 Nec
1923 3292 2146 3338 nomen
2194 3276 2386 3339 etiam
2441 3278 2817 3351 sanctarum,

364 3402 565 3466 neque
606 3384 676 3447 B.
724 3381 1005 3465 Virginis
1059 3378 1297 3443 Mariae
1348 3376 1725 3441 mentionem
1783 3376 2011 3451 ferunt,
2060 3394 2182 3440 non
2243 3380 2505 3460 possunt
2563 3378 2826 3442 recitare

363 3486 644 3552 Litanias
681 3486 753 3550 B.
787 3484 865 3548 V.
898 3502 1008 3548 nec
1044 3500 1125 3545 ss.
1176 3480 1485 3564 Imagines
1532 3479 1782 3550 intueri,
1829 3478 2033 3544 multo
2078 3479 2287 3544 minus
2334 3479 2548 3545 audire
2592 3482 2824 3546 confes-

363 3590 566 3654 siones
612 3590 727 3653 etc.
761 3585 932 3666 Quae
966 3584 1173 3650 omnia
1220 3584 1295 3647 ut
1324 3582 1662 3664 plurimum
1699 3581 1843 3645 hinc
1874 3583 2084 3645 ortum
2113 3581 2403 3659 habuere,
2436 3583 2602 3665 quod
2634 3584 2824 3667 phan-

363 3692 590 3756 tasiam
623 3689 700 3754 ab
736 3688 918 3752 initio
950 3685 1300 3770 perturbari
1337 3684 1455 3749 sibi
1489 3683 1583 3747 ita
1614 3684 2043 3766 permiserunt,
2078 3687 2152 3749 ut
2189 3685 2393 3767 quoad
2429 3686 2548 3751 hoc
2584 3687 2825 3751 demen-

360 3795 485 3859 tati
514 3812 657 3858 vere
687 3791 1017 3856 videantur
1044 3790 1108 3853 et
1139 3787 1341 3869 reipsa
1371 3786 1517 3851 sint.

443 3892 620 3967 598.
658 3894 995 3958 Veniamus
1038 3890 1225 3955 modo
1272 3888 1350 3953 ad
1397 3888 1797 3971 praecipuum
1842 3889 2225 3970 quaestionis
2276 3894 2486 3971 caput.
2524 3888 2700 3969 Quod
2749 3893 2823 3955 ut

350 3998 764 4082 intelligatur,
800 3995 1049 4059 adverte
1079 3992 1472 4056 voluntatem
1502 3989 1833 4072 dupliciter
1870 4009 2092 4056 consen
2103 3992 2220 4055 tire
2269 4010 2448 4074 posse
2485 3992 2651 4057 hisce
2697 4014 2827 4059 mo-

358 4101 531 4167 tibus
582 4096 650 4162 1⁰
689 4115 967 4180 expresse
1014 4093 1428 4178 approbando,
1469 4092 1811 4175 appetendo
1859 4092 2021 4167 illos,
2058 4092 2132 4157 de
2173 4093 2324 4176 ipsis
2363 4113 2426 4159 se
2473 4095 2834 4163 delectando

355 4207 419 4269 et
466 4202 641 4267 nulla
688 4198 1106 4264 controversia
1153 4199 1268 4271 est,
1303 4195 1694 4261 voluntatem
1727 4194 1815 4259 sic
1847 4194 2126 4278 graviter
2159 4215 2426 4278 peccare.
2465 4199 2533 4261 2⁰
2565 4195 2833 4264 Consen-

360 4307 481 4372 tire
530 4303 739 4388 potest
774 4301 962 4366 tacite
1008 4301 1071 4363 et
1116 4297 1470 4363 virtualiter
1499 4316 1607 4361 seu
1646 4295 1964 4373 indirecte,
2000 4298 2306 4378 quatenus
2352 4318 2476 4364 non
2523 4301 2823 4383 reprimit,

365 4428 564 4491 neque
609 4405 870 4481 coercet,
901 4422 1043 4467 cum
1079 4400 1309 4483 possit:
1345 4402 1623 4465 attamen
1655 4400 1928 4465 abstinet
1974 4400 2052 4463 ab
2096 4419 2311 4465 eorum
2358 4403 2826 4486 complacentia,

368 4514 447 4576 ut
476 4512 553 4574 A.
578 4508 788 4572 habet.
815 4506 898 4569 Et
926 4505 999 4568 de
1030 4504 1147 4567 hac
1175 4503 1441 4568 secunda
1467 4503 1790 4566 voluntate
1821 4502 2161 4584 quaeritur,
2189 4523 2266 4567 an
2297 4507 2573 4588 graviter
2604 4512 2828 4591 peccet,

376 4616 431 4680 si
462 4614 578 4679 hos
607 4613 820 4677 motus
850 4628 973 4673 non
1009 4607 1326 4690 reprimat,
1358 4605 1463 4669 sed
1492 4624 1656 4669 mere
1687 4605 1975 4689 negative
2007 4624 2069 4670 se
2100 4605 2347 4670 habeat.
