<?xml version="1.0" encoding="UTF-8"?>
<!DOCTYPE html PUBLIC "-//W3C//DTD XHTML 1.0 Transitional//EN"
    "http://www.w3.org/TR/xhtml1/DTD/xhtml1-transitional.dtd">
<html xmlns="http://www.w3.org/1999/xhtml" xml:lang="en" lang="en">
 <head>
  <title>
</title>
<meta http-equiv="Content-Type" content="text/html;charset=utf-8" />
  <meta name='ocr-system' content='tesseract 3.04.00' />
  <meta name='ocr-capabilities' content='ocr_page ocr_carea ocr_par ocr_line ocrx_word'/>
</head>
<body>
  <div class='ocr_page' id='page_1' title='image "./opustheologicum00palmgoog_0721.png"; bbox 0 0 3529 5158; ppageno 0'>
   <div class='ocr_carea' id='block_1_1' title="bbox 708 335 3175 412">
    <p class='ocr_par' dir='ltr' id='par_1_1' title="bbox 708 335 3175 412">
     <span class='ocr_line' id='line_1_1' title="bbox 708 335 3175 412; baseline 0.002 -23"><span class='ocrx_word' id='word_1_1' title='bbox 708 335 819 390; x_wconf 79' lang='lat'><strong>628</strong></span> <span class='ocrx_word' id='word_1_2' title='bbox 1199 349 1412 391; x_wconf 72' lang='lat' dir='ltr'><strong>mm.</strong></span> <span class='ocrx_word' id='word_1_3' title='bbox 1451 351 1531 392; x_wconf 72' lang='grc' dir='ltr'><strong>ιν.</strong></span> <span class='ocrx_word' id='word_1_4' title='bbox 1570 350 1657 390; x_wconf 72' lang='lat' dir='ltr'><strong>nn</strong></span> <span class='ocrx_word' id='word_1_5' title='bbox 1692 350 1999 392; x_wconf 65' lang='lat' dir='ltr'><strong>moeurs.</strong></span> <span class='ocrx_word' id='word_1_6' title='bbox 2036 351 2232 393; x_wconf 71' lang='lat' dir='ltr'>CAPUT</span> <span class='ocrx_word' id='word_1_7' title='bbox 2268 351 2360 392; x_wconf 86' lang='lat'>111.</span> <span class='ocrx_word' id='word_1_8' title='bbox 2399 350 2548 394; x_wconf 78' lang='lat' dir='ltr'><strong>nun.</strong></span> <span class='ocrx_word' id='word_1_9' title='bbox 2584 351 2667 393; x_wconf 80' lang='lat' dir='ltr'><strong>vr.</strong></span> <span class='ocrx_word' id='word_1_10' title='bbox 3030 337 3175 412; x_wconf 75' lang='lat'><strong>[739]</strong></span> 
     </span>
    </p>
   </div>
   <div class='ocr_carea' id='block_1_2' title="bbox 702 446 3179 1160">
    <p class='ocr_par' dir='ltr' id='par_1_2' title="bbox 702 446 3179 1043">
     <span class='ocr_line' id='line_1_2' title="bbox 704 446 3169 530; baseline 0.002 -19"><span class='ocrx_word' id='word_1_11' title='bbox 704 446 935 511; x_wconf 89' lang='lat' dir='ltr'><strong>minem</strong></span> <span class='ocrx_word' id='word_1_12' title='bbox 962 464 1085 509; x_wconf 88' lang='lat' dir='ltr'><strong>non</strong></span> <span class='ocrx_word' id='word_1_13' title='bbox 1117 465 1248 510; x_wconf 89' lang='lat' dir='ltr'><strong>esse</strong></span> <span class='ocrx_word' id='word_1_14' title='bbox 1278 447 1481 530; x_wconf 85' lang='lat' dir='ltr'><strong>magis</strong></span> <span class='ocrx_word' id='word_1_15' title='bbox 1513 448 1909 530; x_wconf 88' lang='lat' dir='ltr'><strong>puniendum.</strong></span> <span class='ocrx_word' id='word_1_16' title='bbox 1945 447 2120 513; x_wconf 89' lang='lat' dir='ltr'><strong>Unde</strong></span> <span class='ocrx_word' id='word_1_17' title='bbox 2144 448 2294 513; x_wconf 88' lang='lat' dir='ltr'><strong>dicit</strong></span> <span class='ocrx_word' id='word_1_18' title='bbox 2325 446 2648 513; x_wconf 85' lang='lat' dir='ltr'><strong>Seneca...:</strong></span> <span class='ocrx_word' id='word_1_19' title='bbox 2677 446 3026 515; x_wconf 79' lang='lat' dir='ltr'><strong>Clementia</strong></span> <span class='ocrx_word' id='word_1_20' title='bbox 3049 451 3169 515; x_wconf 93' lang='lat' dir='ltr'><strong>hoc</strong></span> 
     </span>
     <span class='ocr_line' id='line_1_3' title="bbox 706 549 3179 635; baseline 0.002 -24"><span class='ocrx_word' id='word_1_21' title='bbox 706 549 976 631; x_wconf 88' lang='lat' dir='ltr'><strong>primum</strong></span> <span class='ocrx_word' id='word_1_22' title='bbox 1013 550 1308 630; x_wconf 87' lang='lat' dir='ltr'><strong>praestat,</strong></span> <span class='ocrx_word' id='word_1_23' title='bbox 1348 551 1425 612; x_wconf 87' lang='lat' dir='ltr'><strong>ut</strong></span> <span class='ocrx_word' id='word_1_24' title='bbox 1458 568 1614 630; x_wconf 90' lang='lat' dir='ltr'><strong>quos</strong></span> <span class='ocrx_word' id='word_1_25' title='bbox 1644 550 1929 627; x_wconf 88' lang='lat' dir='ltr'><strong>dimittit,</strong></span> <span class='ocrx_word' id='word_1_26' title='bbox 1969 551 2125 614; x_wconf 85' lang='lat' dir='ltr'>nihil</span> <span class='ocrx_word' id='word_1_27' title='bbox 2156 550 2327 615; x_wconf 87' lang='lat' dir='ltr'><strong>aliud</strong></span> <span class='ocrx_word' id='word_1_28' title='bbox 2357 550 2501 615; x_wconf 87' lang='lat' dir='ltr'><strong>illos</strong></span> <span class='ocrx_word' id='word_1_29' title='bbox 2539 551 2673 633; x_wconf 89' lang='lat' dir='ltr'><strong>pati</strong></span> <span class='ocrx_word' id='word_1_30' title='bbox 2710 550 3011 617; x_wconf 80' lang='lat' dir='ltr'><strong>debuisse</strong></span> <span class='ocrx_word' id='word_1_31' title='bbox 3043 572 3179 635; x_wconf 90' lang='lat' dir='ltr'><strong>pro-</strong></span> 
     </span>
     <span class='ocr_line' id='line_1_4' title="bbox 704 650 3175 737; baseline 0.002 -23"><span class='ocrx_word' id='word_1_32' title='bbox 704 651 972 715; x_wconf 76' lang='lat' dir='ltr'><strong>nunciet.</strong></span> <span class='ocrx_word' id='word_1_33' title='bbox 1010 650 1208 715; x_wconf 89' lang='lat' dir='ltr'><strong>Venia</strong></span> <span class='ocrx_word' id='word_1_34' title='bbox 1255 670 1398 715; x_wconf 83' lang='lat' dir='ltr'><strong>vero</strong></span> <span class='ocrx_word' id='word_1_35' title='bbox 1445 652 1689 716; x_wconf 83' lang='lat' dir='ltr'><strong>debitae</strong></span> <span class='ocrx_word' id='word_1_36' title='bbox 1718 671 1949 735; x_wconf 90' lang='lat' dir='ltr'><strong>poenae</strong></span> <span class='ocrx_word' id='word_1_37' title='bbox 1980 652 2259 717; x_wconf 84' lang='lat' dir='ltr'><strong>remissio</strong></span> <span class='ocrx_word' id='word_1_38' title='bbox 2308 654 2423 727; x_wconf 87' lang='lat' dir='ltr'><strong>est,</strong></span> <span class='ocrx_word' id='word_1_39' title='bbox 2458 652 2551 717; x_wconf 82' lang='lat' dir='ltr'><strong>Ex</strong></span> <span class='ocrx_word' id='word_1_40' title='bbox 2595 670 2726 735; x_wconf 88' lang='lat' dir='ltr'><strong>quo</strong></span> <span class='ocrx_word' id='word_1_41' title='bbox 2775 657 2971 737; x_wconf 91' lang='lat' dir='ltr'><strong>patet,</strong></span> <span class='ocrx_word' id='word_1_42' title='bbox 3011 655 3175 737; x_wconf 90' lang='lat' dir='ltr'><strong>quod</strong></span> 
     </span>
     <span class='ocr_line' id='line_1_5' title="bbox 703 753 3179 842; baseline 0.002 -26"><span class='ocrx_word' id='word_1_43' title='bbox 703 753 1031 817; x_wconf 86' lang='lat' dir='ltr'><strong>clementia</strong></span> <span class='ocrx_word' id='word_1_44' title='bbox 1059 756 1459 836; x_wconf 87' lang='lat' dir='ltr'><strong>comparatur</strong></span> <span class='ocrx_word' id='word_1_45' title='bbox 1506 754 1583 818; x_wconf 89' lang='lat' dir='ltr'><strong>ad</strong></span> <span class='ocrx_word' id='word_1_46' title='bbox 1629 756 2044 831; x_wconf 87' lang='lat' dir='ltr'><strong>severitatem,</strong></span> <span class='ocrx_word' id='word_1_47' title='bbox 2079 755 2242 819; x_wconf 86' lang='lat' dir='ltr'><strong>sicut</strong></span> <span class='ocrx_word' id='word_1_48' title='bbox 2278 755 2520 837; x_wconf 87' lang='lat' dir='ltr'><strong>epikeia</strong></span> <span class='ocrx_word' id='word_1_49' title='bbox 2559 756 2639 821; x_wconf 88' lang='lat' dir='ltr'><strong>ad</strong></span> <span class='ocrx_word' id='word_1_50' title='bbox 2665 757 2984 822; x_wconf 84' lang='lat' dir='ltr'><strong>iustitiam</strong></span> <span class='ocrx_word' id='word_1_51' title='bbox 3014 758 3179 842; x_wconf 85' lang='lat' dir='ltr'><strong>lega·</strong></span> 
     </span>
     <span class='ocr_line' id='line_1_6' title="bbox 702 855 3175 940; baseline 0.002 -21"><span class='ocrx_word' id='word_1_52' title='bbox 702 855 845 929; x_wconf 88' lang='lat' dir='ltr'><strong>lem,</strong></span> <span class='ocrx_word' id='word_1_53' title='bbox 878 856 1055 919; x_wconf 89' lang='lat' dir='ltr'><strong>cuius</strong></span> <span class='ocrx_word' id='word_1_54' title='bbox 1102 874 1244 939; x_wconf 86' lang='lat' dir='ltr'><strong>pars</strong></span> <span class='ocrx_word' id='word_1_55' title='bbox 1291 857 1387 920; x_wconf 90' lang='lat' dir='ltr'><strong>est</strong></span> <span class='ocrx_word' id='word_1_56' title='bbox 1431 856 1728 921; x_wconf 84' lang='lat' dir='ltr'><strong>severitas</strong></span> <span class='ocrx_word' id='word_1_57' title='bbox 1776 859 2084 938; x_wconf 85' lang='lat' dir='ltr'><strong>quantum</strong></span> <span class='ocrx_word' id='word_1_58' title='bbox 2129 855 2209 920; x_wconf 88' lang='lat' dir='ltr'><strong>ad</strong></span> <span class='ocrx_word' id='word_1_59' title='bbox 2251 855 2654 923; x_wconf 87' lang='lat' dir='ltr'><strong>inflictionem</strong></span> <span class='ocrx_word' id='word_1_60' title='bbox 2693 876 2771 940; x_wconf 91' lang='lat' dir='ltr'><strong>po</strong></span> <span class='ocrx_word' id='word_1_61' title='bbox 2788 877 3048 924; x_wconf 88' lang='lat' dir='ltr'><strong>enarum</strong></span> <span class='ocrx_word' id='word_1_62' title='bbox 3079 878 3175 939; x_wconf 68' lang='lat' dir='ltr'><strong>⁴se-</strong></span> 
     </span>
     <span class='ocr_line' id='line_1_7' title="bbox 705 958 1334 1043; baseline 0 -21"><span class='ocrx_word' id='word_1_63' title='bbox 705 958 976 1022; x_wconf 89' lang='lat' dir='ltr'><strong>cundum</strong></span> <span class='ocrx_word' id='word_1_64' title='bbox 1024 958 1229 1043; x_wconf 89' lang='lat' dir='ltr'><strong>legem</strong></span> <span class='ocrx_word' id='word_1_65' title='bbox 1273 984 1334 1022; x_wconf 82' lang='lat'><strong>».</strong></span> 
     </span>
    </p>

    <p class='ocr_par' dir='ltr' id='par_1_3' title="bbox 815 1090 3175 1160">
     <span class='ocr_line' id='line_1_8' title="bbox 815 1090 3175 1160; baseline 0.001 -15"><span class='ocrx_word' id='word_1_66' title='bbox 815 1094 962 1148; x_wconf 82' lang='lat' dir='ltr'><strong>XCll.</strong></span> <span class='ocrx_word' id='word_1_67' title='bbox 1004 1094 1052 1143; x_wconf 80' lang='lat'><strong>2.</strong></span> <span class='ocrx_word' id='word_1_68' title='bbox 1081 1094 1156 1145; x_wconf 87' lang='lat' dir='ltr'><strong>lra</strong></span> <span class='ocrx_word' id='word_1_69' title='bbox 1188 1090 1483 1153; x_wconf 84' lang='lat' dir='ltr'><strong>inordinata,</strong></span> <span class='ocrx_word' id='word_1_70' title='bbox 1510 1091 1667 1157; x_wconf 85' lang='lat' dir='ltr'><strong>primo</strong></span> <span class='ocrx_word' id='word_1_71' title='bbox 1708 1093 1853 1144; x_wconf 89' lang='lat' dir='ltr'><strong>modo</strong></span> <span class='ocrx_word' id='word_1_72' title='bbox 1893 1100 2004 1144; x_wconf 83' lang='lat' dir='ltr'><strong>ante</strong></span> <span class='ocrx_word' id='word_1_73' title='bbox 2042 1092 2191 1155; x_wconf 88' lang='lat' dir='ltr'><strong>dicto,</strong></span> <span class='ocrx_word' id='word_1_74' title='bbox 2231 1101 2306 1146; x_wconf 87' lang='lat' dir='ltr'><strong>est</strong></span> <span class='ocrx_word' id='word_1_75' title='bbox 2345 1106 2406 1145; x_wconf 85' lang='lat' dir='ltr'><strong>ex</strong></span> <span class='ocrx_word' id='word_1_76' title='bbox 2443 1107 2623 1157; x_wconf 78' lang='lat' dir='ltr'><strong>genere</strong></span> <span class='ocrx_word' id='word_1_77' title='bbox 2662 1108 2753 1147; x_wconf 90' lang='lat' dir='ltr'><strong>suo</strong></span> <span class='ocrx_word' id='word_1_78' title='bbox 2795 1101 3044 1160; x_wconf 76' lang='lat' dir='ltr'><strong>peccatum</strong></span> <span class='ocrx_word' id='word_1_79' title='bbox 3084 1108 3175 1147; x_wconf 83' lang='lat' dir='ltr'><strong>ve·</strong></span> 
     </span>
    </p>
   </div>
   <div class='ocr_carea' id='block_1_3' title="bbox 705 1175 3177 1315">
    <p class='ocr_par' dir='ltr' id='par_1_4' title="bbox 705 1175 3177 1315">
     <span class='ocr_line' id='line_1_9' title="bbox 705 1175 3177 1244; baseline 0 -13"><span class='ocrx_word' id='word_1_80' title='bbox 705 1176 865 1231; x_wconf 85' lang='lat' dir='ltr'><strong>uiale:</strong></span> <span class='ocrx_word' id='word_1_81' title='bbox 907 1185 1067 1242; x_wconf 85' lang='lat' dir='ltr'><strong>potest</strong></span> <span class='ocrx_word' id='word_1_82' title='bbox 1103 1182 1263 1230; x_wconf 87' lang='lat' dir='ltr'><strong>tamen</strong></span> <span class='ocrx_word' id='word_1_83' title='bbox 1302 1175 1409 1229; x_wconf 82' lang='lat' dir='ltr'><strong>fleri</strong></span> <span class='ocrx_word' id='word_1_84' title='bbox 1447 1180 1653 1230; x_wconf 82' lang='lat' dir='ltr'><strong>mortale</strong></span> <span class='ocrx_word' id='word_1_85' title='bbox 1690 1191 1751 1229; x_wconf 84' lang='lat' dir='ltr'><strong>ex</strong></span> <span class='ocrx_word' id='word_1_86' title='bbox 1789 1176 2054 1241; x_wconf 84' lang='lat' dir='ltr'><strong>accidente,</strong></span> <span class='ocrx_word' id='word_1_87' title='bbox 2097 1186 2146 1230; x_wconf 88' lang='lat' dir='ltr'><strong>ut</strong></span> <span class='ocrx_word' id='word_1_88' title='bbox 2183 1178 2226 1230; x_wconf 83' lang='lat' dir='ltr'><strong>si</strong></span> <span class='ocrx_word' id='word_1_89' title='bbox 2263 1180 2472 1231; x_wconf 79' lang='lat' dir='ltr'><strong>addatur</strong></span> <span class='ocrx_word' id='word_1_90' title='bbox 2510 1177 2832 1244; x_wconf 74' lang='lat' dir='ltr'><strong>blasphemia,</strong></span> <span class='ocrx_word' id='word_1_91' title='bbox 2884 1177 3177 1241; x_wconf 83' lang='lat' dir='ltr'><strong>maledictio,</strong></span> 
     </span>
     <span class='ocr_line' id='line_1_10' title="bbox 706 1265 1013 1315; baseline -0.01 -1"><span class='ocrx_word' id='word_1_92' title='bbox 706 1265 1013 1315; x_wconf 76' lang='lat' dir='ltr'><strong>scandalum.</strong></span> 
     </span>
    </p>
   </div>
   <div class='ocr_carea' id='block_1_4' title="bbox 700 1363 3175 2268">
    <p class='ocr_par' dir='ltr' id='par_1_5' title="bbox 700 1363 3175 1965">
     <span class='ocr_line' id='line_1_11' title="bbox 796 1363 3162 1452; baseline -0.001 -15"><span class='ocrx_word' id='word_1_93' title='bbox 796 1363 970 1437; x_wconf 69' lang='lat'><em>⁶139.</em></span> <span class='ocrx_word' id='word_1_94' title='bbox 1018 1369 1119 1431; x_wconf 87' lang='lat' dir='ltr'><strong>Ita</strong></span> <span class='ocrx_word' id='word_1_95' title='bbox 1150 1388 1197 1432; x_wconf 76' lang='lat' dir='ltr'><strong>s,</strong></span> <span class='ocrx_word' id='word_1_96' title='bbox 1233 1368 1452 1433; x_wconf 86' lang='lat' dir='ltr'><strong>Thom.</strong></span> <span class='ocrx_word' id='word_1_97' title='bbox 1480 1370 1541 1431; x_wconf 85' lang='lat'><strong>2.</strong></span> <span class='ocrx_word' id='word_1_98' title='bbox 1570 1370 1629 1431; x_wconf 83' lang='lat'><strong>2.</strong></span> <span class='ocrx_word' id='word_1_99' title='bbox 1665 1389 1723 1449; x_wconf 91' lang='lat' dir='ltr'><strong>q.</strong></span> <span class='ocrx_word' id='word_1_100' title='bbox 1764 1369 1910 1431; x_wconf 85' lang='lat'>158.</span> <span class='ocrx_word' id='word_1_101' title='bbox 1962 1370 2078 1433; x_wconf 84' lang='lat' dir='ltr'><strong>art.</strong></span> <span class='ocrx_word' id='word_1_102' title='bbox 2120 1370 2218 1433; x_wconf 84' lang='lat'><strong>3.:</strong></span> <span class='ocrx_word' id='word_1_103' title='bbox 2275 1394 2310 1427; x_wconf 84' lang='lat'><strong>«</strong></span> <span class='ocrx_word' id='word_1_104' title='bbox 2342 1369 2484 1434; x_wconf 83' lang='lat' dir='ltr'><strong>Alio</strong></span> <span class='ocrx_word' id='word_1_105' title='bbox 2530 1369 2715 1434; x_wconf 90' lang='lat' dir='ltr'><strong>modo</strong></span> <span class='ocrx_word' id='word_1_106' title='bbox 2775 1370 2990 1452; x_wconf 87' lang='lat' dir='ltr'><strong>potest</strong></span> <span class='ocrx_word' id='word_1_107' title='bbox 3035 1388 3162 1434; x_wconf 87' lang='lat' dir='ltr'><strong>esse</strong></span> 
     </span>
     <span class='ocr_line' id='line_1_12' title="bbox 704 1470 3175 1555; baseline 0.001 -21"><span class='ocrx_word' id='word_1_108' title='bbox 704 1471 915 1534; x_wconf 84' lang='lat' dir='ltr'><strong>motus</strong></span> <span class='ocrx_word' id='word_1_109' title='bbox 949 1470 1077 1533; x_wconf 89' lang='lat' dir='ltr'><strong>irae</strong></span> <span class='ocrx_word' id='word_1_110' title='bbox 1114 1470 1502 1535; x_wconf 88' lang='lat' dir='ltr'><strong>inordinatus</strong></span> <span class='ocrx_word' id='word_1_111' title='bbox 1538 1472 1847 1552; x_wconf 89' lang='lat' dir='ltr'><strong>quantum</strong></span> <span class='ocrx_word' id='word_1_112' title='bbox 1879 1470 1957 1534; x_wconf 86' lang='lat' dir='ltr'><strong>ad</strong></span> <span class='ocrx_word' id='word_1_113' title='bbox 1987 1471 2245 1535; x_wconf 91' lang='lat' dir='ltr'><strong>modum</strong></span> <span class='ocrx_word' id='word_1_114' title='bbox 2265 1472 2601 1548; x_wconf 84' lang='lat' dir='ltr'><strong>irascendi;</strong></span> <span class='ocrx_word' id='word_1_115' title='bbox 2637 1473 2873 1555; x_wconf 77' lang='lat' dir='ltr'><strong>utpote</strong></span> <span class='ocrx_word' id='word_1_116' title='bbox 2906 1472 2963 1536; x_wconf 89' lang='lat' dir='ltr'><strong>si</strong></span> <span class='ocrx_word' id='word_1_117' title='bbox 2995 1472 3175 1537; x_wconf 85' lang='lat' dir='ltr'><strong>nimis</strong></span> 
     </span>
     <span class='ocr_line' id='line_1_13' title="bbox 704 1572 3169 1659; baseline 0.001 -22"><span class='ocrx_word' id='word_1_118' title='bbox 704 1572 988 1637; x_wconf 81' lang='lat' dir='ltr'><strong>ardenter</strong></span> <span class='ocrx_word' id='word_1_119' title='bbox 1022 1574 1327 1638; x_wconf 80' lang='lat' dir='ltr'><strong>irascatur</strong></span> <span class='ocrx_word' id='word_1_120' title='bbox 1358 1574 1618 1638; x_wconf 87' lang='lat' dir='ltr'><strong>interius</strong></span> <span class='ocrx_word' id='word_1_121' title='bbox 1649 1574 1747 1637; x_wconf 82' lang='lat' dir='ltr'><strong>vel</strong></span> <span class='ocrx_word' id='word_1_122' title='bbox 1781 1574 1835 1637; x_wconf 85' lang='lat' dir='ltr'><strong>si</strong></span> <span class='ocrx_word' id='word_1_123' title='bbox 1876 1573 2059 1638; x_wconf 85' lang='lat' dir='ltr'><strong>nimis</strong></span> <span class='ocrx_word' id='word_1_124' title='bbox 2099 1574 2367 1638; x_wconf 81' lang='lat' dir='ltr'><strong>exterius</strong></span> <span class='ocrx_word' id='word_1_125' title='bbox 2405 1574 2769 1641; x_wconf 82' lang='lat' dir='ltr'><strong>manifestet</strong></span> <span class='ocrx_word' id='word_1_126' title='bbox 2808 1575 2990 1659; x_wconf 87' lang='lat' dir='ltr'><strong>signa</strong></span> <span class='ocrx_word' id='word_1_127' title='bbox 3023 1576 3169 1639; x_wconf 88' lang='lat' dir='ltr'><strong>irae.</strong></span> 
     </span>
     <span class='ocr_line' id='line_1_14' title="bbox 704 1674 3174 1760; baseline 0.001 -21"><span class='ocrx_word' id='word_1_128' title='bbox 704 1674 788 1739; x_wconf 87' lang='lat' dir='ltr'><strong>Et</strong></span> <span class='ocrx_word' id='word_1_129' title='bbox 816 1675 904 1739; x_wconf 90' lang='lat' dir='ltr'><strong>sic</strong></span> <span class='ocrx_word' id='word_1_130' title='bbox 934 1675 1028 1738; x_wconf 89' lang='lat' dir='ltr'><strong>ira</strong></span> <span class='ocrx_word' id='word_1_131' title='bbox 1058 1675 1394 1739; x_wconf 89' lang='lat' dir='ltr'><strong>secundum</strong></span> <span class='ocrx_word' id='word_1_132' title='bbox 1426 1694 1489 1739; x_wconf 84' lang='lat' dir='ltr'><strong>se</strong></span> <span class='ocrx_word' id='word_1_133' title='bbox 1521 1694 1644 1739; x_wconf 91' lang='lat' dir='ltr'><strong>non</strong></span> <span class='ocrx_word' id='word_1_134' title='bbox 1674 1675 1865 1741; x_wconf 87' lang='lat' dir='ltr'><strong>habet</strong></span> <span class='ocrx_word' id='word_1_135' title='bbox 1900 1676 1974 1740; x_wconf 90' lang='lat' dir='ltr'><strong>de</strong></span> <span class='ocrx_word' id='word_1_136' title='bbox 2006 1694 2119 1740; x_wconf 90' lang='lat' dir='ltr'><strong>suo</strong></span> <span class='ocrx_word' id='word_1_137' title='bbox 2151 1695 2371 1759; x_wconf 86' lang='lat' dir='ltr'><strong>genere</strong></span> <span class='ocrx_word' id='word_1_138' title='bbox 2401 1677 2708 1742; x_wconf 87' lang='lat' dir='ltr'><strong>rationem</strong></span> <span class='ocrx_word' id='word_1_139' title='bbox 2747 1678 2988 1760; x_wconf 85' lang='lat' dir='ltr'><strong>peccati</strong></span> <span class='ocrx_word' id='word_1_140' title='bbox 3018 1696 3174 1741; x_wconf 86' lang='lat' dir='ltr'><strong>mor·</strong></span> 
     </span>
     <span class='ocr_line' id='line_1_15' title="bbox 704 1777 3169 1862; baseline 0.001 -20"><span class='ocrx_word' id='word_1_141' title='bbox 704 1777 868 1842; x_wconf 85' lang='lat' dir='ltr'><strong>talis.</strong></span> <span class='ocrx_word' id='word_1_142' title='bbox 907 1777 1127 1842; x_wconf 87' lang='lat' dir='ltr'><strong>Potest</strong></span> <span class='ocrx_word' id='word_1_143' title='bbox 1162 1780 1370 1842; x_wconf 87' lang='lat' dir='ltr'><strong>tamen</strong></span> <span class='ocrx_word' id='word_1_144' title='bbox 1402 1777 1778 1861; x_wconf 88' lang='lat' dir='ltr'><strong>contingere,</strong></span> <span class='ocrx_word' id='word_1_145' title='bbox 1813 1778 1979 1861; x_wconf 91' lang='lat' dir='ltr'><strong>quod</strong></span> <span class='ocrx_word' id='word_1_146' title='bbox 2017 1779 2101 1842; x_wconf 91' lang='lat' dir='ltr'><strong>sit</strong></span> <span class='ocrx_word' id='word_1_147' title='bbox 2132 1779 2454 1860; x_wconf 89' lang='lat' dir='ltr'><strong>peccatum</strong></span> <span class='ocrx_word' id='word_1_148' title='bbox 2492 1779 2778 1853; x_wconf 86' lang='lat' dir='ltr'><strong>mortale,</strong></span> <span class='ocrx_word' id='word_1_149' title='bbox 2815 1780 2973 1862; x_wconf 89' lang='lat' dir='ltr'><strong>puta</strong></span> <span class='ocrx_word' id='word_1_150' title='bbox 3011 1781 3063 1844; x_wconf 83' lang='lat' dir='ltr'><strong>si</strong></span> <span class='ocrx_word' id='word_1_151' title='bbox 3100 1800 3169 1845; x_wconf 81' lang='lat' dir='ltr'><strong>ex</strong></span> 
     </span>
     <span class='ocr_line' id='line_1_16' title="bbox 700 1880 2888 1965; baseline 0.003 -26"><span class='ocrx_word' id='word_1_152' title='bbox 700 1880 1091 1944; x_wconf 73' lang='lat' dir='ltr'><strong>,vehementia</strong></span> <span class='ocrx_word' id='word_1_153' title='bbox 1135 1880 1264 1944; x_wconf 78' lang='lat' dir='ltr'><strong>itae</strong></span> <span class='ocrx_word' id='word_1_154' title='bbox 1312 1880 1537 1960; x_wconf 87' lang='lat' dir='ltr'><strong>aliquis</strong></span> <span class='ocrx_word' id='word_1_155' title='bbox 1576 1880 1819 1945; x_wconf 78' lang='lat' dir='ltr'><strong>excidat</strong></span> <span class='ocrx_word' id='word_1_156' title='bbox 1849 1900 1884 1943; x_wconf 85' lang='lat' dir='ltr'><strong>a</strong></span> <span class='ocrx_word' id='word_1_157' title='bbox 1922 1880 2247 1945; x_wconf 86' lang='lat' dir='ltr'><strong>dilectione</strong></span> <span class='ocrx_word' id='word_1_158' title='bbox 2280 1880 2396 1945; x_wconf 89' lang='lat' dir='ltr'><strong>Dei</strong></span> <span class='ocrx_word' id='word_1_159' title='bbox 2433 1883 2498 1945; x_wconf 92' lang='lat' dir='ltr'><strong>et</strong></span> <span class='ocrx_word' id='word_1_160' title='bbox 2527 1882 2791 1965; x_wconf 83' lang='lat' dir='ltr'><strong>proximi</strong></span> <span class='ocrx_word' id='word_1_161' title='bbox 2826 1906 2888 1945; x_wconf 84' lang='lat'><strong>».</strong></span> 
     </span>
    </p>

    <p class='ocr_par' dir='ltr' id='par_1_6' title="bbox 701 1981 3175 2268">
     <span class='ocr_line' id='line_1_17' title="bbox 792 1981 3175 2064; baseline 0.002 -21"><span class='ocrx_word' id='word_1_162' title='bbox 792 1981 883 2043; x_wconf 80' lang='lat' dir='ltr'><strong>Ex</strong></span> <span class='ocrx_word' id='word_1_163' title='bbox 918 1981 1143 2062; x_wconf 88' lang='lat' dir='ltr'><strong>quibus</strong></span> <span class='ocrx_word' id='word_1_164' title='bbox 1174 1982 1365 2063; x_wconf 88' lang='lat' dir='ltr'><strong>patet,</strong></span> <span class='ocrx_word' id='word_1_165' title='bbox 1400 2000 1524 2045; x_wconf 92' lang='lat' dir='ltr'><strong>non</strong></span> <span class='ocrx_word' id='word_1_166' title='bbox 1562 1981 1844 2046; x_wconf 85' lang='lat' dir='ltr'><strong>excedere</strong></span> <span class='ocrx_word' id='word_1_167' title='bbox 1881 1982 2130 2064; x_wconf 86' lang='lat' dir='ltr'><strong>culpam</strong></span> <span class='ocrx_word' id='word_1_168' title='bbox 2167 1983 2489 2060; x_wconf 88' lang='lat' dir='ltr'><strong>venialem,</strong></span> <span class='ocrx_word' id='word_1_169' title='bbox 2530 1984 2695 2064; x_wconf 90' lang='lat' dir='ltr'><strong>quod</strong></span> <span class='ocrx_word' id='word_1_170' title='bbox 2726 1984 3055 2049; x_wconf 89' lang='lat' dir='ltr'><strong>interdum</strong></span> <span class='ocrx_word' id='word_1_171' title='bbox 3086 1987 3175 2049; x_wconf 86' lang='lat' dir='ltr'><strong>ait</strong></span> 
     </span>
     <span class='ocr_line' id='line_1_18' title="bbox 703 2083 3170 2169; baseline 0.002 -23"><span class='ocrx_word' id='word_1_172' title='bbox 703 2083 1039 2165; x_wconf 67' lang='lat' dir='ltr'><strong>poenitent-1,</strong></span> <span class='ocrx_word' id='word_1_173' title='bbox 1076 2102 1139 2147; x_wconf 89' lang='lat' dir='ltr'><strong>se</strong></span> <span class='ocrx_word' id='word_1_174' title='bbox 1172 2084 1463 2148; x_wconf 87' lang='lat' dir='ltr'><strong>acerrime</strong></span> <span class='ocrx_word' id='word_1_175' title='bbox 1495 2085 1559 2148; x_wconf 88' lang='lat' dir='ltr'><strong>et</strong></span> <span class='ocrx_word' id='word_1_176' title='bbox 1587 2083 1818 2149; x_wconf 89' lang='lat' dir='ltr'><strong>furiose</strong></span> <span class='ocrx_word' id='word_1_177' title='bbox 1843 2103 2166 2148; x_wconf 85' lang='lat' dir='ltr'><strong>accensum</strong></span> <span class='ocrx_word' id='word_1_178' title='bbox 2190 2085 2302 2160; x_wconf 86' lang='lat' dir='ltr'><strong>ira,</strong></span> <span class='ocrx_word' id='word_1_179' title='bbox 2338 2085 2453 2149; x_wconf 87' lang='lat' dir='ltr'><strong>nisi</strong></span> <span class='ocrx_word' id='word_1_180' title='bbox 2482 2104 2552 2150; x_wconf 82' lang='lat' dir='ltr'><strong>ex</strong></span> <span class='ocrx_word' id='word_1_181' title='bbox 2587 2086 2713 2149; x_wconf 86' lang='lat' dir='ltr'><strong>alia</strong></span> <span class='ocrx_word' id='word_1_182' title='bbox 2743 2105 2938 2151; x_wconf 87' lang='lat' dir='ltr'><strong>causa</strong></span> <span class='ocrx_word' id='word_1_183' title='bbox 2964 2105 3170 2169; x_wconf 87' lang='lat' dir='ltr'><strong>pecca-</strong></span> 
     </span>
     <span class='ocr_line' id='line_1_19' title="bbox 701 2181 2669 2268; baseline 0.002 -21"><span class='ocrx_word' id='word_1_184' title='bbox 701 2183 878 2247; x_wconf 85' lang='lat' dir='ltr'><strong>verit.</strong></span> <span class='ocrx_word' id='word_1_185' title='bbox 912 2181 1337 2249; x_wconf 84' lang='lat' dir='ltr'><strong>Confessarius</strong></span> <span class='ocrx_word' id='word_1_186' title='bbox 1370 2186 1662 2267; x_wconf 82' lang='lat' dir='ltr'><strong>exploret,</strong></span> <span class='ocrx_word' id='word_1_187' title='bbox 1698 2205 1776 2249; x_wconf 89' lang='lat' dir='ltr'><strong>an</strong></span> <span class='ocrx_word' id='word_1_188' title='bbox 1809 2186 2130 2268; x_wconf 89' lang='lat' dir='ltr'><strong>quidpiam</strong></span> <span class='ocrx_word' id='word_1_189' title='bbox 2159 2186 2289 2251; x_wconf 89' lang='lat' dir='ltr'><strong>irae</strong></span> <span class='ocrx_word' id='word_1_190' title='bbox 2323 2188 2669 2251; x_wconf 87' lang='lat' dir='ltr'><strong>accesserit.</strong></span> 
     </span>
    </p>
   </div>
   <div class='ocr_carea' id='block_1_5' title="bbox 699 2320 3162 2461">
    <p class='ocr_par' dir='ltr' id='par_1_7' title="bbox 699 2320 3162 2461">
     <span class='ocr_line' id='line_1_20' title="bbox 809 2320 3162 2391; baseline 0.003 -17"><span class='ocrx_word' id='word_1_191' title='bbox 809 2320 979 2375; x_wconf 85' lang='lat' dir='ltr'><strong>xcm.</strong></span> <span class='ocrx_word' id='word_1_192' title='bbox 1008 2324 1054 2375; x_wconf 88' lang='lat'><strong>3.</strong></span> <span class='ocrx_word' id='word_1_193' title='bbox 1082 2326 1155 2376; x_wconf 83' lang='lat' dir='ltr'><strong>lra</strong></span> <span class='ocrx_word' id='word_1_194' title='bbox 1194 2322 1468 2376; x_wconf 85' lang='lat' dir='ltr'><strong>inordinata</strong></span> <span class='ocrx_word' id='word_1_195' title='bbox 1508 2326 1723 2377; x_wconf 87' lang='lat' dir='ltr'><strong>secundo</strong></span> <span class='ocrx_word' id='word_1_196' title='bbox 1764 2326 1910 2376; x_wconf 89' lang='lat' dir='ltr'><strong>modo</strong></span> <span class='ocrx_word' id='word_1_197' title='bbox 1937 2332 2010 2377; x_wconf 90' lang='lat' dir='ltr'><strong>est</strong></span> <span class='ocrx_word' id='word_1_198' title='bbox 2037 2339 2097 2377; x_wconf 89' lang='lat' dir='ltr'><strong>ex</strong></span> <span class='ocrx_word' id='word_1_199' title='bbox 2124 2338 2303 2388; x_wconf 75' lang='lat' dir='ltr'><strong>genere</strong></span> <span class='ocrx_word' id='word_1_200' title='bbox 2338 2339 2429 2378; x_wconf 89' lang='lat' dir='ltr'><strong>suo</strong></span> <span class='ocrx_word' id='word_1_201' title='bbox 2468 2328 2701 2388; x_wconf 80' lang='lat' dir='ltr'><strong>mortale3</strong></span> <span class='ocrx_word' id='word_1_202' title='bbox 2733 2326 2843 2391; x_wconf 77' lang='lat' dir='ltr'><strong>quia</strong></span> <span class='ocrx_word' id='word_1_203' title='bbox 2868 2334 2940 2378; x_wconf 81' lang='lat' dir='ltr'><strong>est</strong></span> <span class='ocrx_word' id='word_1_204' title='bbox 2978 2327 3162 2381; x_wconf 78' lang='lat' dir='ltr'><strong>directe</strong></span> 
     </span>
     <span class='ocr_line' id='line_1_21' title="bbox 699 2406 1674 2461; baseline 0.002 -2"><span class='ocrx_word' id='word_1_205' title='bbox 699 2414 867 2459; x_wconf 84' lang='lat' dir='ltr'><strong>contra</strong></span> <span class='ocrx_word' id='word_1_206' title='bbox 909 2406 1176 2461; x_wconf 75' lang='lat' dir='ltr'><strong>caritatem.</strong></span> <span class='ocrx_word' id='word_1_207' title='bbox 1211 2411 1341 2461; x_wconf 86' lang='lat' dir='ltr'><strong>Bald.</strong></span> <span class='ocrx_word' id='word_1_208' title='bbox 1371 2411 1401 2460; x_wconf 89' lang='lat' dir='ltr'><strong>l.</strong></span> <span class='ocrx_word' id='word_1_209' title='bbox 1429 2410 1478 2460; x_wconf 90' lang='grc'><strong>3.</strong></span> <span class='ocrx_word' id='word_1_210' title='bbox 1509 2411 1557 2461; x_wconf 88' lang='lat' dir='ltr'><strong>d.</strong></span> <span class='ocrx_word' id='word_1_211' title='bbox 1585 2411 1674 2461; x_wconf 83' lang='lat' dir='ltr'><strong>2l.</strong></span> 
     </span>
    </p>
   </div>
   <div class='ocr_carea' id='block_1_6' title="bbox 694 2505 3171 3613">
    <p class='ocr_par' dir='ltr' id='par_1_8' title="bbox 694 2505 3171 3613">
     <span class='ocr_line' id='line_1_22' title="bbox 787 2505 3167 2596; baseline 0.004 -23"><span class='ocrx_word' id='word_1_212' title='bbox 787 2505 964 2581; x_wconf 79' lang='grc'><strong>740.</strong></span> <span class='ocrx_word' id='word_1_213' title='bbox 1014 2511 1104 2575; x_wconf 86' lang='lat' dir='ltr'><strong>Ea</strong></span> <span class='ocrx_word' id='word_1_214' title='bbox 1135 2511 1208 2574; x_wconf 90' lang='lat' dir='ltr'><strong>de</strong></span> <span class='ocrx_word' id='word_1_215' title='bbox 1246 2532 1310 2575; x_wconf 89' lang='lat' dir='ltr'><strong>re</strong></span> <span class='ocrx_word' id='word_1_216' title='bbox 1343 2531 1391 2575; x_wconf 89' lang='lat' dir='ltr'><strong>s.</strong></span> <span class='ocrx_word' id='word_1_217' title='bbox 1427 2511 1646 2575; x_wconf 88' lang='lat' dir='ltr'><strong>Thom.</strong></span> <span class='ocrx_word' id='word_1_218' title='bbox 1677 2514 1735 2575; x_wconf 80' lang='lat'><strong>2.</strong></span> <span class='ocrx_word' id='word_1_219' title='bbox 1766 2514 1825 2575; x_wconf 84' lang='lat'><strong>2.</strong></span> <span class='ocrx_word' id='word_1_220' title='bbox 1861 2534 1918 2595; x_wconf 89' lang='lat' dir='ltr'><strong>q.</strong></span> <span class='ocrx_word' id='word_1_221' title='bbox 1959 2513 2103 2577; x_wconf 83' lang='lat'>158.</span> <span class='ocrx_word' id='word_1_222' title='bbox 2146 2516 2263 2577; x_wconf 87' lang='lat' dir='ltr'><strong>art.</strong></span> <span class='ocrx_word' id='word_1_223' title='bbox 2300 2514 2390 2576; x_wconf 87' lang='lat'><strong>3.:</strong></span> <span class='ocrx_word' id='word_1_224' title='bbox 2434 2537 2469 2571; x_wconf 79' lang='grc'><strong>«</strong></span> <span class='ocrx_word' id='word_1_225' title='bbox 2501 2513 2641 2579; x_wconf 88' lang='lat' dir='ltr'><strong>Uno</strong></span> <span class='ocrx_word' id='word_1_226' title='bbox 2691 2514 2874 2579; x_wconf 90' lang='lat' dir='ltr'><strong>modo</strong></span> <span class='ocrx_word' id='word_1_227' title='bbox 2925 2516 3167 2596; x_wconf 86' lang='lat' dir='ltr'><strong>(motus</strong></span> 
     </span>
     <span class='ocr_line' id='line_1_23' title="bbox 696 2614 3169 2702; baseline 0.004 -26"><span class='ocrx_word' id='word_1_228' title='bbox 696 2614 825 2677; x_wconf 86' lang='lat' dir='ltr'><strong>irae</strong></span> <span class='ocrx_word' id='word_1_229' title='bbox 856 2615 1063 2695; x_wconf 85' lang='lat' dir='ltr'><strong>potest</strong></span> <span class='ocrx_word' id='word_1_230' title='bbox 1107 2633 1237 2677; x_wconf 87' lang='lat' dir='ltr'><strong>esse</strong></span> <span class='ocrx_word' id='word_1_231' title='bbox 1282 2614 1671 2679; x_wconf 84' lang='lat' dir='ltr'><strong>inordinatus</strong></span> <span class='ocrx_word' id='word_1_232' title='bbox 1718 2619 1783 2680; x_wconf 90' lang='lat' dir='ltr'><strong>et</strong></span> <span class='ocrx_word' id='word_1_233' title='bbox 1828 2620 2175 2699; x_wconf 74' lang='lat' dir='ltr'><strong>peoeatum)</strong></span> <span class='ocrx_word' id='word_1_234' title='bbox 2207 2635 2279 2681; x_wconf 84' lang='lat' dir='ltr'><strong>ex</strong></span> <span class='ocrx_word' id='word_1_235' title='bbox 2316 2620 2493 2700; x_wconf 89' lang='lat' dir='ltr'><strong>parte</strong></span> <span class='ocrx_word' id='word_1_236' title='bbox 2526 2619 2903 2701; x_wconf 77' lang='lat' dir='ltr'><strong>appetibiIiS,</strong></span> <span class='ocrx_word' id='word_1_237' title='bbox 2947 2622 3169 2702; x_wconf 87' lang='lat' dir='ltr'><strong>utpote</strong></span> 
     </span>
     <span class='ocr_line' id='line_1_24' title="bbox 698 2711 3170 2805; baseline 0.004 -29"><span class='ocrx_word' id='word_1_238' title='bbox 698 2711 841 2777; x_wconf 85' lang='lat' dir='ltr'><strong>cum</strong></span> <span class='ocrx_word' id='word_1_239' title='bbox 872 2715 1096 2795; x_wconf 90' lang='lat' dir='ltr'><strong>aliquis</strong></span> <span class='ocrx_word' id='word_1_240' title='bbox 1145 2716 1384 2797; x_wconf 88' lang='lat' dir='ltr'><strong>appetit</strong></span> <span class='ocrx_word' id='word_1_241' title='bbox 1428 2717 1726 2781; x_wconf 84' lang='lat' dir='ltr'><strong>iniustam</strong></span> <span class='ocrx_word' id='word_1_242' title='bbox 1760 2719 2116 2782; x_wconf 86' lang='lat' dir='ltr'><strong>vindictam.</strong></span> <span class='ocrx_word' id='word_1_243' title='bbox 2151 2719 2233 2782; x_wconf 84' lang='lat' dir='ltr'><strong>Et</strong></span> <span class='ocrx_word' id='word_1_244' title='bbox 2263 2720 2350 2784; x_wconf 89' lang='lat' dir='ltr'><strong>sic</strong></span> <span class='ocrx_word' id='word_1_245' title='bbox 2396 2740 2467 2785; x_wconf 83' lang='lat' dir='ltr'><strong>ex</strong></span> <span class='ocrx_word' id='word_1_246' title='bbox 2513 2740 2736 2805; x_wconf 88' lang='lat' dir='ltr'><strong>genere</strong></span> <span class='ocrx_word' id='word_1_247' title='bbox 2792 2741 2909 2785; x_wconf 88' lang='lat' dir='ltr'><strong>suo</strong></span> <span class='ocrx_word' id='word_1_248' title='bbox 2947 2723 3046 2786; x_wconf 85' lang='lat' dir='ltr'><strong>ira</strong></span> <span class='ocrx_word' id='word_1_249' title='bbox 3076 2726 3170 2787; x_wconf 65' lang='lat' dir='ltr'><strong>est</strong></span> 
     </span>
     <span class='ocr_line' id='line_1_25' title="bbox 698 2818 3171 2900; baseline 0.005 -23"><span class='ocrx_word' id='word_1_250' title='bbox 698 2818 1018 2897; x_wconf 87' lang='lat' dir='ltr'><strong>peccatum</strong></span> <span class='ocrx_word' id='word_1_251' title='bbox 1049 2818 1344 2881; x_wconf 86' lang='lat' dir='ltr'><strong>mortale:</strong></span> <span class='ocrx_word' id='word_1_252' title='bbox 1380 2821 1527 2900; x_wconf 88' lang='lat' dir='ltr'><strong>quia</strong></span> <span class='ocrx_word' id='word_1_253' title='bbox 1558 2822 1977 2885; x_wconf 83' lang='lat' dir='ltr'><strong>contrariatur</strong></span> <span class='ocrx_word' id='word_1_254' title='bbox 2008 2822 2258 2886; x_wconf 86' lang='lat' dir='ltr'><strong>caritati</strong></span> <span class='ocrx_word' id='word_1_255' title='bbox 2296 2824 2361 2886; x_wconf 89' lang='lat' dir='ltr'><strong>et</strong></span> <span class='ocrx_word' id='word_1_256' title='bbox 2388 2823 2688 2888; x_wconf 89' lang='lat' dir='ltr'><strong>iustitiae.</strong></span> <span class='ocrx_word' id='word_1_257' title='bbox 2708 2824 2933 2889; x_wconf 86' lang='lat' dir='ltr'><strong>Potest</strong></span> <span class='ocrx_word' id='word_1_258' title='bbox 2968 2829 3171 2889; x_wconf 87' lang='lat' dir='ltr'><strong>tamen</strong></span> 
     </span>
     <span class='ocr_line' id='line_1_26' title="bbox 697 2916 3164 3010; baseline 0.004 -30"><span class='ocrx_word' id='word_1_259' title='bbox 697 2916 1069 3002; x_wconf 88' lang='lat' dir='ltr'><strong>contingere,</strong></span> <span class='ocrx_word' id='word_1_260' title='bbox 1104 2919 1269 3000; x_wconf 91' lang='lat' dir='ltr'><strong>quod</strong></span> <span class='ocrx_word' id='word_1_261' title='bbox 1302 2921 1445 2984; x_wconf 83' lang='lat' dir='ltr'><strong>talis</strong></span> <span class='ocrx_word' id='word_1_262' title='bbox 1478 2923 1793 3003; x_wconf 83' lang='lat' dir='ltr'><strong>appetitus</strong></span> <span class='ocrx_word' id='word_1_263' title='bbox 1827 2923 1910 2985; x_wconf 83' lang='lat' dir='ltr'><strong>sit</strong></span> <span class='ocrx_word' id='word_1_264' title='bbox 1942 2926 2261 3004; x_wconf 86' lang='lat' dir='ltr'><strong>peccatum</strong></span> <span class='ocrx_word' id='word_1_265' title='bbox 2310 2925 2546 2989; x_wconf 87' lang='lat' dir='ltr'><strong>veniale</strong></span> <span class='ocrx_word' id='word_1_266' title='bbox 2583 2929 2840 3009; x_wconf 90' lang='lat' dir='ltr'><strong>propter</strong></span> <span class='ocrx_word' id='word_1_267' title='bbox 2879 2927 3164 3010; x_wconf 81' lang='lat' dir='ltr'><strong>imperfe-</strong></span> 
     </span>
     <span class='ocr_line' id='line_1_27' title="bbox 697 3019 3171 3113; baseline 0.004 -30"><span class='ocrx_word' id='word_1_268' title='bbox 697 3019 965 3084; x_wconf 86' lang='lat' dir='ltr'><strong>ctionem</strong></span> <span class='ocrx_word' id='word_1_269' title='bbox 997 3023 1190 3085; x_wconf 85' lang='lat' dir='ltr'><strong>actus.</strong></span> <span class='ocrx_word' id='word_1_270' title='bbox 1226 3020 1396 3101; x_wconf 86' lang='lat' dir='ltr'><strong>Quae</strong></span> <span class='ocrx_word' id='word_1_271' title='bbox 1429 3023 1678 3103; x_wconf 89' lang='lat' dir='ltr'><strong>quidem</strong></span> <span class='ocrx_word' id='word_1_272' title='bbox 1721 3024 2103 3105; x_wconf 84' lang='lat' dir='ltr'><strong>imperfectio</strong></span> <span class='ocrx_word' id='word_1_273' title='bbox 2153 3025 2499 3089; x_wconf 88' lang='lat' dir='ltr'><strong>attenditur</strong></span> <span class='ocrx_word' id='word_1_274' title='bbox 2529 3026 2628 3092; x_wconf 82' lang='lat' dir='ltr'><strong>vel</strong></span> <span class='ocrx_word' id='word_1_275' title='bbox 2661 3047 2731 3092; x_wconf 79' lang='lat' dir='ltr'><strong>ex</strong></span> <span class='ocrx_word' id='word_1_276' title='bbox 2766 3032 2948 3111; x_wconf 87' lang='lat' dir='ltr'><strong>parte</strong></span> <span class='ocrx_word' id='word_1_277' title='bbox 2986 3049 3171 3113; x_wconf 86' lang='lat' dir='ltr'><strong>appe-</strong></span> 
     </span>
     <span class='ocr_line' id='line_1_28' title="bbox 698 3123 3166 3208; baseline 0.004 -22"><span class='ocrx_word' id='word_1_278' title='bbox 698 3123 906 3198; x_wconf 74' lang='lat' dir='ltr'><strong>tentia,</strong></span> <span class='ocrx_word' id='word_1_279' title='bbox 941 3128 1094 3206; x_wconf 86' lang='lat' dir='ltr'><strong>puta</strong></span> <span class='ocrx_word' id='word_1_280' title='bbox 1125 3144 1267 3188; x_wconf 92' lang='lat' dir='ltr'><strong>cum</strong></span> <span class='ocrx_word' id='word_1_281' title='bbox 1298 3128 1508 3188; x_wconf 88' lang='lat' dir='ltr'><strong>motus</strong></span> <span class='ocrx_word' id='word_1_282' title='bbox 1539 3125 1667 3188; x_wconf 89' lang='lat' dir='ltr'><strong>irae</strong></span> <span class='ocrx_word' id='word_1_283' title='bbox 1714 3127 2032 3208; x_wconf 83' lang='lat' dir='ltr'><strong>praevenit</strong></span> <span class='ocrx_word' id='word_1_284' title='bbox 2077 3127 2377 3191; x_wconf 90' lang='lat' dir='ltr'><strong>iudicium</strong></span> <span class='ocrx_word' id='word_1_285' title='bbox 2422 3129 2683 3193; x_wconf 88' lang='lat' dir='ltr'><strong>rationis</strong></span> <span class='ocrx_word' id='word_1_286' title='bbox 2719 3131 2816 3195; x_wconf 81' lang='lat' dir='ltr'><strong>vel</strong></span> <span class='ocrx_word' id='word_1_287' title='bbox 2854 3131 3047 3195; x_wconf 87' lang='lat' dir='ltr'><strong>etiam</strong></span> <span class='ocrx_word' id='word_1_288' title='bbox 3094 3152 3166 3196; x_wconf 82' lang='lat' dir='ltr'><strong>ex</strong></span> 
     </span>
     <span class='ocr_line' id='line_1_29' title="bbox 695 3226 3164 3312; baseline 0.005 -26"><span class='ocrx_word' id='word_1_289' title='bbox 695 3226 870 3305; x_wconf 88' lang='lat' dir='ltr'><strong>parte</strong></span> <span class='ocrx_word' id='word_1_290' title='bbox 903 3226 1271 3308; x_wconf 58' lang='lat' dir='ltr'><strong>appetibilis»,</strong></span> <span class='ocrx_word' id='word_1_291' title='bbox 1306 3229 1460 3307; x_wconf 86' lang='lat' dir='ltr'><strong>puta</strong></span> <span class='ocrx_word' id='word_1_292' title='bbox 1491 3246 1634 3290; x_wconf 89' lang='lat' dir='ltr'><strong>cum</strong></span> <span class='ocrx_word' id='word_1_293' title='bbox 1658 3227 1884 3308; x_wconf 85' lang='lat' dir='ltr'><strong>aliquis</strong></span> <span class='ocrx_word' id='word_1_294' title='bbox 1911 3229 2150 3311; x_wconf 87' lang='lat' dir='ltr'><strong>appetit</strong></span> <span class='ocrx_word' id='word_1_295' title='bbox 2181 3230 2242 3292; x_wconf 90' lang='lat' dir='ltr'><strong>in</strong></span> <span class='ocrx_word' id='word_1_296' title='bbox 2276 3230 2485 3312; x_wconf 89' lang='lat' dir='ltr'><strong>aliquo</strong></span> <span class='ocrx_word' id='word_1_297' title='bbox 2511 3232 2694 3296; x_wconf 89' lang='lat' dir='ltr'><strong>modo</strong></span> <span class='ocrx_word' id='word_1_298' title='bbox 2729 3251 2792 3296; x_wconf 88' lang='lat' dir='ltr'><strong>se</strong></span> <span class='ocrx_word' id='word_1_299' title='bbox 2827 3234 3164 3310; x_wconf 83' lang='lat' dir='ltr'><strong>vindicare,</strong></span> 
     </span>
     <span class='ocr_line' id='line_1_30' title="bbox 694 3326 3163 3412; baseline 0.005 -23"><span class='ocrx_word' id='word_1_300' title='bbox 694 3326 859 3407; x_wconf 90' lang='lat' dir='ltr'><strong>quod</strong></span> <span class='ocrx_word' id='word_1_301' title='bbox 892 3328 1070 3408; x_wconf 85' lang='lat' dir='ltr'><strong>quasi</strong></span> <span class='ocrx_word' id='word_1_302' title='bbox 1102 3327 1257 3391; x_wconf 89' lang='lat' dir='ltr'><strong>nihil</strong></span> <span class='ocrx_word' id='word_1_303' title='bbox 1289 3331 1384 3390; x_wconf 87' lang='lat' dir='ltr'><strong>est</strong></span> <span class='ocrx_word' id='word_1_304' title='bbox 1413 3329 1849 3410; x_wconf 87' lang='lat' dir='ltr'><strong>reputandum,</strong></span> <span class='ocrx_word' id='word_1_305' title='bbox 1875 3329 1967 3393; x_wconf 87' lang='lat' dir='ltr'><strong>ita</strong></span> <span class='ocrx_word' id='word_1_306' title='bbox 1999 3330 2191 3395; x_wconf 88' lang='lat' dir='ltr'><strong>etiam</strong></span> <span class='ocrx_word' id='word_1_307' title='bbox 2222 3331 2388 3412; x_wconf 87' lang='lat' dir='ltr'><strong>quod</strong></span> <span class='ocrx_word' id='word_1_308' title='bbox 2419 3334 2473 3396; x_wconf 91' lang='lat' dir='ltr'><strong>si</strong></span> <span class='ocrx_word' id='word_1_309' title='bbox 2507 3335 2651 3396; x_wconf 89' lang='lat' dir='ltr'><strong>actu</strong></span> <span class='ocrx_word' id='word_1_310' title='bbox 2684 3334 3013 3410; x_wconf 82' lang='lat' dir='ltr'><strong>inferatur,</strong></span> <span class='ocrx_word' id='word_1_311' title='bbox 3043 3356 3163 3401; x_wconf 91' lang='lat' dir='ltr'><strong>non</strong></span> 
     </span>
     <span class='ocr_line' id='line_1_31' title="bbox 694 3431 3170 3520; baseline 0.005 -29"><span class='ocrx_word' id='word_1_312' title='bbox 694 3431 857 3491; x_wconf 79' lang='lat' dir='ltr'><strong>esset</strong></span> <span class='ocrx_word' id='word_1_313' title='bbox 887 3431 1208 3509; x_wconf 85' lang='lat' dir='ltr'><strong>peccatum</strong></span> <span class='ocrx_word' id='word_1_314' title='bbox 1245 3431 1527 3502; x_wconf 84' lang='lat' dir='ltr'><strong>mortale,</strong></span> <span class='ocrx_word' id='word_1_315' title='bbox 1563 3431 1717 3512; x_wconf 88' lang='lat' dir='ltr'><strong>puta</strong></span> <span class='ocrx_word' id='word_1_316' title='bbox 1749 3432 1804 3494; x_wconf 88' lang='lat' dir='ltr'><strong>si</strong></span> <span class='ocrx_word' id='word_1_317' title='bbox 1835 3432 2061 3512; x_wconf 83' lang='lat' dir='ltr'><strong>aliquis</strong></span> <span class='ocrx_word' id='word_1_318' title='bbox 2099 3452 2320 3514; x_wconf 88' lang='lat' dir='ltr'><strong>parum</strong></span> <span class='ocrx_word' id='word_1_319' title='bbox 2359 3435 2559 3499; x_wconf 87' lang='lat' dir='ltr'><strong>trahit</strong></span> <span class='ocrx_word' id='word_1_320' title='bbox 2594 3434 2870 3517; x_wconf 87' lang='lat' dir='ltr'><strong>aliquem</strong></span> <span class='ocrx_word' id='word_1_321' title='bbox 2906 3458 3170 3520; x_wconf 87' lang='lat' dir='ltr'><strong>puerum</strong></span> 
     </span>
     <span class='ocr_line' id='line_1_32' title="bbox 697 3531 1986 3613; baseline 0.004 -21"><span class='ocrx_word' id='word_1_322' title='bbox 697 3549 802 3612; x_wconf 90' lang='lat' dir='ltr'><strong>per</strong></span> <span class='ocrx_word' id='word_1_323' title='bbox 834 3531 1090 3612; x_wconf 90' lang='lat' dir='ltr'><strong>capillos</strong></span> <span class='ocrx_word' id='word_1_324' title='bbox 1124 3532 1225 3595; x_wconf 89' lang='lat' dir='ltr'><strong>vel</strong></span> <span class='ocrx_word' id='word_1_325' title='bbox 1260 3531 1495 3613; x_wconf 87' lang='lat' dir='ltr'><strong>aliquid</strong></span> <span class='ocrx_word' id='word_1_326' title='bbox 1528 3533 1886 3597; x_wconf 86' lang='lat' dir='ltr'><strong>huiusmodi</strong></span> <span class='ocrx_word' id='word_1_327' title='bbox 1925 3561 1986 3597; x_wconf 79' lang='lat'><strong>».</strong></span> 
     </span>
    </p>
   </div>
   <div class='ocr_carea' id='block_1_7' title="bbox 693 3673 3170 4342">
    <p class='ocr_par' dir='ltr' id='par_1_9' title="bbox 693 3673 3170 4342">
     <span class='ocr_line' id='line_1_33' title="bbox 807 3673 3167 3746; baseline 0.005 -21"><span class='ocrx_word' id='word_1_328' title='bbox 807 3673 915 3727; x_wconf 75' lang='lat' dir='ltr'><strong>XCI</strong></span> <span class='ocrx_word' id='word_1_329' title='bbox 927 3674 984 3724; x_wconf 84' lang='lat' dir='ltr'><strong>V.</strong></span> <span class='ocrx_word' id='word_1_330' title='bbox 1008 3674 1054 3727; x_wconf 66' lang='lat'><strong>4.</strong></span> <span class='ocrx_word' id='word_1_331' title='bbox 1079 3675 1149 3726; x_wconf 89' lang='lat' dir='ltr'><strong>De</strong></span> <span class='ocrx_word' id='word_1_332' title='bbox 1177 3675 1369 3726; x_wconf 81' lang='lat' dir='ltr'><strong>filiabus</strong></span> <span class='ocrx_word' id='word_1_333' title='bbox 1396 3673 1513 3734; x_wconf 80' lang='lat' dir='ltr'><strong>irae,</strong></span> <span class='ocrx_word' id='word_1_334' title='bbox 1538 3689 1661 3741; x_wconf 80' lang='lat' dir='ltr'><strong>quac</strong></span> <span class='ocrx_word' id='word_1_335' title='bbox 1686 3676 1857 3740; x_wconf 85' lang='lat' dir='ltr'><strong>partim</strong></span> <span class='ocrx_word' id='word_1_336' title='bbox 1889 3686 1999 3730; x_wconf 83' lang='lat' dir='ltr'><strong>sunt</strong></span> <span class='ocrx_word' id='word_1_337' title='bbox 2025 3692 2084 3730; x_wconf 87' lang='lat' dir='ltr'><strong>ex</strong></span> <span class='ocrx_word' id='word_1_338' title='bbox 2117 3681 2281 3743; x_wconf 84' lang='lat' dir='ltr'><strong>corde,</strong></span> <span class='ocrx_word' id='word_1_339' title='bbox 2307 3687 2356 3732; x_wconf 92' lang='lat' dir='ltr'><strong>ut</strong></span> <span class='ocrx_word' id='word_1_340' title='bbox 2385 3681 2651 3744; x_wconf 73' lang='lat' dir='ltr'><strong>Indignatio</strong></span> <span class='ocrx_word' id='word_1_341' title='bbox 2679 3689 2726 3734; x_wconf 86' lang='lat' dir='ltr'><strong>et</strong></span> <span class='ocrx_word' id='word_1_342' title='bbox 2755 3684 2945 3736; x_wconf 83' lang='lat' dir='ltr'><strong>Tumor</strong></span> <span class='ocrx_word' id='word_1_343' title='bbox 2974 3683 3167 3746; x_wconf 77' lang='lat' dir='ltr'><strong>mentiS,</strong></span> 
     </span>
     <span class='ocr_line' id='line_1_34' title="bbox 699 3757 3166 3833; baseline 0.004 -24"><span class='ocrx_word' id='word_1_344' title='bbox 699 3757 874 3823; x_wconf 77' lang='lat' dir='ltr'><strong>partim</strong></span> <span class='ocrx_word' id='word_1_345' title='bbox 911 3758 958 3810; x_wconf 90' lang='lat' dir='ltr'><strong>in</strong></span> <span class='ocrx_word' id='word_1_346' title='bbox 998 3773 1096 3818; x_wconf 88' lang='lat' dir='ltr'><strong>ore,</strong></span> <span class='ocrx_word' id='word_1_347' title='bbox 1136 3768 1189 3812; x_wconf 89' lang='lat' dir='ltr'><strong>ut</strong></span> <span class='ocrx_word' id='word_1_348' title='bbox 1225 3757 1438 3817; x_wconf 83' lang='lat' dir='ltr'><strong>Clamor.</strong></span> <span class='ocrx_word' id='word_1_349' title='bbox 1477 3759 1800 3824; x_wconf 78' lang='lat' dir='ltr'><strong>Blaspnemia‚</strong></span> <span class='ocrx_word' id='word_1_350' title='bbox 1836 3759 2142 3815; x_wconf 72' lang='lat' dir='ltr'><strong>Contumelia</strong></span> <span class='ocrx_word' id='word_1_351' title='bbox 2182 3769 2229 3816; x_wconf 89' lang='lat' dir='ltr'><strong>et</strong></span> <span class='ocrx_word' id='word_1_352' title='bbox 2259 3764 2547 3828; x_wconf 82' lang='lat' dir='ltr'><strong>Maledictio,</strong></span> <span class='ocrx_word' id='word_1_353' title='bbox 2594 3764 2770 3832; x_wconf 84' lang='lat' dir='ltr'><strong>partim</strong></span> <span class='ocrx_word' id='word_1_354' title='bbox 2810 3766 2859 3819; x_wconf 89' lang='lat' dir='ltr'><strong>in</strong></span> <span class='ocrx_word' id='word_1_355' title='bbox 2897 3781 3071 3833; x_wconf 81' lang='lat' dir='ltr'><strong>opere,</strong></span> <span class='ocrx_word' id='word_1_356' title='bbox 3116 3778 3166 3819; x_wconf 92' lang='lat' dir='ltr'><strong>ut</strong></span> 
     </span>
     <span class='ocr_line' id='line_1_35' title="bbox 697 3842 3166 3918; baseline 0.005 -24"><span class='ocrx_word' id='word_1_357' title='bbox 697 3842 865 3906; x_wconf 66' lang='lat' dir='ltr'><strong>nixae,</strong></span> <span class='ocrx_word' id='word_1_358' title='bbox 887 3844 1096 3904; x_wconf 80' lang='lat' dir='ltr'><strong>Pugnae,</strong></span> <span class='ocrx_word' id='word_1_359' title='bbox 1116 3843 1408 3905; x_wconf 76' lang='lat' dir='ltr'><strong>SeditioneS,</strong></span> <span class='ocrx_word' id='word_1_360' title='bbox 1433 3845 1667 3904; x_wconf 88' lang='lat' dir='ltr'><strong>Vulnera,</strong></span> <span class='ocrx_word' id='word_1_361' title='bbox 1687 3845 2014 3899; x_wconf 83' lang='lat' dir='ltr'><strong>diversimode</strong></span> <span class='ocrx_word' id='word_1_362' title='bbox 2036 3850 2326 3911; x_wconf 82' lang='lat' dir='ltr'><strong>loquendum</strong></span> <span class='ocrx_word' id='word_1_363' title='bbox 2353 3857 2443 3912; x_wconf 82' lang='lat' dir='ltr'><strong>est,</strong></span> <span class='ocrx_word' id='word_1_364' title='bbox 2471 3852 2740 3903; x_wconf 85' lang='lat' dir='ltr'><strong>secundum</strong></span> <span class='ocrx_word' id='word_1_365' title='bbox 2766 3856 2986 3914; x_wconf 74' lang='lat' dir='ltr'><strong>regulam</strong></span> <span class='ocrx_word' id='word_1_366' title='bbox 3017 3867 3166 3918; x_wconf 77' lang='lat' dir='ltr'><strong>supra</strong></span> 
     </span>
     <span class='ocr_line' id='line_1_36' title="bbox 695 3929 3170 4002; baseline 0.004 -22"><span class='ocrx_word' id='word_1_367' title='bbox 695 3930 873 3980; x_wconf 80' lang='lat' dir='ltr'><strong>datam.</strong></span> <span class='ocrx_word' id='word_1_368' title='bbox 895 3929 1012 3980; x_wconf 83' lang='lat' dir='ltr'><strong>Nam</strong></span> <span class='ocrx_word' id='word_1_369' title='bbox 1038 3931 1082 3979; x_wconf 92' lang='grc' dir='ltr'><strong>·Ι.</strong></span> <span class='ocrx_word' id='word_1_370' title='bbox 1110 3929 1391 3992; x_wconf 81' lang='lat' dir='ltr'><strong>lndignatio,</strong></span> <span class='ocrx_word' id='word_1_371' title='bbox 1413 3944 1538 3994; x_wconf 84' lang='lat' dir='ltr'><strong>quae</strong></span> <span class='ocrx_word' id='word_1_372' title='bbox 1564 3936 1639 3982; x_wconf 80' lang='lat' dir='ltr'><strong>est</strong></span> <span class='ocrx_word' id='word_1_373' title='bbox 1658 3930 1964 3984; x_wconf 78' lang='lat' dir='ltr'><strong>inordinatus</strong></span> <span class='ocrx_word' id='word_1_374' title='bbox 1984 3935 2186 3986; x_wconf 74' lang='lat' dir='ltr'><strong>allectus</strong></span> <span class='ocrx_word' id='word_1_375' title='bbox 2206 3948 2265 3985; x_wconf 83' lang='lat' dir='ltr'><strong>ex</strong></span> <span class='ocrx_word' id='word_1_376' title='bbox 2289 3948 2365 3996; x_wconf 88' lang='lat' dir='ltr'><strong>eo,</strong></span> <span class='ocrx_word' id='word_1_377' title='bbox 2387 3937 2517 3999; x_wconf 85' lang='lat' dir='ltr'><strong>quod</strong></span> <span class='ocrx_word' id='word_1_378' title='bbox 2543 3935 2655 4000; x_wconf 82' lang='lat' dir='ltr'><strong>quis</strong></span> <span class='ocrx_word' id='word_1_379' title='bbox 2675 3944 2869 4002; x_wconf 83' lang='lat' dir='ltr'><strong>reputet</strong></span> <span class='ocrx_word' id='word_1_380' title='bbox 2889 3951 2945 3989; x_wconf 85' lang='lat' dir='ltr'><strong>se</strong></span> <span class='ocrx_word' id='word_1_381' title='bbox 2973 3937 3170 4002; x_wconf 70' lang='lat' dir='ltr'><strong>indigne</strong></span> 
     </span>
     <span class='ocr_line' id='line_1_37' title="bbox 700 4013 3164 4088; baseline 0.004 -23"><span class='ocrx_word' id='word_1_382' title='bbox 700 4027 727 4065; x_wconf 86' lang='lat' dir='ltr'><strong>a</strong></span> <span class='ocrx_word' id='word_1_383' title='bbox 768 4013 848 4066; x_wconf 80' lang='lat' dir='ltr'><strong>tali</strong></span> <span class='ocrx_word' id='word_1_384' title='bbox 875 4013 1092 4072; x_wconf 84' lang='lat' dir='ltr'><strong>tractari,</strong></span> <span class='ocrx_word' id='word_1_385' title='bbox 1119 4013 1439 4067; x_wconf 88' lang='lat' dir='ltr'><strong>communiter</strong></span> <span class='ocrx_word' id='word_1_386' title='bbox 1466 4023 1540 4067; x_wconf 89' lang='lat' dir='ltr'><strong>est</strong></span> <span class='ocrx_word' id='word_1_387' title='bbox 1569 4015 1782 4068; x_wconf 82' lang='lat' dir='ltr'><strong>veniale:</strong></span> <span class='ocrx_word' id='word_1_388' title='bbox 1812 4016 1911 4069; x_wconf 89' lang='lat' dir='ltr'><strong>imo</strong></span> <span class='ocrx_word' id='word_1_389' title='bbox 1938 4016 1979 4070; x_wconf 91' lang='lat' dir='ltr'><strong>si</strong></span> <span class='ocrx_word' id='word_1_390' title='bbox 2005 4032 2065 4070; x_wconf 82' lang='lat' dir='ltr'><strong>ex</strong></span> <span class='ocrx_word' id='word_1_391' title='bbox 2091 4017 2222 4071; x_wconf 87' lang='lat' dir='ltr'><strong>iusto</strong></span> <span class='ocrx_word' id='word_1_392' title='bbox 2252 4018 2457 4073; x_wconf 86' lang='lat' dir='ltr'><strong>rationis</strong></span> <span class='ocrx_word' id='word_1_393' title='bbox 2482 4019 2665 4073; x_wconf 90' lang='lat' dir='ltr'><strong>iudicio</strong></span> <span class='ocrx_word' id='word_1_394' title='bbox 2699 4025 2953 4088; x_wconf 79' lang='lat' dir='ltr'><strong>procedat,</strong></span> <span class='ocrx_word' id='word_1_395' title='bbox 2982 4028 3164 4076; x_wconf 87' lang='lat' dir='ltr'><strong>nullum</strong></span> 
     </span>
     <span class='ocr_line' id='line_1_38' title="bbox 700 4099 3158 4171; baseline 0.004 -22"><span class='ocrx_word' id='word_1_396' title='bbox 700 4104 787 4150; x_wconf 84' lang='lat' dir='ltr'><strong>est.</strong></span> <span class='ocrx_word' id='word_1_397' title='bbox 819 4100 990 4150; x_wconf 81' lang='lat' dir='ltr'><strong>Posset</strong></span> <span class='ocrx_word' id='word_1_398' title='bbox 1029 4106 1187 4150; x_wconf 88' lang='lat' dir='ltr'><strong>tamen</strong></span> <span class='ocrx_word' id='word_1_399' title='bbox 1213 4113 1321 4151; x_wconf 80' lang='lat' dir='ltr'><strong>esse</strong></span> <span class='ocrx_word' id='word_1_400' title='bbox 1360 4101 1579 4160; x_wconf 81' lang='lat' dir='ltr'><strong>mortale,</strong></span> <span class='ocrx_word' id='word_1_401' title='bbox 1608 4099 1648 4152; x_wconf 83' lang='lat' dir='ltr'><strong>si</strong></span> <span class='ocrx_word' id='word_1_402' title='bbox 1676 4110 1914 4154; x_wconf 72' lang='lat' dir='ltr'><strong>cresceret</strong></span> <span class='ocrx_word' id='word_1_403' title='bbox 1944 4117 2094 4168; x_wconf 82' lang='lat' dir='ltr'><strong>usque</strong></span> <span class='ocrx_word' id='word_1_404' title='bbox 2120 4105 2180 4154; x_wconf 82' lang='lat' dir='ltr'><strong>ad</strong></span> <span class='ocrx_word' id='word_1_405' title='bbox 2209 4104 2526 4157; x_wconf 84' lang='lat' dir='ltr'><strong>deliberatum</strong></span> <span class='ocrx_word' id='word_1_406' title='bbox 2555 4105 2721 4158; x_wconf 89' lang='lat' dir='ltr'><strong>odium</strong></span> <span class='ocrx_word' id='word_1_407' title='bbox 2756 4115 2802 4159; x_wconf 88' lang='lat' dir='ltr'><strong>et</strong></span> <span class='ocrx_word' id='word_1_408' title='bbox 2831 4115 3158 4171; x_wconf 80' lang='lat' dir='ltr'><strong>contemplum</strong></span> 
     </span>
     <span class='ocr_line' id='line_1_39' title="bbox 703 4184 3162 4253; baseline 0.003 -18"><span class='ocrx_word' id='word_1_409' title='bbox 703 4197 934 4248; x_wconf 61' lang='lat' dir='ltr'><strong>personae</strong></span> <span class='ocrx_word' id='word_1_410' title='bbox 960 4196 1175 4244; x_wconf 78' lang='lat' dir='ltr'><strong>gravem.</strong></span> <span class='ocrx_word' id='word_1_411' title='bbox 1208 4186 1256 4234; x_wconf 79' lang='lat'><strong>2.</strong></span> <span class='ocrx_word' id='word_1_412' title='bbox 1286 4185 1471 4236; x_wconf 83' lang='lat' dir='ltr'><strong>Tumor</strong></span> <span class='ocrx_word' id='word_1_413' title='bbox 1511 4184 1701 4246; x_wconf 69' lang='lat' dir='ltr'><strong>mentiS,</strong></span> <span class='ocrx_word' id='word_1_414' title='bbox 1729 4200 1827 4249; x_wconf 89' lang='lat' dir='ltr'><strong>quo</strong></span> <span class='ocrx_word' id='word_1_415' title='bbox 1866 4185 1975 4251; x_wconf 82' lang='lat' dir='ltr'><strong>quis</strong></span> <span class='ocrx_word' id='word_1_416' title='bbox 2014 4201 2208 4240; x_wconf 84' lang='lat' dir='ltr'><strong>morose</strong></span> <span class='ocrx_word' id='word_1_417' title='bbox 2249 4188 2495 4253; x_wconf 81' lang='lat' dir='ltr'><strong>excogitat</strong></span> <span class='ocrx_word' id='word_1_418' title='bbox 2534 4189 2757 4244; x_wconf 81' lang='lat' dir='ltr'><strong>diversas</strong></span> <span class='ocrx_word' id='word_1_419' title='bbox 2786 4192 2893 4244; x_wconf 81' lang='lat' dir='ltr'><strong>vias</strong></span> <span class='ocrx_word' id='word_1_420' title='bbox 2920 4190 3162 4244; x_wconf 78' lang='lat' dir='ltr'><strong>vindictae</strong></span> 
     </span>
     <span class='ocr_line' id='line_1_40' title="bbox 693 4265 3163 4342; baseline 0.006 -25"><span class='ocrx_word' id='word_1_421' title='bbox 693 4265 851 4333; x_wconf 73' lang='lat' dir='ltr'><strong>iisque</strong></span> <span class='ocrx_word' id='word_1_422' title='bbox 888 4265 1265 4328; x_wconf 80' lang='lat' dir='ltr'><strong>cogitationibus</strong></span> <span class='ocrx_word' id='word_1_423' title='bbox 1305 4267 1512 4320; x_wconf 86' lang='lat' dir='ltr'><strong>animum</strong></span> <span class='ocrx_word' id='word_1_424' title='bbox 1541 4269 1801 4329; x_wconf 72' lang='lat' dir='ltr'><strong>tumefecit,</strong></span> <span class='ocrx_word' id='word_1_425' title='bbox 1827 4274 1969 4335; x_wconf 82' lang='lat' dir='ltr'><strong>quale</strong></span> <span class='ocrx_word' id='word_1_426' title='bbox 1998 4281 2246 4334; x_wconf 79' lang='lat' dir='ltr'><strong>peccatum</strong></span> <span class='ocrx_word' id='word_1_427' title='bbox 2275 4272 2354 4333; x_wconf 87' lang='lat' dir='ltr'><strong>sit,</strong></span> <span class='ocrx_word' id='word_1_428' title='bbox 2385 4272 2695 4328; x_wconf 83' lang='lat' dir='ltr'><strong>iudicandum</strong></span> <span class='ocrx_word' id='word_1_429' title='bbox 2733 4285 2810 4329; x_wconf 87' lang='lat' dir='ltr'><strong>est</strong></span> <span class='ocrx_word' id='word_1_430' title='bbox 2837 4291 2899 4329; x_wconf 82' lang='lat' dir='ltr'><strong>ex</strong></span> <span class='ocrx_word' id='word_1_431' title='bbox 2927 4276 3163 4342; x_wconf 80' lang='lat' dir='ltr'><strong>qualitate</strong></span> 
     </span>
    </p>
   </div>
   <div class='ocr_carea' id='block_1_8' title="bbox 696 4349 3165 4512">
    <p class='ocr_par' dir='ltr' id='par_1_10' title="bbox 696 4349 3165 4512">
     <span class='ocr_line' id='line_1_41' title="bbox 697 4349 3165 4422; baseline 0.007 -21"><span class='ocrx_word' id='word_1_432' title='bbox 697 4349 955 4410; x_wconf 83' lang='lat' dir='ltr'><strong>vindictae,</strong></span> <span class='ocrx_word' id='word_1_433' title='bbox 980 4364 1105 4414; x_wconf 81' lang='lat' dir='ltr'><strong>quae</strong></span> <span class='ocrx_word' id='word_1_434' title='bbox 1142 4350 1462 4414; x_wconf 80' lang='lat' dir='ltr'><strong>excogitatur.</strong></span> <span class='ocrx_word' id='word_1_435' title='bbox 1494 4355 1553 4406; x_wconf 90' lang='lat' dir='ltr'><strong>V.</strong></span> <span class='ocrx_word' id='word_1_436' title='bbox 1582 4354 1690 4406; x_wconf 88' lang='lat' dir='ltr'><strong>Tol.</strong></span> <span class='ocrx_word' id='word_1_437' title='bbox 1718 4355 1749 4406; x_wconf 89' lang='lat' dir='ltr'><strong>l.</strong></span> <span class='ocrx_word' id='word_1_438' title='bbox 1789 4357 1837 4405; x_wconf 88' lang='lat'><strong>8.</strong></span> <span class='ocrx_word' id='word_1_439' title='bbox 1878 4370 1920 4407; x_wconf 92' lang='lat' dir='ltr'><strong>c.</strong></span> <span class='ocrx_word' id='word_1_440' title='bbox 1954 4357 2038 4409; x_wconf 82' lang='lat'><strong>58.</strong></span> <span class='ocrx_word' id='word_1_441' title='bbox 2080 4358 2127 4409; x_wconf 89' lang='grc'><strong>3.</strong></span> <span class='ocrx_word' id='word_1_442' title='bbox 2166 4358 2379 4420; x_wconf 85' lang='lat' dir='ltr'><strong>Clamor,</strong></span> <span class='ocrx_word' id='word_1_443' title='bbox 2407 4373 2517 4413; x_wconf 88' lang='lat' dir='ltr'><strong>cum</strong></span> <span class='ocrx_word' id='word_1_444' title='bbox 2553 4360 2709 4414; x_wconf 74' lang='lat' dir='ltr'><strong>iratus</strong></span> <span class='ocrx_word' id='word_1_445' title='bbox 2752 4362 2951 4416; x_wconf 80' lang='lat' dir='ltr'><strong>extollit</strong></span> <span class='ocrx_word' id='word_1_446' title='bbox 2977 4377 3165 4422; x_wconf 82' lang='lat' dir='ltr'><strong>vocem.</strong></span> 
     </span>
     <span class='ocr_line' id='line_1_42' title="bbox 696 4432 3160 4512; baseline 0.007 -28"><span class='ocrx_word' id='word_1_447' title='bbox 696 4438 845 4485; x_wconf 87' lang='lat' dir='ltr'><strong>multa</strong></span> <span class='ocrx_word' id='word_1_448' title='bbox 893 4432 1167 4486; x_wconf 81' lang='lat' dir='ltr'><strong>inordinate</strong></span> <span class='ocrx_word' id='word_1_449' title='bbox 1209 4444 1258 4487; x_wconf 88' lang='lat' dir='ltr'><strong>et</strong></span> <span class='ocrx_word' id='word_1_450' title='bbox 1297 4441 1496 4489; x_wconf 80' lang='lat' dir='ltr'><strong>contuse</strong></span> <span class='ocrx_word' id='word_1_451' title='bbox 1546 4440 1815 4500; x_wconf 80' lang='lat' dir='ltr'><strong>effundenS,</strong></span> <span class='ocrx_word' id='word_1_452' title='bbox 1855 4447 1929 4491; x_wconf 81' lang='lat' dir='ltr'><strong>est</strong></span> <span class='ocrx_word' id='word_1_453' title='bbox 1977 4441 2162 4494; x_wconf 83' lang='lat' dir='ltr'><strong>veniale</strong></span> <span class='ocrx_word' id='word_1_454' title='bbox 2214 4444 2557 4512; x_wconf 82' lang='lat' dir='ltr'><strong>communiter,</strong></span> <span class='ocrx_word' id='word_1_455' title='bbox 2601 4445 2693 4500; x_wconf 87' lang='lat' dir='ltr'><strong>nisi</strong></span> <span class='ocrx_word' id='word_1_456' title='bbox 2745 4447 2882 4501; x_wconf 80' lang='lat' dir='ltr'><strong>alind</strong></span> <span class='ocrx_word' id='word_1_457' title='bbox 2935 4451 3160 4501; x_wconf 73' lang='lat' dir='ltr'><strong>addatur.</strong></span> 
     </span>
    </p>
   </div>
   <div class='ocr_carea' id='block_1_9' title="bbox 697 4517 3160 4679">
    <p class='ocr_par' dir='ltr' id='par_1_11' title="bbox 697 4517 3160 4679">
     <span class='ocr_line' id='line_1_43' title="bbox 697 4517 3160 4598; baseline 0.006 -28"><span class='ocrx_word' id='word_1_458' title='bbox 697 4518 745 4570; x_wconf 79' lang='lat'><strong>4.</strong></span> <span class='ocrx_word' id='word_1_459' title='bbox 769 4517 1071 4582; x_wconf 77' lang='lat' dir='ltr'><strong>Blaspliemia</strong></span> <span class='ocrx_word' id='word_1_460' title='bbox 1091 4525 1165 4570; x_wconf 81' lang='lat' dir='ltr'><strong>est</strong></span> <span class='ocrx_word' id='word_1_461' title='bbox 1191 4521 1409 4580; x_wconf 80' lang='lat' dir='ltr'><strong>mortale,</strong></span> <span class='ocrx_word' id='word_1_462' title='bbox 1431 4523 1491 4573; x_wconf 84' lang='lat' dir='ltr'><strong>dc</strong></span> <span class='ocrx_word' id='word_1_463' title='bbox 1517 4537 1607 4586; x_wconf 78' lang='lat' dir='ltr'><strong>qua</strong></span> <span class='ocrx_word' id='word_1_464' title='bbox 1630 4521 1750 4574; x_wconf 89' lang='lat' dir='ltr'><strong>inlra</strong></span> <span class='ocrx_word' id='word_1_465' title='bbox 1775 4532 1832 4576; x_wconf 88' lang='lat' dir='ltr'><strong>tr.</strong></span> <span class='ocrx_word' id='word_1_466' title='bbox 1861 4525 1940 4576; x_wconf 86' lang='lat' dir='ltr'><strong>Vl.</strong></span> <span class='ocrx_word' id='word_1_467' title='bbox 1970 4534 2087 4578; x_wconf 83' lang='lat' dir='ltr'><strong>sect.</strong></span> <span class='ocrx_word' id='word_1_468' title='bbox 2113 4529 2160 4581; x_wconf 71' lang='lat'><strong>9..</strong></span> <span class='ocrx_word' id='word_1_469' title='bbox 2183 4544 2224 4580; x_wconf 87' lang='lat' dir='ltr'><strong>c.</strong></span> <span class='ocrx_word' id='word_1_470' title='bbox 2251 4531 2295 4580; x_wconf 88' lang='lat' dir='ltr'><strong>l.</strong></span> <span class='ocrx_word' id='word_1_471' title='bbox 2322 4527 2644 4592; x_wconf 84' lang='lat' dir='ltr'><strong>Contumelia,</strong></span> <span class='ocrx_word' id='word_1_472' title='bbox 2672 4547 2764 4595; x_wconf 81' lang='lat' dir='ltr'><strong>qua</strong></span> <span class='ocrx_word' id='word_1_473' title='bbox 2801 4531 2914 4597; x_wconf 85' lang='lat' dir='ltr'><strong>quis</strong></span> <span class='ocrx_word' id='word_1_474' title='bbox 2936 4533 3160 4598; x_wconf 75' lang='lat' dir='ltr'><strong>proximo</strong></span> 
     </span>
     <span class='ocr_line' id='line_1_44' title="bbox 698 4600 3156 4679; baseline 0.006 -25"><span class='ocrx_word' id='word_1_475' title='bbox 698 4604 875 4654; x_wconf 86' lang='lat' dir='ltr'><strong>malum</strong></span> <span class='ocrx_word' id='word_1_476' title='bbox 912 4600 1106 4664; x_wconf 75' lang='lat' dir='ltr'><strong>aliquod</strong></span> <span class='ocrx_word' id='word_1_477' title='bbox 1145 4601 1327 4666; x_wconf 77' lang='lat' dir='ltr'><strong>obiicit,</strong></span> <span class='ocrx_word' id='word_1_478' title='bbox 1364 4620 1471 4658; x_wconf 80' lang='lat' dir='ltr'><strong>cum</strong></span> <span class='ocrx_word' id='word_1_479' title='bbox 1509 4604 1774 4660; x_wconf 83' lang='lat' dir='ltr'><strong>intentione</strong></span> <span class='ocrx_word' id='word_1_480' title='bbox 1812 4607 1951 4662; x_wconf 86' lang='lat' dir='ltr'><strong>illum</strong></span> <span class='ocrx_word' id='word_1_481' title='bbox 1988 4610 2327 4676; x_wconf 71' lang='lat' dir='ltr'><strong>inhonorandi,</strong></span> <span class='ocrx_word' id='word_1_482' title='bbox 2365 4624 2441 4666; x_wconf 86' lang='lat' dir='ltr'><strong>est</strong></span> <span class='ocrx_word' id='word_1_483' title='bbox 2479 4630 2539 4667; x_wconf 86' lang='lat' dir='ltr'><strong>ex</strong></span> <span class='ocrx_word' id='word_1_484' title='bbox 2583 4630 2762 4679; x_wconf 81' lang='lat' dir='ltr'><strong>genere</strong></span> <span class='ocrx_word' id='word_1_485' title='bbox 2806 4632 2898 4670; x_wconf 89' lang='lat' dir='ltr'><strong>suo</strong></span> <span class='ocrx_word' id='word_1_486' title='bbox 2939 4619 3156 4672; x_wconf 82' lang='lat' dir='ltr'><strong>mortale.</strong></span> 
     </span>
    </p>
   </div>
  </div>
 </body>
</html>
