3529 5158
854 398 1339 440 PROPOSITIONUM
1384 399 1833 439 DAMNATARUM.
1871 399 1950 437 AB
1991 397 2188 437 INNOC.
2233 398 2308 437 xl.
2669 400 2814 438 xxlx

446 504 505 559 5.
532 503 643 558 An
669 503 902 574 peccet
924 499 1315 575 mortaliter,
1343 499 1458 574 qui
1493 502 1717 559 actum
1750 498 2130 558 dilectionis
2159 498 2282 557 Dei
2316 500 2520 558 semel
2551 502 2810 559 tantum

360 591 424 650 in
476 589 620 648 vita
665 588 956 665 eliceret,
1007 588 1449 648 condemnare
1499 605 1635 647 non
1684 589 2028 647 audemus,

446 680 506 737 6.
548 677 906 737 Probabile
943 681 1065 753 est,
1103 694 1187 737 ne
1220 678 1507 753 singulis
1541 677 1808 751 quidem
1852 677 2149 751 rigorose
2182 676 2665 751 quinquenniis
2702 695 2820 752 per

360 784 429 828 se
475 766 776 842 obligare
821 770 1250 841 praeceptum
1303 767 1605 827 caritatis
1650 783 1814 842 erga
1861 767 2096 825 Deum.

454 860 509 916 7.
544 857 734 915 Tunc
780 857 995 915 solum
1044 855 1318 931 obligat,
1368 856 1639 931 qua-ndo
1683 861 1993 916 tenemur
2029 854 2376 914 iustificari
2423 858 2492 913 et
2539 871 2671 914 non
2705 856 2821 915 hm

366 947 597 1005 bemus
642 945 839 1005 aliam
888 945 1090 1021 viam,
1141 962 1273 1019 qua
1318 944 1667 1005 iustificari
1715 945 2066 1020 possimus.

451 1038 510 1094 8.
539 1035 901 1095 comedere
923 1040 993 1093 et
1026 1034 1253 1094 bibere
1277 1051 1489 1110 usque
1520 1035 1603 1093 ad
1638 1034 2016 1094 satietatem
2050 1032 2136 1092 ob
2162 1033 2367 1092 solam
2403 1033 2814 1109 voluptatem

368 1140 497 1183 non
543 1126 648 1183 est
693 1127 1062 1199 peccatum,
1098 1123 1292 1183 modo
1340 1140 1473 1183 non
1512 1123 1690 1183 obsit
1735 1122 2138 1198 valetudini3
2175 1122 2334 1195 quia
2379 1123 2562 1183 licite
2598 1128 2822 1199 potest

367 1213 706 1289 appetitus
753 1213 1085 1272 naturalis
1131 1213 1274 1271 suis
1320 1212 1583 1272 actibus
1630 1212 1785 1271 frui.

453 1306 513 1362 9.
548 1303 740 1376 Opus
770 1301 1068 1377 coniugii
1101 1302 1186 1361 ob
1218 1304 1423 1362 solam
1468 1302 1883 1377 voluptatem
1931 1301 2294 1360 exercitum
2334 1301 2514 1360 omni
2547 1301 2820 1377 penitus

368 1396 547 1452 caret
592 1392 789 1467 culpa
834 1408 911 1450 ac
955 1391 1221 1451 defectu
1274 1391 1540 1451 veniali.

458 1485 560 1540 10.
610 1482 759 1540 Non
808 1485 1115 1540 tenemur
1160 1481 1533 1555 proximum
1584 1480 1866 1555 diligere
1912 1483 2061 1540 actu
2111 1480 2377 1539 interno
2423 1484 2493 1540 et
2539 1480 2819 1540 formali.

455 1573 556 1629 11.
605 1572 973 1644 Praecepto
1034 1571 1409 1644 proximum
1465 1569 1790 1646 diligendi
1853 1570 2239 1629 satisfacere
2291 1585 2649 1644 possumus
2705 1587 2824 1645 per

374 1660 542 1721 solos
587 1662 780 1720 actus
826 1662 1161 1719 externos.

461 1751 562 1807 12.
600 1748 735 1807 Vix
777 1749 850 1807 in
899 1748 1313 1808 secularibus
1350 1749 1677 1828 invenies,
1717 1749 1919 1808 etiam
1969 1748 2036 1805 in
2084 1746 2377 1825 regibus,
2412 1746 2821 1821 superfluum

374 1837 598 1898 statui.
649 1838 739 1897 Et
784 1838 882 1897 ita
927 1839 1045 1897 vix
1093 1838 1339 1912 aliquis
1386 1840 1659 1897 tenetur
1702 1838 1789 1897 ad
1835 1838 2341 1912 eleemosynam,
2394 1836 2664 1911 qnando
2728 1839 2826 1895 te-

375 1932 569 1987 netur
615 1930 879 1986 tautum
927 1944 1011 1986 ex
1059 1926 1399 2001 superfluo
1444 1926 1674 1986 statui.

460 2018 562 2075 13.
614 2016 687 2075 Si
733 2033 885 2075 cum
941 2016 1171 2076 debita
1226 2015 1677 2075 moderatione
1736 2014 1963 2093 facias,
2012 2019 2204 2090 potes
2250 2015 2505 2090 absque
2559 2017 2829 2089 peccato

375 2105 633 2164 mortali
682 2105 766 2164 de
797 2106 943 2164 vita
986 2105 1272 2164 alicuius
1319 2105 1573 2165 tristari
1621 2110 1690 2164 et
1736 2106 1820 2164 de
1868 2104 2049 2164 illins
2081 2108 2292 2164 morte
2341 2104 2633 2164 naturali
2667 2120 2828 2179 gau-

374 2194 546 2269 dere,
582 2194 765 2253 illam
814 2194 1132 2253 inefficaci
1178 2194 1423 2254 affectu
1458 2198 1682 2269 petere
1728 2198 1798 2254 et
1844 2194 2241 2271 desiderare,
2277 2211 2412 2253 non
2444 2192 2712 2269 quidem
2747 2208 2827 2251 ex

374 2283 800 2358 displicentia
843 2299 1186 2358 personae,
1222 2284 1336 2342 sed
1386 2284 1472 2342 ob
1515 2283 1790 2358 aliquod
1839 2284 2202 2357 temporale
2239 2284 2782 2343 emolumentum.

463 2375 566 2431 14.
604 2371 887 2431 Licitum
935 2377 1039 2431 est
1083 2372 1392 2432 absoluto
1437 2371 1775 2431 desiderio
1816 2388 2058 2446 cupere
2103 2374 2382 2431 mortem
2427 2372 2660 2448 patris,
2694 2386 2828 2430 non

375 2461 641 2537 quidem
675 2464 754 2520 ut
786 2461 1031 2520 malum
1081 2462 1310 2562 patris,
1347 2461 1464 2521 sed
1510 2466 1590 2521 nt
1635 2462 1885 2521 bonnm
1932 2460 2286 2537 cupientis,
2322 2461 2484 2536 quia
2515 2461 2828 2521 nimirum

374 2551 436 2612 ei
481 2550 860 2610 obventura
904 2554 1007 2611 est
1054 2551 1331 2625 pinguis
1376 2550 1730 2613 hereditas.

466 2644 569 2700 15
608 2640 893 2700 Licitum
944 2643 1047 2700 est
1110 2640 1248 2700 filio
1310 2639 1599 2716 gaudere
1647 2641 1730 2701 de
1787 2620 2145 2716 parricidio
2203 2641 2589 2716 parentisa
2548 2656 2705 2700 ase
2760 2639 2830 2698 in

380 2729 697 2789 ebrietate
726 2734 1130 2809 pet-petram,
1165 2735 1439 2805 propter
1486 2731 1796 2807 ingentes
1843 2730 2121 2790 divitias
2152 2730 2311 2791 iude
2341 2748 2424 2791 ex
2460 2729 2834 2790 hereditate

382 2822 788 2878 consecutas.

469 2909 572 2966 16.
607 2907 807 2967 Fides
854 2925 987 2967 non
1034 2913 1343 2970 censetur
1375 2910 1609 2970 cadere
1654 2911 1783 2970 sub
1827 2915 2254 2987 praeceptum
2303 2910 2590 2987 speciale
2634 2912 2706 2968 et
2735 2923 2835 2970 se·

379 2996 669 3056 cundum
716 3013 808 3056 se.

468 3087 572 3145 17.
615 3085 796 3145 Satis
841 3088 946 3144 est
982 3091 1206 3145 actum
1254 3088 1408 3146 fidei
1456 3089 1660 3147 semel
1706 3088 1776 3147 in
1827 3089 1974 3148 vita
2017 3090 2274 3149 elicere.

470 3177 573 3233 18.
624 3175 697 3234 Si
743 3191 784 3234 a
838 3177 1169 3249 potestate
1224 3176 1495 3250 publica
1551 3177 1704 3252 quis
1767 3178 2237 3254 interrogetur,
2287 3178 2483 3236 fidem
2543 3177 2836 3275 ingenue

380 3263 699 3340 confiteri,
735 3268 814 3322 ut
858 3263 1003 3323 Deo
1034 3268 1105 3324 et
1150 3265 1306 3324 fidei
1353 3266 1717 3343 gloriosum
1766 3268 2073 3326 consulo:
2114 3270 2353 3340 tacere,
2390 3269 2467 3324 ut
2511 3261 2836 3338 peccami—

382 3368 615 3413 nosum
663 3368 784 3427 per
828 3368 900 3412 se
944 3367 1081 3412 non
1127 3354 1391 3414 damno.
2891 3413 2900 3420 ,

472 3444 575 3502 19.
625 3442 963 3501 Voluntas
1008 3458 1141 3502 non
1188 3447 1415 3519 potest
1470 3443 1745 3519 efficere,
1796 3445 1876 3501 ut
1921 3457 2234 3502 assensus
2289 3442 2440 3502 fidei
2496 3442 2570 3501 in
2617 3441 2837 3517 seipso

382 3529 472 3590 sit
515 3530 731 3607 magis
762 3531 1011 3596 firmus.
1047 3548 1248 3607 qnam
1296 3538 1633 3592 mereatur
1664 3531 1930 3607 pondus
1978 3531 2311 3592 rationum
2359 3532 2445 3593 ad
2491 3548 2836 3592 assensum

386 3618 892 3694 impellentium.

472 3709 576 3769 20.
628 3709 810 3768 Hinc
862 3713 1086 3783 potest
1150 3712 1304 3786 quis
1365 3712 1735 3787 prudenter
1799 3712 2152 3787 repudiare
2215 3726 2582 3789 assensum,
2643 3725 2842 3785 quem

388 3797 674 3858 habebat
719 3800 1314 3872 supernaturalem.

473 3888 578 3945 21.
621 3889 962 3947 Assensus
993 3888 1148 3948 fidei
1182 3890 1716 3965 supernaturalis
1749 3893 1822 3949 et
1852 3889 2041 3948 utilis
2086 3888 2170 3947 ad
2204 3889 2488 3949 salutem
2527 3892 2666 3948 stat
2697 3905 2844 3947 cum

389 3975 629 4036 notitia
660 3976 879 4037 solum
917 3978 1245 4052 probabili
1280 3978 1735 4056 revelationis,
1773 3979 1905 4039 imo
1938 3996 2086 4038 cum
2121 3977 2494 4056 formidine,
2529 3994 2666 4052 qna
2695 3977 2848 4051 quis

392 4062 721 4142 formidet,
762 4082 851 4125 ne
896 4081 1031 4125 non
1081 4066 1171 4126 sit
1216 4068 1483 4128 locutus
1531 4068 1735 4128 Dens.

476 4155 583 4213 22.
609 4154 897 4215 Nonnisi
924 4155 1090 4215 fides
1120 4157 1320 4215 unius
1346 4157 1475 4216 Dei
1499 4156 1875 4217 necessaria
1897 4155 2170 4216 videtur
2199 4157 2598 4217 necessitate
2623 4154 2848 4234 medii,

394 4257 523 4300 non
568 4247 796 4302 autem
843 4244 1163 4318 explicita
1212 4246 1776 4306 Remuneratoris.

481 4333 583 4390 23.
607 4331 811 4391 Fides
841 4333 977 4392 late
1008 4332 1205 4410 dicta,
1232 4349 1317 4394 ex
1348 4334 1733 4394 testimonio
1766 4338 2221 4394 creaturarum
2255 4335 2542 4396 similive
2574 4332 2848 4408 motiVO,

399 4417 480 4476 ad
526 4420 1067 4481 iustificationem
1113 4423 1378 4483 sufficit.

485 4510 587 4569 24.
623 4510 885 4570 Vocare
916 4510 1132 4570 Deum
1180 4512 1252 4571 in
1301 4514 1543 4572 testem
1591 4512 1926 4572 mendacii
1973 4511 2145 4572 levis
2191 4529 2324 4571 non
2372 4516 2475 4572 est
2521 4512 2716 4570 tanta
2763 4509 2851 4567 ir-

401 4598 790 4678 reverentia,
831 4603 1106 4674 propter
1135 4618 1337 4676 qnam
1377 4600 1546 4661 velit
1582 4604 1703 4662 aut
1736 4602 1953 4677 possit
1982 4601 2301 4660 damnare
2331 4599 2685 4661 hominem.
