3529 5158
370 353 515 428 [431]
981 371 1065 411 AN
1103 371 1245 419 Quis
1283 372 1487 415 Possrr
1526 373 1599 414 sn
1637 372 1823 415 metm
1862 372 2246 414 mammeam
2732 361 2842 417 417

462 463 755 530 Ceterum
803 468 1009 551 opinio
1056 467 1304 547 Suarez,
1362 489 1520 552 quae
1567 471 1808 534 nullam
1853 470 2173 553 Episcopis
2236 490 2307 534 ac
2350 473 2646 555 praelatis
2693 474 2842 538 infe-

371 568 642 633 rioribus
673 589 881 634 secum
927 572 991 634 in
1038 572 1203 635 votis
1257 575 1323 637 et
1365 572 1938 657 irregularitatibus
1998 573 2391 656 dispensandi
2436 575 2565 639 sive
2612 576 2841 640 directe

371 670 503 734 sive
546 670 844 736 indirecte
891 676 1266 755 potestatem
1312 673 1466 738 facit
1509 675 1576 738 et
1618 674 1870 757 quidem
1901 675 1980 739 ob
2010 675 2169 739 hanc
2213 675 2541 754 rationem,
2578 677 2790 759 quod
2773 697 2840 741 1n

369 771 803 854 spiritualibus
834 775 1038 839 solum
1070 776 1358 841 Pontifici
1405 776 1776 853 subduntur,
1813 777 2076 841 asseclas
2122 796 2245 842 non
2290 777 2548 843 invenit.
2598 781 2732 845 Imo
2763 800 2839 845 110

370 874 502 958 ipse
548 876 797 958 quidem
844 878 1168 954 diffitetur,
1226 899 1363 943 eam
1410 879 1718 943 rationem
1762 898 1887 944 non
1934 878 2315 958 concludere,
2366 880 2421 944 si
2468 880 2650 946 aliter
2694 901 2840 946 con-

370 978 635 1044 suetudo
674 980 950 1057 evincat3
991 982 1201 1064 prouti
1230 983 1432 1065 reipsa
1459 982 1524 1046 et
1550 981 1933 1047 consuetudo
1966 982 2030 1045 et
2053 982 2395 1047 auctoritas
2426 983 2491 1047 id
2520 984 2838 1068 Episcopis

370 1080 670 1145 concedit.
705 1079 987 1164 Cumque
1022 1084 1367 1148 communis
1399 1084 1485 1148 sit
1515 1085 1667 1148 haec
1696 1084 1998 1161 doctrina,
2032 1103 2105 1148 eo
2138 1084 2274 1166 ipso
2320 1085 2470 1149 licet
2513 1105 2585 1150 ea
2632 1087 2728 1150 uti
2774 1087 2838 1150 in

370 1182 579 1264 praxi3
621 1182 770 1266 quia
805 1185 872 1248 in
918 1186 1184 1249 materia
1227 1185 1674 1250 iurisdictionis
1711 1186 1811 1249 vel
1840 1185 2179 1268 probabilis
2233 1188 2484 1251 tantum
2530 1189 2841 1252 sententia

371 1286 609 1349 certam
638 1285 805 1368 parit
840 1286 1348 1352 iurisdictionem.

461 1383 869 1452 Communem
900 1388 1248 1453 doctrinam
1285 1390 1371 1454 sic
1403 1390 1693 1472 proponit
1723 1388 1992 1454 Sanchez
2025 1388 2099 1453 de
2135 1388 2341 1453 Matr.
2376 1390 2484 1455 lib.
2506 1391 2567 1454 8.
2591 1391 2746 1474 disp.
2775 1391 2838 1455 3.

373 1508 431 1552 n.
473 1490 536 1552 3.
584 1513 619 1547 «
650 1488 1093 1555 Dubitandum
1122 1512 1359 1573 quoque
1405 1512 1533 1555 non
1579 1496 1690 1571 est,
1723 1511 1902 1575 posse
1948 1493 2261 1576 praelatos
2306 1512 2420 1559 suo
2467 1494 2839 1560 confessario

372 1592 779 1668 committere,
798 1596 873 1657 ut
888 1612 1031 1658 cum
1054 1593 1205 1677 ipsis
1229 1594 1539 1677 dispenset
1561 1595 1626 1659 in
1649 1596 1726 1658 iis
1753 1594 2058 1673 omnibus,
2078 1596 2141 1659 in
2163 1595 2390 1677 quibus
2414 1598 2675 1679 possunt
2698 1616 2841 1660 cum

374 1693 640 1758 subditis
679 1693 799 1777 ipsi
845 1694 1230 1778 dispensare3
1278 1715 1354 1760 ne
1401 1696 1723 1761 deterioris
1770 1696 2141 1761 conditionis
2189 1697 2456 1761 subditis
2502 1697 2647 1775 sint,
2697 1717 2839 1762 cum

375 1795 609 1860 subditi
640 1816 785 1880 prae
816 1798 1104 1862 manibus
1135 1798 1407 1863 habeant
1437 1799 1787 1882 praelatum
1819 1801 2134 1882 potentem
2158 1819 2300 1863 cum
2322 1800 2450 1865 illis
2466 1800 2838 1883 dispensare.

373 1899 579 1980 Atque
604 1897 1006 1964 durissimum
1046 1901 1209 1964 esset
1237 1918 1455 1984 cogere
1477 1901 1790 1983 praelatos
1823 1901 1941 1965 soli
1977 1900 2266 1966 Pontifici
2298 1901 2600 1979 subditos,
2633 1901 2840 1984 ipsum

375 2000 543 2065 adire
576 2000 651 2065 ad
687 2002 973 2083 quamvis
1010 2002 1533 2085 dispensationem
1565 2002 1987 2068 obtinendam.
2014 2003 2097 2066 Et
2119 2003 2282 2068 ratio
2321 2005 2434 2081 est,
2473 2004 2685 2085 quia...
2704 2022 2838 2087 cap.

375 2102 477 2167 fin.
518 2102 593 2166 de
630 2103 884 2169 Poenit.
933 2109 995 2169 et
1026 2105 1299 2171 Remiss.
1348 2105 1710 2191 indulgetur
1755 2106 2077 2189 Episcopis
2108 2108 2173 2170 et
2208 2106 2504 2189 praelatis
2541 2106 2840 2189 exemptis

376 2225 552 2288 posse
599 2207 718 2272 sibi
763 2208 989 2293 eligere
1019 2208 1466 2274 confessarium
1501 2210 1566 2272 et
1596 2209 1884 2291 quamvis
1929 2208 2018 2273 ibi
2064 2209 2271 2273 textus
2303 2208 2377 2273 de
2408 2209 2543 2274 sola
2589 2209 2840 2274 absolu-

375 2308 541 2374 tione
573 2311 1008 2375 sacramentali
1053 2311 1432 2376 mentionem
1459 2311 1671 2387 faciat,
1718 2314 1785 2375 at
1828 2330 2001 2375 mens
2048 2309 2172 2374 fuit
2216 2310 2315 2374 his
2360 2310 2656 2393 praelatis
2702 2329 2840 2393 pro·

375 2411 605 2494 spicere
628 2432 735 2496 per
764 2413 945 2477 illum
961 2413 1405 2478 confessarium
1421 2414 1484 2477 111
1510 2414 1816 2491 omnibus,
1837 2432 1996 2495 quae
2026 2415 2288 2497 possunt
2318 2412 2440 2497 ipsi
2468 2414 2532 2477 in
2558 2413 2839 2478 subditos

375 2534 666 2582 exercere.
706 2540 742 2574 »
785 2515 869 2581 Et
905 2516 1116 2583 allatis
1146 2516 1429 2600 pluribus
1460 2517 1597 2582 DD.
1636 2516 1881 2582 subdit·
1923 2540 1958 2574 «
1988 2515 2072 2581 Et
2106 2515 2272 2582 idem
2292 2515 2531 2581 docent
2540 2515 2696 2598 ..(et
2717 2535 2843 2581 me-

375 2618 526 2702 rito)
563 2619 638 2683 de
669 2619 965 2702 praelatis
1002 2619 1367 2734 Religionis.
1407 2620 1627 2684 Potest
1660 2619 1826 2683 enim
1857 2618 2168 2684 confessor
2199 2619 2323 2682 ab
2306 2619 2459 2702 ipsis
2497 2619 2729 2683 electus
2766 2636 2841 2683 ex

376 2739 588 2785 eorum
626 2720 1058 2786 commissione
1105 2741 1247 2786 cum
1291 2722 1444 2805 ipsis
1475 2721 1828 2804 dispensare
1880 2721 1943 2785 10
1992 2721 2297 2799 omnibus,
2346 2722 2409 2784 in
2448 2722 2674 2803 quibus
2718 2720 2840 2805 ipsi

377 2825 641 2907 praelati
677 2826 940 2908 possunt
969 2844 1112 2890 cum
1134 2825 1400 2890 subditis
1432 2849 1494 2889 ».

462 2926 658 2991 Addit
693 2946 875 3010 porro
924 2925 1190 2993 Sanehez
1237 2928 1385 2993 ibid.
1417 2949 1478 2992 n.
1513 2930 1574 2992 4.
1609 2928 2047 2993 difficultatem
2091 2927 2156 2992 in
2195 2947 2268 2993 00
2313 2927 2596 3004 residere,
2647 2946 2727 2991 an
2771 2927 2837 2991 in

376 3029 472 3095 his
502 3029 746 3113 possint
774 3029 1038 3112 praelati
1069 3048 1278 3095 0001110
1308 3029 1537 3094 directe
1567 3030 1920 3113 dispensare
1953 3031 2016 3093 et
2060 3029 2207 3094 ibid.
2241 3050 2302 3092 n.
2343 3030 2539 3091 6.-10.
2589 3047 2840 3110 respon-

377 3131 497 3209 det,
532 3131 914 3215 probabilius
944 3132 1008 3197 id
1054 3132 1494 3198 affirmandum
1538 3132 1614 3195 de
1652 3130 1956 3206 0100111110,
1992 3130 2100 3210 qui
2129 3129 2193 3192 id
2224 3129 2486 3212 possunt
2515 3127 2838 3192 indirecte.

377 3233 459 3298 Et
488 3253 630 3298 cum
676 3233 774 3298 his
814 3234 1065 3299 accedat
1095 3234 1289 3300 etiam
1311 3232 1539 3297 Suarez
1572 3232 1735 3316 (sup.
1776 3253 1838 3295 n.
1873 3230 2254 3314 323.-324.),
2283 3230 2438 3293 nihil
2470 3229 2735 3293 ulterius
2764 3229 2839 3293 de

378 3334 496 3410 hac
542 3354 608 3399 re
638 3335 983 3401 addendum
1028 3337 1141 3401 est.

471 3435 693 3503 Totam
729 3440 888 3519 hanc
911 3439 1337 3522 quaestionem
1368 3437 1637 3502 breviter
1667 3438 1733 3501 et
1776 3435 2041 3501 dilucide
2072 3435 2262 3501 habet
2275 3435 2597 3521 Laymann
2635 3435 2741 3499 lib.
2781 3435 2838 3498 1.

379 3540 562 3603 tract.
598 3540 658 3603 4.
693 3559 826 3624 cap.
863 3542 967 3605 22.
1000 3562 1061 3605 0.
1102 3541 1342 3606 30.·33.

484 3700 654 3756 xcm.
681 3704 729 3754 6.
758 3703 906 3757 Valet
930 3702 1229 3770 dispensatio
1255 3706 1453 3755 obtenta
1493 3716 1579 3767 per
1619 3700 1716 3753 vim
1755 3707 1839 3754 aut
1866 3706 2047 3754 metum
2073 3702 2241 3767 (modo
2269 3715 2415 3754 causa
2443 3699 2506 3755 sit
2530 3700 2837 3770 iusta).lten1

380 3784 489 3838 data
522 3785 630 3839 sine
655 3785 768 3841 ullis
790 3788 974 3852 verbis,
1004 3790 1106 3842 0010
1134 3796 1309 3842 mente.
1338 3785 1565 3849 Turrino,
1597 3785 1737 3840 Dian.
1764 3802 1811 3854 p.
1839 3790 1886 3839 8.
1912 3794 1975 3840 tr.
2004 3789 2052 3840 3.
2079 3802 2119 3839 r.
2150 3789 2167 3837 -1
2180 3787 2232 3839 7.
2252 3787 2340 3840 76.
2364 3802 2411 3853 p.
2439 3786 2486 3838 4.
2514 3792 2549 3839 t.
2578 3786 2624 3838 4.
2651 3801 2693 3838 r.
2723 3789 2840 3838 118.

472 3908 632 3982 431.
668 3914 841 3979 Ι)1100
874 3917 1080 3998 partes
1125 3915 1315 3979 habet
1359 3913 1703 3977 ResolutiO.
1754 3911 1971 3993 Quoad
2020 3913 2288 3996 primam
2336 3912 2409 3975 de
2457 3911 2711 3975 obtenta
2758 3911 2846 3974 di-

381 4015 771 4097 spensatione
803 4036 927 4096 per
963 4017 1104 4094 vim,
1161 4016 1321 4081 idest
1374 4035 1481 4099 per
1531 4016 1771 4079 metum
1818 4014 1992 4096 (nam
2038 4013 2132 4077 vis
2179 4013 2350 4077 tollit
2394 4012 2842 4086 voluntarium,

378 4119 584 4181 metus
617 4118 828 4182 autem
876 4119 1302 4183 voluntarium
1333 4119 1543 4182 actum
1579 4116 1814 4201 infert),
1855 4117 1947 4180 ita
1977 4117 2130 4180 bene
2160 4134 2209 4181 s.
2249 4114 2605 4198 Alphonsus
2636 4113 2745 4179 lib.
2784 4115 2844 4180 1.

376 4238 438 4281 n.
476 4220 657 4283 184.:
698 4244 735 4279 «
769 4218 1027 4300 Quando
1052 4240 1239 4286 causa
1263 4219 1739 4304 dispensationis
1773 4217 2033 4292 exsistit,
2070 4216 2445 4300 dispensatio
2479 4235 2719 4299 semper
2750 4217 2847 4282 est

379 4322 608 4401 valida,
642 4322 978 4388 dummodo
1025 4343 1148 4389 non
1179 4326 1438 4402 constet,
1473 4322 1852 4406 superiorem
1889 4320 2409 4404 dispensationem
2446 4319 2682 4384 dedisse
2714 4320 2845 4384 sine

379 4426 588 4490 animo
644 4425 1065 4509 dispensandi3
1119 4429 1324 4492 metus
1371 4427 1533 4491 enim
1579 4423 2007 4490 voluntarium
2043 4442 2164 4488 non
2213 4423 2403 4501 tollit,
2468 4423 2630 4487 sicut
2658 4423 2849 4488 -tollit

384 4527 479 4592 vis
511 4553 574 4591 ».
625 4526 709 4590 Et
755 4529 990 4610 alioqui
1020 4530 1193 4594 nullo
1226 4530 1358 4594 iure
1402 4530 1689 4593 irritatur
1720 4527 2024 4593 eiusmodi
2055 4527 2451 4610 dispensatio,
2502 4527 2664 4591 sicut
2710 4527 2844 4590 iure

539 4665 830 4710 Burmann.
861 4692 912 4700 -
944 4668 1112 4711 Horal.
1142 4669 1275 4711 Tom.
1305 4667 1350 4711 Ι.
2630 4665 2682 4706 2¹?
