3529 5158
734 361 839 414 146
1366 369 1577 411 macr.
1618 370 1682 409 11.
1718 369 1805 408 DE
1842 366 2258 409 censemur-m.
2298 365 2498 407 CAPUT
2534 366 2572 404 1.
3052 348 3197 425 [154]

732 470 1134 553 praeteritam
1180 470 1245 534 et
1289 487 1360 533 ex
1407 468 1522 531 hac
1567 466 1772 531 solum
1818 466 2193 530 contrahunt
2238 465 2484 528 reatum
2529 464 2593 527 et
2639 462 2901 545 speciem
2961 465 3192 528 reatus,

731 579 831 641 Ita
865 575 1364 642 communissime
1396 576 1532 638 DD.
1568 573 1731 657 apud
1764 570 1946 637 Croix
1977 572 2083 635 lib.
2123 572 2179 634 1.
2214 592 2273 634 n.
2313 571 2459 634 757.

821 679 981 742 Hinc
1028 697 1348 762 perperam
1381 676 1595 741 scribit
1626 675 1895 740 Antoine
1927 674 2000 736 de
2048 672 2263 737 Conse.
2298 693 2430 755 cap.
2469 674 2525 735 1.
2561 692 2621 755 q.
2655 674 2715 736 3.
2750 692 2908 756 resp.
2937 674 3036 736 2.:
3070 698 3106 731 «
3131 671 3195 737 Si

728 782 869 863 quis
916 801 986 846 ex
1034 800 1236 846 errore
1282 779 1559 845 vincibili
1604 778 1853 855 iudicet,
1889 796 1952 841 se
1984 776 2198 841 debere
2235 776 2450 852 furari,
2500 778 2573 839 ut
2620 775 2949 840 subveniat
2978 795 3190 860 egenO,

726 887 938 967 peccat
984 888 1199 950 contra
1245 884 1576 960 iustitiam,
1627 883 1681 947 si
1725 883 2001 958 furetur;
2052 881 2198 964 quia
2245 881 2487 945 furtum
2531 882 2626 945 est
2671 880 3101 945 voluntarium
3130 882 3192 945 in

728 1006 915 1050 causa
949 986 1333 1071 (ignorantia
1381 985 1712 1067 vincibili):
1764 985 1818 1049 si
1865 1003 2009 1048 vero
2056 1002 2178 1047 non
2226 983 2488 1056 furetur,
2537 983 2750 1066 peccat
2793 984 3012 1047 contra
3043 983 3201 1047 cari-

727 1092 927 1154 tatem
960 1116 1019 1152 ».
1055 1090 1219 1153 Nam
1264 1093 1649 1173 postremum
1696 1106 1914 1151 verum
1946 1090 2072 1161 est3
2110 1087 2175 1150 at
2208 1086 2479 1169 primum
2525 1087 2619 1151 est
2651 1086 2880 1149 falsum
2918 1105 3028 1150 nec
3075 1085 3198 1149 alia

726 1192 971 1255 malitia
1018 1192 1257 1255 malum
1303 1192 1532 1255 censeri
1568 1210 1638 1254 ac
1669 1190 1790 1253 (1161
1827 1189 2007 1253 (161161
2039 1188 2299 1261 furtum,
2334 1188 2452 1251 nisi
2485 1187 2728 1251 malitia
2772 1206 3013 1251 causae.

819 1293 988 1357 Idem
1020 1295 1364 1359 notandum
1389 1294 1557 1357 venit
1589 1293 1661 1357 de
1692 1294 1788 1369 iis,
1825 1312 1984 1375 quae
2016 1291 2201 1356 habet
2234 1290 2479 1355 Scavini
2502 1290 2576 1353 dc
2610 1289 3111 1355 (3669661611.
3135 1293 3192 1355 1.

728 1396 787 1478 ξ.
817 1398 876 1458 2.
904 1416 961 1478 q.
992 1399 1082 1459 2.:
1118 1422 1151 1453 ‹<
1176 1396 1527 1478 Aliquando
1553 1395 1814 1477 (inquit)
1846 1394 2101 1478 gravius
2133 1396 2363 1475 peccat,
2391 1393 2499 1474 qui
2523 1392 2858 1456 secundum
2889 1393 3194 1458 conscien-

724 1498 880 1562 tiam
930 1500 1242 1582 operatur,
1275 1499 1350 1562 ut
1380 1498 1434 1561 si
1466 1498 1522 1561 ei
1552 1496 1764 1570 dictet,
1799 1496 1964 1579 quod
2011 1496 2207 1559 furari
2251 1495 2472 1559 debeat
2504 1495 2580 1559 ad
2614 1495 3067 1579 eleemosynam
3098 1496 3191 1560 fa-

724 1601 1036 1666 ciendam:
1073 1600 1405 1683 aliquando
1455 1600 1798 1681 aequaliter
1845 1601 2076 1681 peccat,
2124 1600 2199 1661 ut
2246 1598 2299 1661 si
2344 1598 2592 1673 iudicet,
2643 1618 2706 1663 se
2752 1598 2948 1662 teneri
2981 1599 3058 1663 ad
3099 1601 3191 1663 fu-

722 1704 1006 1777 randum,
1054 1705 1130 1767 ut
1176 1702 1374 1786 possit
1418 1702 1745 1766 restituere
1780 1703 1891 1764 aut
1922 1700 2276 1765 satisfacere
2322 1700 2630 1764 creditori.
2671 1700 2860 1765 Ratio
2893 1703 3007 1778 est,
3042 1702 3189 1783 quia

722 1806 1003 1890 gravitas
1050 1804 1409 1869 violationis
1457 1803 1728 1867 sumitur
1775 1823 1846 1867 ex
1892 1802 2205 1886 gravitate
2253 1802 2579 1885 praecepti,
2615 1802 2780 1884 quod
2813 1802 3189 1869 1161611616-

722 1906 892 1971 ditur
924 1934 983 1970 ».
1011 1907 1246 1970 Verum
1292 1907 1401 1987 qui
1431 1906 1714 1987 sequitur
1758 1924 2077 1969 erroneam
2125 1904 2581 1981 conscientiam,
2616 1924 2735 1969 non
2776 1905 2988 1983 credit,
3039 1906 3188 1971 dum

722 2009 878 2092 agit,
927 2009 1160 2072 violare
1204 2009 1621 2092 praeceptum.

812 2112 1095 2175 Tertium
1142 2111 1609 2174 consectarium.
1654 2108 1848 2188 Quale
1896 2109 1978 2172 sit
2025 2110 2346 2191 peccatum
2392 2108 2827 2193 negligentiae,
2870 2109 3189 2175 desumen-

722 2214 871 2277 dum
918 2233 987 2277 ex
1033 2213 1111 2276 iis
1159 2214 1273 2286 est,
1307 2231 1466 2294 quae
1512 2211 1585 2275 de
1618 2211 2007 2295 ignorantiae
2040 2213 2289 2293 peccato
2324 2210 2611 2274 diximus.
2646 2209 2737 2274 Cf.
2773 2212 2837 2276 in
2872 2212 3086 2275 Tract.
3114 2213 3186 2276 cle

722 2320 868 2383 Aet.
901 2318 1067 2381 lemn.
1103 2338 1153 2383 c.
1189 2319 1305 2382 ΙΙΙ.

806 2423 898 2485 Α6
926 2423 992 2484 1⁰
1016 2420 1105 2486 Ut
1127 2421 1315 2493 mala,
1342 2439 1499 2502 quae
1523 2419 1816 2501 consequi
1838 2419 2118 2501 possunt,
2145 2416 2533 2500 imputentur
2558 2417 2636 2481 ad
2665 2418 2933 2501 culpam,
2961 2420 3185 2487 debent

718 2525 929 2607 aliquo
976 2523 1159 2589 modo
1208 2522 1643 2608 praecognosci
1689 2540 1796 2586 seu
1843 2520 2202 2604 praevideri.
2236 2519 2496 2585 Necesse
2526 2520 2735 2584 tamen
2776 2540 2898 2586 non
2944 2523 3060 2600 est,
3113 2525 3184 2588 ut

718 2626 1193 2710 praevideantur
1239 2626 1301 2689 in
1348 2624 1665 2688 individuo
1730 2624 1828 2687 vel
1893 2625 1954 2687 in
2002 2623 2226 2705 specie,
2277 2622 2382 2686 sed
2429 2622 2679 2700 sufficit,
2728 2623 2893 2705 quod
2940 2628 3183 2707 praevi-

715 2729 981 2792 deantur
1027 2728 1206 2808 quasi
1251 2727 1315 2790 in
1362 2746 1600 2810 genere,
1635 2726 1734 2789 uti
1766 2746 1822 2789 v.
1856 2747 1951 2809 gr.
1985 2725 2187 2798 iudex,
2221 2724 2650 2798 confessarius,
2699 2726 3026 2808 parochus,
3062 2728 3184 2812 epi-

714 2849 954 2913 scopuS,
991 2828 1263 2893 medicus
1295 2830 1410 2891 616.
1444 2827 1789 2912 generatim
1836 2828 2236 2911 cognoscunt,
2269 2827 2488 2911 gravia
2520 2828 2688 2891 mala
2725 2828 2969 2892 causari
3004 2849 3181 2913 posse

713 2932 1087 3015 reipublicae
1134 2934 1198 2995 et
1242 2931 1467 2994 damna
1516 2929 1829 3012 proximiS,
1865 2929 1918 2993 si
1950 2929 2176 2994 conscii
2224 2928 2296 2992 de
2344 2928 2591 3012 propria
2627 2929 3071 2997 insufficientia
3105 2933 3181 2998 ad

712 3036 825 3099 illa
859 3035 1060 3100 officia
1093 3033 1421 3098 exercenda
1460 3032 1772 3096 accedant.

891 3140 959 3201 20
1006 3136 1133 3202 Nec
1179 3138 1389 3201 tamen
1420 3134 1732 3218 quaelibet
1766 3137 1877 3199 aut
1908 3135 2376 3216 qualiscumque
2414 3135 2718 3218 praevisio
2757 3135 2999 3202 inducit
3032 3139 3182 3203 obli·

714 3243 1036 3327 gationem
1083 3239 1341 3305 tollendi
1386 3237 1808 3324 ignorantiam
1856 3237 1932 3301 ad
1979 3238 2145 3301 mala
2207 3237 2536 3321 quaepiam
2597 3238 2901 3313 cavenda3
2952 3240 3180 3323 quippe

709 3345 877 3408 mala
934 3343 1281 3426 quaepiam,
1330 3343 1477 3406 licet
1530 3341 1871 3425 possibilia,
1922 3340 2289 3421 quandoque
2334 3341 2755 3424 imprudenter
2809 3341 3181 3408 timerentur

711 3467 818 3511 nec
867 3447 1252 3528 imponerent
1301 3445 1746 3529 obligationem
1793 3443 2140 3527 inquirendi
2186 3444 2323 3519 etc„
2361 3446 2432 3508 ut
2464 3446 2819 3508 caveantur.
2853 3444 2954 3508 Ita
2987 3466 3047 3509 v,
3082 3468 3177 3532 gr.

707 3550 817 3632 qui
846 3552 1033 3614 noctu
1067 3550 1186 3613 iter
1217 3549 1386 3625 facit,
1420 3567 1543 3613 non
1576 3549 1825 3612 tenetur
1849 3547 2244 3630 praemittere
2269 3548 2532 3629 aliquoS‚
2568 3547 2675 3630 qui
2706 3546 3065 3630 inspiciant,
3102 3570 3175 3615 611

712 3651 939 3733 aliquis
970 3651 1173 3715 infans
1206 3652 1320 3714 aut
1357 3651 1572 3715 morbo
1604 3652 1923 3732 correptus
1957 3652 2068 3713 aut
2100 3650 2461 3714 vulneratus
2508 3649 2668 3715 forte
2714 3648 2778 3712 in
2825 3650 2929 3714 via
2976 3651 3178 3717 iaceat

708 3775 777 3820 ac
811 3754 1008 3838 possit
1039 3773 1341 3836 equorum
1371 3753 1627 3836 pedibus
1660 3755 1773 3816 aut
1804 3752 2095 3817 curriculi
2124 3752 2282 3816 rotis
2312 3752 2565 3817 conteri.

794 3857 1017 3922 Paucis
1048 3857 1280 3939 itaque.
1314 3854 1379 3920 Si
1410 3875 1481 3920 ex
1515 3854 1890 3920 conscientia
1913 3855 2000 3918 ita
2030 3873 2234 3939 agam,
2269 3857 2342 3919 ut
2373 3873 2495 3920 non
2534 3856 2857 3920 advertam
2881 3875 3175 3933 errorem,

708 3964 1045 4042 utcumque
1091 3959 1447 4025 voluntaria
1495 3961 1557 4022 et
1604 3957 1930 4040 culpabilis
1968 3958 2031 4021 in
2065 3976 2251 4021 causa
2299 3958 2484 4022 fuerit
2531 3957 2907 4043 ignorantia,
2942 3949 3174 4025 falsum

699 4066 793 4128 est
829 4065 1060 4135 tamen,
1095 4061 1399 4127 eiusmodi
1447 4059 1887 4126 conscientiam
1920 4059 2052 4123 heic
2099 4061 2162 4123 et
2208 4079 2369 4124 nunc
2408 4079 2529 4124 non
2573 4060 2867 4144 obligare,
2903 4062 3020 4125 aut
3052 4081 3173 4127 non

705 4166 888 4228 licere
920 4185 1057 4228 eam
1089 4165 1282 4246 sequi.
1310 4165 1481 4228 Haec
1513 4163 1675 4227 enim
1707 4162 1842 4227 heic
1874 4165 1936 4226 et
1973 4181 2133 4226 nunc
2166 4162 2621 4246 aequiparanda
2654 4164 2749 4226 est
2778 4162 3174 4247 ignorantiae

703 4266 1067 4329 invincibili.
1102 4265 1401 4345 Quocirca
1448 4264 1676 4329 falsum
1723 4267 1819 4330 est
1866 4267 2201 4348 praeterea,
2241 4285 2339 4329 me
2371 4265 2504 4330 heic
2544 4268 2607 4330 et
2639 4284 2801 4329 nunc
2846 4266 3047 4330 teneri
3094 4266 3172 4331 ad

705 4387 842 4431 eam
874 4368 1311 4433 conscientiam
1344 4367 1784 4450 deponendam,
1820 4367 1964 4450 quia
1999 4386 2177 4432 nemo
2211 4369 2457 4432 tenetur
2489 4368 2565 4432 ad
2599 4367 2679 4445 id,
2720 4368 2886 4451 quod
2918 4368 3172 4454 ignorat

706 4473 894 4550 atque
942 4470 1093 4535 adeo
1142 4470 1220 4533 ad
1280 4469 1688 4553 impossibile:
1739 4471 1921 4553 culpa
1968 4472 2176 4534 tamen
2233 4471 2472 4535 exstitit
2519 4471 2583 4534 in
2630 4490 2836 4549 causa,
2887 4474 3067 4537 cuius
3116 4472 3170 4537 si

706 4570 1081 4655 poenitentia
1129 4571 1217 4636 ita
1267 4573 1406 4635 acta
1455 4571 1558 4644 sit,
1606 4575 1679 4636 ut
1727 4572 1915 4637 fuerit
1962 4574 2239 4650 remissa,
2289 4573 2532 4637 nullum
2580 4575 2674 4637 est
2721 4577 3068 4656 peccatum.
