3529 5158
1024 388 1509 430 PROPOSITIONUM
1547 389 1997 430 DAMNATARUM.
2039 391 2162 429 BAll
2717 388 2869 429 xxnl

414 492 569 551 dum
602 508 717 550 cor
750 490 1190 549 inhabitantis
1221 493 1289 549 et
1323 492 1389 549 111
1441 507 1519 549 eo
1552 491 1898 551 caritatem
1932 491 2393 569 diffundentis,
2434 508 2566 565 qua
2597 491 2868 553 divinae

414 581 581 658 legis
614 579 1002 638 iustificatio
1040 579 1418 656 impleatur,
1452 580 1763 639 similiter
1793 580 2113 639 reiicitur.

505 672 608 729 64.
652 669 823 728 Item
872 671 941 727 et
987 667 1103 727 illa
1149 669 1494 729 distinctio
1540 669 1832 744 duplicis
1879 669 2375 745 vivificationis,
2409 670 2687 730 alterius
2733 687 2866 745 qua

416 758 798 818 vivificatur
841 759 1149 832 peccator
1194 758 1353 816 dum
1391 758 1449 817 ei
1500 758 1956 834 poenitentiae
1989 762 2057 818 et
2095 758 2273 817 vitae
2309 774 2519 818 novae
2567 759 2866 834 proposi-

412 852 554 907 tum
602 851 673 907 et
720 846 1060 906 inchoatio
1091 863 1212 921 per
1258 847 1382 906 Dei
1433 848 1717 923 gratiam
1768 848 2156 923 inspiratur,
2192 847 2468 906 alterius
2515 864 2648 921 qua
2691 849 2866 907 vivi-

411 938 648 998 ficatur
694 935 812 1011 qui
860 952 1015 995 vere
1062 936 1468 996 iustificatur
1522 940 1591 996 et
1636 936 1889 1011 palmes
1937 937 2138 995 vivus
2187 937 2252 995 in
2288 937 2428 995 vite
2465 936 2733 997 Christo
2770 936 2864 995 ef-

414 1026 651 1105 ficitur,
686 1025 941 1100 pariter
987 1026 1441 1085 commentitia
1486 1030 1590 1085 est
1637 1030 1705 1085 et
1754 1026 2120 1101 Scripturis
2169 1026 2438 1084 minime
2470 1042 2862 1099 congmens.

503 1118 605 1174 65.
643 1113 921 1174 Nonnisi
974 1114 1327 1190 pelagiano
1376 1114 1896 1175 erroreadmitti
1927 1117 2150 1189 potest
2198 1132 2361 1173 usus
2393 1115 2639 1189 aliquis
2672 1115 2862 1174 liberi

410 1203 669 1265 arbitrii
719 1204 935 1262 bonus
983 1203 1124 1262 sive
1175 1221 1305 1262 non
1357 1205 1572 1263 malus
1609 1208 1677 1264 et
1725 1204 1983 1277 gratiae
2033 1203 2282 1265 Christi
2335 1204 2642 1264 iniuriam
2681 1203 2861 1281 facit,

410 1295 525 1369 qui
572 1294 671 1353 ita
717 1292 928 1351 sentit
974 1295 1041 1351 et
1088 1292 1299 1352 docet.

499 1385 602 1442 66.
645 1382 801 1441 Sola
845 1381 1172 1441 violentia
1220 1387 1553 1459 repugnat
1599 1383 1893 1442 libertati
1946 1384 2233 1443 hominis
2283 1384 2593 1443 naturali.

500 1474 602 1531 67.
627 1472 846 1529 Ηο1110
870 1475 1121 1548 peccat,
1144 1470 1342 1530 etiam
1372 1472 1864 1541 damnabiliter,
1885 1472 1950 1530 in
1977 1489 2054 1531 eo
2080 1472 2258 1547 quod
2286 1472 2654 1533 necessario
2680 1473 2861 1534 facit.

496 1563 600 1619 68.
636 1560 1010 1619 Infldelitas
1040 1577 1205 1635 pure
1241 1562 1560 1637 negativa
1601 1562 1667 1620 in
1702 1561 1829 1629 his,
1867 1562 1930 1619 in
1970 1562 2216 1637 quibus
2251 1562 2559 1621 Christus
2593 1579 2724 1621 11011
2761 1567 2865 1622 est

409 1649 849 1725 praedicatus,
884 1652 1226 1723 peccatum
1278 1656 1399 1709 est.

497 1742 600 1797 69.
638 1738 1035 1797 Iustificatio
1067 1738 1257 1813 impii
1304 1741 1381 1798 fit
1430 1739 1801 1798 formaliter
1849 1755 1967 1813 per
2013 1739 2454 1798 obedientiam
2502 1740 2689 1813 legiS,
2729 1756 2861 1798 11011

406 1832 626 1887 antem
674 1844 794 1903 per
840 1828 1162 1887 occultam
1216 1829 1882 1889 communicationem
1926 1832 1994 1887 et
2027 1828 2531 1904 inspirationem
2583 1828 2859 1905 gratiae,

406 1934 574 1992 qnae
622 1933 740 1991 per
787 1933 926 1974 eam
977 1916 1375 1976 iustificatos
1422 1918 1624 1979 faciat
1668 1918 1943 1991 implere
1991 1918 2224 1993 legem.

498 2009 531 2065 7
539 2011 599 2064 Ο.
640 2006 858 2065 Homo
892 2006 1223 2064 exsistens
1271 2007 1336 2064 iu
1388 2014 1659 2081 peccato
1708 2006 1971 2065 mortali
2009 2007 2151 2065 sive
2194 2007 2258 2066 in
2314 2011 2502 2067 reatu
2553 2009 2861 2067 aeternae

404 2094 872 2172 damnationiS,
907 2101 1132 2170 potest
1164 2096 1407 2156 habere
1446 2113 1671 2156 veram
1718 2096 2060 2154 caritatem
2102 2098 2171 2155 et
2202 2097 2445 2156 caritas
2479 2097 2676 2156 etiam
2716 2112 2860 2172 per-

404 2185 585 2244 fecta.
625 2186 849 2259 potest
896 2184 1257 2243 consistere
1308 2203 1457 2244 011111
1506 2190 1698 2245 reatu
1744 2188 2055 2244 aeternae
2103 2186 2570 2245 damnationis.

495 2276 596 2333 71.
638 2274 770 2331 Ρο1
806 2273 1270 2332 contritionem
1307 2275 1507 2333 etiam
1557 2292 1705 2334 cum
1755 2275 2036 2333 caritate
2084 2274 2380 2348 perfecta
2416 2279 2484 2335 et
2519 2293 2664 2335 cum
2701 2279 2860 2335 voto

402 2360 809 2438 suscipiendi
839 2362 1337 2422 Sacramentum
1366 2365 1964 2429 0011111110111111,11011
1990 2364 2359 2423 remittitur
2383 2365 2650 2439 crimen,
2670 2368 2860 2424 extra

402 2469 621 2511 casum
674 2451 1093 2510 necessitatis
1139 2455 1260 2511 aut
1306 2453 1630 2528 martyrii,
1674 2453 1821 2512 sine
1869 2452 2115 2511 actuali
2165 2454 2581 2528 susceptione
2632 2453 2857 2513 Sacra—

402 2540 629 2601 menti.

491 2630 596 2690 72.
634 2630 882 2690 Omnes
928 2630 1199 2690 omnino
1233 2631 1555 2689 iustorum
1593 2631 1985 2692 afflictiones
2034 2636 2192 2691 sunt
2235 2632 2526 2692 ultiones
2559 2637 2860 2708 110001110-

406 2738 548 2778 111111
584 2720 913 2795 ipsorum3
950 2718 1129 2778 unde
1160 2724 1228 2780 et
1278 2719 1398 2780 Iob
1447 2726 1515 2779 et
1561 2727 1904 2796 martyres,
1947 2739 2118 2797 quae
2157 2723 2333 2798 passi
2368 2726 2548 2792 sunt,
2585 2726 2859 2798 propter

406 2812 674 2884 peccata
718 2825 840 2867 sua
889 2808 1064 2885 passi
1114 2813 1291 2869 sunt.

495 2901 595 2958 73.
636 2899 863 2974 Nemo,
903 2902 1169 2973 praeter
1201 2899 1563 2966 Christum,
1598 2902 1700 2960 est
1733 2901 1982 2975 absque
2015 2906 2287 2975 peccato
2317 2901 2483 2976 origi
2496 2902 2657 2979 nali3
2701 2901 2858 2961 hinc

402 2988 595 3047 beata
642 2988 853 3064 Virgo
901 2992 1164 3047 mortua
1211 2991 1313 3047 est
1351 2993 1624 3064 propter
1670 2994 2012 3064 peccatum
2057 3006 2136 3048 ex
2187 2990 2401 3048 Adam
2441 2994 2852 3050 contractum

402 3094 759 3152 omnesque
798 3077 942 3135 eius
974 3077 1366 3138 afflictiones
1405 3078 1472 3137 111
1524 3078 1647 3137 hac
1680 3079 1841 3146 vita,
1878 3079 2051 3137 sicut
2082 3084 2148 3138 et
2187 3079 2463 3137 aliorum
2510 3080 2852 3144 iustorum,

398 3164 674 3226 fuerunt
723 3166 1014 3225 ultiones
1062 3168 1317 3241 peccati
1369 3167 1653 3226 actualis
1703 3169 1808 3227 vel
1861 3168 2228 3239 originalis.

490 3258 591 3314 74.
628 3255 1184 3330 Concupiscentia
1232 3257 1301 3315 in
1352 3257 1606 3316 renatis
1640 3257 1921 3330 relapsis
1955 3257 2024 3312 in,
2073 3259 2414 3329 peecatum
2453 3255 2750 3322 mortale,
2789 3256 2851 3313 in

400 3345 645 3419 quibus
678 3345 806 3403 iam
857 3345 1258 3418 dominatur,
1293 3349 1639 3420 peccatum
1679 3348 1803 3416 est,
1837 3345 2010 3402 sicut
2061 3348 2128 3402 et
2175 3343 2289 3401 alii
2339 3342 2610 3401 habitus
2642 3344 2854 3418 pravi.

492 3437 592 3493 75.
630 3435 854 3492 Motus
888 3434 1079 3508 pravi
1114 3434 1693 3509 concupiscentiae
1719 3440 1899 3500 sunt,
1925 3449 2047 3508 pro
2072 3437 2254 3492 statu
2289 3431 2578 3491 hominis
2609 3433 2854 3504 vitiati,

402 3523 715 3598 prohibiti
748 3526 1129 3598 praecepto:
1154 3524 1297 3582 Non
1326 3523 1749 3600 concupisces,-
1771 3524 1947 3581 unde
1967 3524 2160 3581 homo
2185 3539 2297 3582 eos
2315 3521 2614 3581 sentiens
2636 3528 2702 3580 et
2723 3538 2852 3581 uon

399 3612 842 3688 consentiens,
876 3613 1372 3689 transgreditur
1409 3617 1874 3690 praeceptum:
1910 3612 2054 3671 Non
2097 3612 2510 3688 concupisc-(³⁸3
2548 3612 2856 3685 quamvis

398 3702 838 3777 transgressio
874 3701 937 3760 in
980 3705 1321 3776 peccatum
1363 3719 1488 3761 non
1528 3702 1908 3778 deputetur.

489 3792 589 3849 76.
627 3789 940 3862 Quandiu
992 3791 1246 3865 aliquid
1287 3792 1865 3866 concupiscentiae
1914 3791 2199 3851 carnalis
2240 3790 2304 3848 in
2358 3788 2682 3865 diligente
2730 3796 2851 3856 est,

400 3896 526 3939 non
546 3879 709 3938 facit
726 3885 1152 3954 praeceptum
1171 3900 1185 3938 ε
1205 3880 1296 3938 Di
1303 3882 1451 3957 lisyes
1472 3882 1812 3939 Dominum
1836 3879 2036 3938 Deum
2064 3887 2234 3937 tumn
2266 3897 2339 3938 em
2363 3884 2490 3936 toto
2516 3878 2699 3934 eorde
2723 3883 2849 3937 tuo.

489 3970 590 4028 77.
627 3967 1134 4028 Satisfactiones
1181 3970 1547 4029 laboriosae
1578 3968 2089 4028 iustificatorum
2141 3985 2272 4026 non
2319 3967 2552 4025 valent-
2583 3967 2854 4040 expiare

397 4057 476 4116 de
523 4056 855 4128 condigno
903 4074 1179 4131 poenam
1230 4059 1659 4134 temporalem
1693 4063 2056 4117 restantem
2107 4062 2254 4131 post
2302 4056 2560 4130 culpam
2611 4056 2852 4115 condo·

400 4151 641 4206 natam.

488 4238 587 4296 78.
614 4235 1094 4295 Immortalitas
1119 4235 1311 4310 primi
1350 4236 1635 4294 hominis
1662 4254 1794 4294 non
1823 4240 1967 4295 erat
1999 4237 2253 4310 gratiae
2294 4234 2706 4304 beneficium,
2737 4236 2850 4295 sed

400 4325 725 4384 naturalis
774 4324 1092 4385 conditio.

487 4417 584 4474 79.
621 4412 823 4473 Falsa
855 4417 959 4473 est
1006 4413 1347 4474 doctorum
1390 4415 1741 4488 sententia,
1784 4415 2063 4490 primum
2115 4415 2446 4474 hominem
2482 4415 2781 4489 potuisse
2813 4431 2853 4473 a

400 4501 536 4563 Deo
582 4502 797 4563 creari
844 4506 913 4562 et
958 4502 1222 4562 institui
1274 4502 1417 4562 sine
1464 4503 1726 4561 iustitia
1773 4505 2084 4564 naturali.
