3529 5158
329 384 472 459 [136]
695 398 846 446 Qum
885 396 1283 438 consumma
1323 396 1519 451 rac-rr,
1566 397 1984 455 ammomum,
2011 399 2420 449 contemnam.
2705 392 2810 445 129

335 500 394 562 2.
422 497 567 561 dist.
598 496 703 560 24.
732 515 791 577 q.
821 497 880 559 2.
909 495 1026 559 art.
1055 495 1116 557 4.
1146 495 1224 558 ad
1249 494 1347 558 6.:
1382 518 1416 552 «
1441 494 1715 560 Habitus
1746 496 1871 571 ille,
1899 516 1970 561 ex
2003 516 2127 577 quo
2161 499 2438 563 nascitur
2464 501 2640 565 actus
2671 520 2811 567 con-

339 600 654 673 scientiae,
695 616 819 662 non
864 598 961 661 est
1004 597 1259 661 habitus
1305 598 1629 679 separatus
1676 598 1754 661 ab
1802 598 2024 663 habitu
2071 601 2333 665 rationis
2372 603 2436 665 et
2466 602 2805 687 synderesi;

340 703 487 785 quia
533 721 660 765 non
708 701 870 764 alius
916 699 1169 764 habitus
1230 700 1326 764 est
1361 699 1805 782 principiorum
1852 703 1916 765 et
1960 702 2446 780 conclusionum,
2496 723 2654 785 quae
2702 705 2807 769 eli-

333 805 585 885 ciuntur
619 803 698 867 ab
735 803 823 867 eis
860 803 924 866 et
954 802 1279 885 praecipue
1318 821 1550 879 earum,
1593 821 1751 883 quae
1791 805 1939 867 sunt
1974 804 2136 869 circa
2174 805 2520 889 singularia
2545 832 2605 869 ».
2633 808 2799 892 Ergo

331 925 563 971 munus
601 905 1011 970 conscientiae
1048 905 1145 968 est
1180 902 1487 987 applicare
1535 903 1837 987 principia
1885 907 2296 988 operabilium
2334 908 2412 972 ad
2450 928 2630 973 casus
2670 930 2805 993 par-

334 1008 651 1073 ticulares.
690 1006 887 1089 Atqui
918 1006 1218 1089 principia
1266 1004 1671 1089 operabilium
1718 1005 2071 1071 referuntur
2119 1009 2255 1072 tum
2303 1010 2381 1073 ad
2428 1011 2660 1076 bonum
2706 1033 2807 1077 ne-

333 1110 677 1177 cessarium
721 1110 794 1175 de
841 1110 1185 1193 praecepto,
1235 1110 1373 1173 tum
1420 1108 1499 1172 ad
1544 1109 1776 1173 bonum
1830 1127 1951 1173 non
2008 1110 2440 1191 necessarium,
2497 1113 2603 1178 sed
2649 1116 2803 1179 meri

334 1213 601 1278 consilii.

423 1316 590 1381 Hinc
627 1316 813 1391 ratic,
853 1335 963 1379 cur
1000 1312 1253 1396 quidam
1291 1313 1683 1397 distinguant
1726 1313 2167 1378 conscientiam
2211 1315 2276 1377 1⁰
2312 1316 2378 1378 in
2425 1314 2806 1397 oblzssyantem

338 1437 445 1483 seu
483 1419 993 1499 praecipientem,
1034 1436 1192 1499 quae
1237 1435 1454 1499 nempe
1507 1415 1705 1500 dictat
1749 1416 1841 1481 ita
1889 1417 2207 1501 quidpiam
2256 1420 2370 1481 aut
2420 1420 2805 1502 prohibitum

337 1524 452 1587 aut
481 1521 902 1604 praeceptum,
943 1520 1017 1583 ut
1053 1538 1227 1583 secus
1265 1519 1581 1601 peccetur:
1603 1520 1672 1581 2ο
1696 1519 1759 1582 111
1799 1518 2240 1594 consulentem,
2273 1540 2432 1602 quae
2469 1521 2668 1586 dictat
2700 1523 2810 1587 ali-

338 1625 487 1707 quid
520 1623 872 1689 faciendum
908 1642 1031 1687 non
1063 1641 1134 1686 ex
1175 1621 1575 1705 obligatione,
1609 1621 1713 1685 sed
1751 1622 1826 1684 ut
1855 1622 2100 1705 gratius
2140 1624 2290 1700 Dec,
2330 1624 2552 1688 utilius
2592 1627 2804 1703 saluti,

338 1726 544 1812 magis
581 1723 898 1790 honestati
923 1744 993 1789 ac
1018 1723 1359 1788 virtutibus
1384 1742 1757 1807 congruum:
1785 1723 1855 1786 3⁰
1880 1723 1944 1786 in
1958 1723 2441 1801 permittentem,
2474 1744 2632 1808 quae
2662 1727 2811 1791 lieet

341 1829 664 1913 quidpiam
707 1846 831 1892 non
880 1826 1141 1891 suadeat
1187 1827 1262 1889 ut
1307 1824 1549 1903 melius,
1584 1825 1783 1889 dictat
1830 1826 2059 1903 tamen,
2102 1825 2165 1889 id
2202 1826 2359 1890 citra
2406 1828 2654 1911 culpam
2702 1830 2809 1914 agi

340 1933 438 1997 vel
486 1929 700 1995 omitti
744 1948 941 2013 posse.
975 1927 1173 2007 Quem
1213 1929 1423 1992 tamen
1470 1927 1680 1991 actum
1726 1927 1825 1991 vel
1873 1927 2268 1993 omissionem
2315 1929 2472 1994 alias
2517 1930 2804 2009 diximuS,

341 2035 565 2099 saltem
614 2032 857 2097 ratione
902 2031 1062 2108 fluia,
1103 2031 1330 2095 bonam
1376 2029 1678 2115 futuram.

427 2134 826 2201 Advertenda
849 2132 1129 2199 doctrina
1152 2152 1201 2197 s.
1228 2133 1502 2198 Thomae
1525 2132 1687 2196 circa
1711 2132 2177 2217 obligationem,
2204 2154 2364 2216 quae
2386 2134 2578 2200 etiam
2602 2137 2808 2217 quoad

343 2237 604 2303 consilia
641 2237 844 2320 urget,
883 2254 1101 2318 nempe
1137 2254 1212 2299 119
1250 2235 1742 2299 contemnantur.
1771 2235 1872 2299 Ita
1910 2234 2015 2299 ille
2047 2234 2122 2298 de
2164 2235 2355 2300 Verit.
2376 2257 2434 2319 q.
2465 2237 2568 2301 17.
2596 2239 2713 2301 art.
2742 2238 2802 2301 3.

344 2342 420 2405 ad
459 2343 554 2404 2.:
589 2364 625 2397 α
649 2337 897 2403 Dicitur
932 2338 1260 2402 consilium
1299 2337 1615 2420 persuasio
1654 2337 1753 2401 vel
1790 2337 2068 2403 inductio
2104 2339 2181 2402 ad
2205 2339 2444 2421 aliquid
2475 2340 2803 2424 agendum,

344 2464 462 2509 non
496 2442 732 2507 habens
768 2442 897 2506 vim
943 2440 1287 2505 coactivam
1334 2441 1398 2504 et
1443 2441 1532 2504 sic
1576 2439 1905 2504 consilium
1952 2442 2169 2505 contra
2217 2443 2611 2525 praeceptum
2657 2442 2808 2506 divi-

344 2547 541 2622 ditur3
582 2543 931 2611 cuiusmodi
977 2543 1125 2608 sunt
1162 2542 1516 2608 amicabiles
1563 2542 2023 2609 exhortationes
2055 2547 2118 2608 et
2143 2564 2222 2609 cx
2253 2545 2373 2610 isto
2404 2545 2664 2611 consilio
2694 2544 2811 2610 ali-

344 2648 594 2732 quando
640 2648 1020 2712 conscientia
1050 2645 1355 2726 procedit.
1403 2647 1772 2730 Applicatur
1818 2647 1984 2711 enim
2032 2648 2364 2730 aliquando
2429 2650 2618 2714 etiam
2672 2669 2812 2715 con-

347 2753 605 2818 scientia
652 2751 841 2816 huius
885 2748 1127 2815 consilii
1174 2749 1253 2814 ad
1299 2749 1737 2832 particularem
1786 2750 2031 2827 actum;
2082 2751 2188 2814 sed
2233 2771 2377 2816 cum
2435 2752 2811 2818 conscientia

348 2875 465 2922 non
502 2856 665 2942 liget
686 2854 807 2919 nisi
831 2874 901 2919 ex
926 2854 1159 2918 virtute
1182 2853 1335 2930 eiuS,
1375 2852 1540 2935 quod
1576 2852 1639 2916 in
1677 2853 2054 2918 conscientia
2091 2855 2375 2932 habetur,
2415 2856 2808 2934 conscientia,

348 2978 503 3041 quae
542 2977 615 3022 ex
654 2956 911 3022 consilio
949 2955 1250 3037 sequitur,
1277 2973 1399 3019 non
1432 2954 1554 3019 alio
1594 2953 1779 3019 modo
1816 2956 2024 3036 potest
2062 2955 2358 3040 obligare,
2384 2976 2574 3038 quam
2605 2958 2812 3039 ipsum

348 3060 695 3137 eonsilium,
735 3077 807 3123 ex
843 3077 966 3140 quo
1006 3056 1233 3138 aliquis
1263 3054 1599 3138 obliyatur‚
1631 3060 1705 3118 ut
1738 3076 1867 3120 non
1903 3061 2274 3130 contemnat,
2301 3058 2407 3121 sed
2437 3077 2559 3123 non
2592 3061 2666 3121 ut
2701 3058 2813 3122 im-

351 3164 518 3246 pleat
542 3188 602 3225 ».
630 3161 801 3225 Haec
839 3159 1081 3243 applica
1118 3180 1176 3223 v.
1215 3179 1310 3244 gr.
1350 3159 1547 3223 statui
1583 3158 1946 3223 coelibatus

438 3260 595 3337 136.
634 3265 989 3346 Antequam
1037 3262 1424 3346 attingamus
1461 3281 1552 3338 ea,
1594 3279 1753 3342 quae
1792 3261 2028 3323 Auctor
2065 3259 2256 3323 habet
2285 3259 2358 3324 de
2389 3260 2558 3323 recta
2606 3260 2669 3323 et
2714 3280 2809 3324 er-

351 3387 535 3433 ronea
559 3365 955 3440 conscientia,
973 3364 1206 3428 mentio
1229 3362 1507 3428 facienda
1532 3361 1792 3425 alterius
1816 3359 2236 3445 distinguendi
2259 3360 2540 3438 rationis,
2567 3361 2812 3443 quando

352 3469 726 3536 conscientia
772 3466 1196 3532 consideratur
1239 3467 1314 3528 ut
1358 3464 1630 3538 habitus,
1670 3463 1881 3547 potius
1927 3482 2117 3545 quam
2151 3468 2364 3541 actum
2401 3483 2557 3547 quas
2595 3464 2816 3530 distin-

354 3573 587 3637 ctiones
619 3568 874 3652 quidam
907 3567 1105 3651 (Voit‚
1142 3569 1188 3631 t.
1221 3570 1277 3630 1.
1297 3589 1356 3631 n.
1379 3568 1471 3652 8.)
1509 3565 1743 3644 dicunt,
1770 3547 1978 3631 locum
2003 3566 2227 3631 habere
2262 3566 2504 3632 ratione
2535 3566 2813 3632 subiecti.

443 3674 542 3740 Sic
589 3673 789 3758 igitur
836 3672 961 3736 alia
1006 3670 1234 3736 dicitur
1264 3669 1638 3735 conscientia
1673 3673 1906 3743 tenera,
1940 3689 2099 3751 quae
2144 3671 2395 3753 peccata
2433 3671 2625 3736 etiam
2654 3671 2818 3737 levia

354 3777 618 3842 sollicite
649 3777 847 3839 cavet.
874 3772 1303 3858 Distinguitur
1328 3774 1538 3837 autem
1564 3791 1599 3835 a
1625 3771 1992 3852 scrzqmlosa
2011 3793 2033 3848 ,·
2056 3772 2206 3853 quia
2230 3773 2440 3837 tenera
2464 3773 2815 3855 prudenter,

354 3879 719 3963 scrupulosa
749 3875 1170 3959 imprudenter
1209 3895 1280 3940 ac
1318 3876 1546 3940 temere
1585 3895 1621 3939 a
1658 3876 1909 3958 peccato
1950 3874 2201 3956 refugit.

441 3981 587 4046 Alia
635 3979 865 4044 dicitur
911 3976 1063 4041 laxa
1107 3977 1291 4059 idque
1338 3976 1571 4059 duplici
1618 3996 1821 4052 sensu,
1867 3977 1932 4038 1⁰
1970 3993 2128 4056 quae
2177 3974 2378 4038 solum
2418 3974 2490 4036 de
2520 3973 2818 4057 gravibus

353 4085 551 4168 culpis
582 4081 873 4148 cavendis
909 4080 1179 4146 sollicita
1215 4081 1329 4156 est,
1370 4080 1689 4164 negligens
1726 4080 2002 4142 minora:
2046 4078 2115 4139 2Ο
2153 4094 2310 4158 quae
2342 4093 2588 4140 erronee
2619 4075 2818 4140 levius

354 4188 511 4253 solet
542 4204 789 4251 censere
820 4184 1162 4268 peccatum,
1195 4181 1360 4264 quod
1395 4182 1597 4265 reipsa
1634 4180 1889 4265 gravius
1922 4179 2034 4242 est.

439 4290 587 4355 Alia
618 4287 851 4353 dicitur
871 4287 1117 4361 stricta,
1141 4304 1301 4368 quae
1339 4286 1405 4348 1ο
1436 4304 1674 4368 semper
1706 4281 2004 4366 rigidiora
2037 4281 2318 4363 sequitur
2349 4279 2668 4363 principia,
2696 4299 2822 4343 uon

356 4393 707 4459 necessario
757 4389 1059 4455 tenenda:
1108 4390 1220 4454 aut
1268 4391 1337 4452 2ο
1383 4388 1573 4452 etiam
1619 4405 1779 4469 quae
1827 4403 2074 4450 erronee
2135 4384 2451 4470 graviores
2506 4383 2822 4448 existimat

357 4499 570 4582 culpas
615 4495 764 4560 illas
810 4512 959 4572 esse,
1000 4511 1157 4576 quae
1195 4492 1398 4575 reipsa
1434 4490 1640 4555 minus
1678 4489 1909 4553 habent
1954 4487 2306 4572 gravitatis.
2348 4486 2485 4566 Qua
2521 4486 2594 4550 de
2633 4505 2696 4549 re
2734 4503 2822 4549 se-

358 4601 503 4666 dulo
535 4596 935 4665 recolendum
966 4596 1060 4660 est
1083 4596 1147 4659 et
1168 4595 1364 4660 menti
1394 4592 1804 4677 defigendum,
1832 4591 1997 4672 quod
2035 4588 2334 4673 principia
2364 4587 2662 4671 rigidiora
2698 4604 2821 4649 non

511 4725 804 4774 Burmann,
838 4717 1009 4762 nor-al.
1043 4718 1193 4763 Tomo
1221 4718 1263 4763 1.
2634 4709 2662 4750 9
