3529 5158
703 359 812 415 676
1517 369 1828 411 APPEmmx
1868 370 1908 409 1.
1947 362 2348 407 msam-uno

790 470 872 533 Et
904 470 1019 533 hoc
1050 469 1318 534 breviter
1347 470 1438 535 ita
1471 468 1769 551 expressit
1805 484 1853 528 s.
1889 463 2540 546 AlphonsusDissert.
2573 461 2738 528 Edit.
2775 482 2916 528 ann.
2970 464 3156 529 1753.

702 592 762 635 n.
803 570 939 635 XV.
975 597 1008 629 «
1040 572 1383 653 Postquam
1408 572 1547 653 quis
1569 567 1958 643 iudicaverit,
1993 566 2342 649 opinionem
2372 584 2485 650 pro
2509 565 2801 631 libertate
2831 585 2964 631 esse
2995 571 3156 632 certo

700 674 1101 758 probabilem,
1140 675 1344 759 pergit
1389 674 1465 738 ad
1511 670 1966 756 inquirendum,
2001 689 2078 733 an
2123 669 2235 733 illa
2282 668 2378 733 uti
2407 668 2595 735 liceat
2626 671 2690 734 et
2721 671 2874 735 tunc
2901 689 2976 735 ex
3023 672 3156 736 aliis

703 777 1086 862 argumentis
1133 776 1557 860 probantibuS‚
1606 777 1846 839 certum
1877 773 2198 837 moraliter
2236 791 2386 850 esse,
2421 772 2588 855 quod
2635 791 2786 837 usus
2815 773 2988 839 illius
3038 774 3160 857 opi-

682 878 901 943 nionis
948 880 1034 942 sit
1067 878 1300 951 licitus,
1334 878 1656 961 praecipue
1703 876 1853 956 quia
1901 873 2002 937 lea:
2048 873 2239 937 dubia
2269 893 2395 937 non
2442 872 2696 957 οὸῖἰρατ,
2732 875 3018 941 efformat
3041 876 3152 940 sibi

701 982 994 1046 ultimum
1040 980 1339 1045 iudicium
1371 979 1732 1063 practicam,
1768 975 1932 1060 quod
1979 977 2115 1041 tute
2149 977 2436 1060 operetur
2472 1002 2534 1040 ».

768 1084 925 1148 ‘Hoc
970 1103 1151 1167 porro
1184 1083 1337 1147 illud
1370 1084 1483 1159 est,
1532 1080 1736 1163 quoad
1785 1079 2221 1155 substantiam,
2256 1077 2816 1162 probabilistarum
2863 1084 3154 1165 systema,

700 1188 799 1251 cui
845 1188 972 1250 tres
1018 1186 1162 1250 illae
1218 1184 1710 1249 adversariorum
1780 1182 2005 1246 classes
2059 1184 2456 1264 opponuntur
2511 1184 2575 1245 et
2630 1183 2731 1246 cui
2779 1182 3153 1248 defendendo

701 1289 917 1353 contra
964 1288 1241 1371 singulas
1285 1287 1429 1350 illas
1467 1305 1515 1349 s,
1556 1287 1791 1350 Doctor
1837 1283 2117 1367 pluribus
2163 1285 2226 1348 et
2272 1281 2529 1348 diversis
2575 1284 3150 1352 elucubrationibus

701 1409 950 1475 operam
983 1391 1295 1475 egregiam
1328 1391 1391 1454 et
1435 1389 1731 1452 invictam
1780 1387 1967 1451 dedit.

789 1493 892 1558 69.
929 1493 1348 1557 Veruntamen
1396 1510 1443 1555 s.
1492 1492 1727 1555 Doctor
1771 1490 1926 1553 nihil
1974 1489 2252 1572 apposite
2289 1487 2734 1571 disputandum
2769 1492 3013 1554 censuit
3046 1492 3151 1555 ad-

696 1615 910 1660 versus
953 1595 1228 1680 rigidum
1274 1593 1723 1668 tutiorismum‚
1773 1593 1993 1675 utpote
2024 1592 2153 1655 iam
2192 1591 2579 1669 damnatum,
2621 1593 2694 1655 ut
2734 1591 2941 1657 videre
2974 1595 3158 1659 estin

697 1699 873 1763 textu
917 1698 1111 1780 ipsius
1160 1696 1440 1780 superius
1490 1697 1684 1760 allato
1731 1716 1791 1759 n.
1828 1695 1932 1758 67.
1967 1694 2159 1777 quue
2204 1712 2418 1760 rursus
2464 1695 2734 1780 legimus
2781 1696 2846 1761 in
2894 1698 3155 1764 Dissert.

697 1819 836 1864 ann.
875 1801 1065 1864 1755.
1099 1819 1159 1864 n.
1196 1800 1256 1863 3.
1313 1824 1348 1857 «κ
1380 1799 1470 1862 De
1508 1798 1773 1882 prima...
1825 1797 2131 1862 sententia
2176 1796 2436 1881 (inquit)
2482 1797 2582 1862 hic
2619 1816 2738 1863 non
2790 1799 3154 1877 disseritur3

695 1921 839 1966 nam
871 1921 1028 1983 quae
1061 1901 1289 1965 dicitur
1332 1901 1796 1965 tutioristarum
1834 1899 2177 1983 rigidorum
2213 1898 2341 1962 iam
2373 1899 2715 1983 proscripta
2748 1900 2876 1965 fuit
2914 1903 2992 1965 ab
3025 1904 3160 1967 Ale·

694 2004 924 2068 xandro
957 2003 1132 2066 VIII.
1164 2003 1227 2066 in
1262 2001 1680 2086 propositione
1710 2001 1919 2077 tertia,
1960 2020 2117 2084 quae
2148 2000 2419 2066 dicebat:
2452 2000 2605 2066 Non
2637 2000 2785 2067 licet
2826 2006 3008 2085 sequi
3036 2008 3159 2086 opi-

694 2107 942 2169 nionem
977 2107 1138 2168 Inter
1155 2103 1518 2184 probabiles
1539 2102 2138 2183 probabilissimum.

788 2209 889 2271 70.
922 2208 1185 2272 Prorsus
1233 2207 1413 2273 aliter
1442 2226 1585 2271 vero
1633 2226 1697 2271 se
1744 2206 1940 2289 gessit
1985 2226 2033 2270 s,
2067 2207 2302 2271 Doctor
2331 2207 2493 2272 circa
2529 2207 2684 2273 duas
2734 2209 2894 2274 alias
2929 2211 3156 2275 classes

695 2310 1208 2389 adversariorum,
1234 2329 1450 2393 nempe
1482 2310 1642 2373 circa
1680 2309 1944 2373 tutiores
1974 2309 2157 2374 mites
2193 2328 2315 2374 non
2348 2310 2677 2376 damnatos
2725 2314 2787 2376 et
2820 2312 2974 2376 circa
3011 2333 3149 2395 pro·

694 2413 1133 2478 habilioristas.

781 2514 864 2578 Et
909 2514 1072 2597 quod
1120 2515 1195 2578 ad
1241 2515 1555 2579 mitiorem
1602 2514 1779 2577 illum
1830 2512 2257 2578 tutiorismum
2296 2517 2555 2599 spectat,
2590 2516 2753 2581 hunc
2787 2518 3069 2602 apposite
3095 2522 3157 2585 et

691 2619 1012 2701 speciatim
1035 2617 1525 2702 impugnandum
1553 2617 1891 2699 assumpsit
1913 2616 1976 2680 in
1997 2616 2463 2694 Dissertatione‚
2482 2637 2641 2701 quae
2685 2621 2987 2686 secundae
3018 2643 3158 2688 nea-

693 2721 1004 2803 politanae
1043 2719 1299 2784 editioni
1336 2718 1712 2802 Theologiae
1742 2718 1998 2783 moralis
2046 2736 2186 2783 ann.
2227 2719 2416 2784 1753.
2467 2720 2704 2786 inserta
2743 2722 2886 2788 fuit.
2937 2723 3152 2808 Neque

691 2842 835 2887 vero
870 2824 1013 2887 huic
1059 2822 1492 2886 tantummodo
1541 2822 1797 2886 editioni
1846 2821 2032 2903 (quae
2077 2821 2405 2904 epistolam
2453 2842 2500 2888 s.
2537 2825 2829 2890 Doctoris
2865 2828 3155 2910 praefert,

690 2945 814 3008 qua
847 2944 1000 3008 opus
1048 2943 1232 2989 suum
1277 2923 1607 2989 Benedicto
1655 2923 1826 2988 XIV.
1876 2923 2145 3007 dedicat)
2191 2925 2296 2989 sed
2343 2926 2533 2990 etiam
2581 2930 2985 3010 sequentibus
3035 2931 3155 2995 edi-

688 3027 983 3105 tionibus
1033 3027 1254 3092 tertiae
1300 3027 1551 3102 scilicet,
1585 3029 1845 3108 quartae
1893 3028 1956 3090 et
1991 3027 2245 3108 quintae
2278 3046 2417 3091 ann.
2457 3028 2646 3092 1757.
2699 3030 2891 3096 1760.
2948 3034 3135 3097 1763.

689 3131 839 3194 haec
868 3129 1239 3195 Dissertatio
1289 3129 1583 3193 adiuncta
1630 3129 1937 3194 cernitur.

778 3230 956 3311 Quod
1003 3236 1213 3296 autem
1262 3252 1308 3295 s,
1338 3232 1570 3296 Doctor
1604 3231 1669 3295 in
1701 3250 1772 3295 ea
1810 3229 2059 3295 unicum
2109 3249 2361 3315 scopum
2410 3233 2527 3298 sibi
2558 3236 2988 3317 praestituerit
3027 3239 3147 3304 im-

687 3333 1002 3419 pugnandi
1038 3333 1416 3409 tutioristas‚
1466 3335 1673 3416 aperte
1721 3326 1792 3397 ex
1839 3332 2005 3398 hisce
2051 3334 2324 3398 eiusdem
2362 3335 2562 3401 verbis
2595 3337 2924 3423 colligitur
2954 3340 3064 3404 lib.
3097 3344 3151 3406 1.

684 3456 744 3500 n.
779 3439 883 3500 44.
925 3461 961 3494 ι
992 3435 1127 3501 Hic
1156 3440 1398 3500 tantum
1442 3437 1958 3516 operaepretium
1992 3441 2146 3516 puto
2176 3457 2363 3519 ayere
2400 3438 2474 3503 de
2519 3443 2900 3521 quaestione,
2935 3447 3153 3510 utrum

683 3539 893 3603 licitus
939 3539 1024 3603 sit
1071 3559 1221 3603 usus
1270 3538 1572 3622 opinionis
1618 3539 1980 3621 probabilis,
2019 3540 2250 3605 omissa
2303 3541 2543 3620 tutiori,
2584 3544 2810 3609 saltem
2842 3546 2896 3610 si
2947 3549 3157 3630 opinio

684 3640 963 3704 libertati
1009 3641 1219 3705 favens
1264 3640 1522 3705 firmiori
1567 3640 1969 3707 fundamento
2016 3643 2259 3707 nitatur
2291 3669 2354 3707 ».
2406 3643 2567 3709 Tum
2616 3665 2760 3713 vero
2810 3668 2869 3712 n.
2919 3652 3027 3715 45.
3070 3652 3157 3716 sic

685 3744 908 3808 horum
954 3744 1325 3808 sententiam
1384 3743 1706 3808 describit:
1773 3767 1807 3801 α
1863 3742 2178 3810 Sententia
2225 3746 2690 3813 tutioristarum
2737 3751 3012 3830 mitium,
3064 3760 3136 3819 ut

685 3865 871 3929 supra
903 3846 1187 3922 diximus
1223 3847 1392 3910 tenet
1435 3845 1726 3910 illicitum
1759 3865 1890 3910 esse
1926 3847 2022 3910 uti
2055 3847 2338 3931 opinione
2370 3850 2560 3915 etiam
2591 3852 2996 3935 probabiliori
3029 3876 3137 3939 pro

681 3949 988 4024 libertate,
1023 3967 1260 4031 semper
1306 3968 1376 4013 ac
1424 3948 1708 4032 opposita
1754 3967 1866 4030 pro
1912 3948 2047 4033 lege
2078 3950 2306 4015 habeat
2339 3970 2448 4034 pro
2482 3971 2545 4017 se
2581 3971 2771 4038 grave
2805 3958 3151 4038 motivum,

682 4052 965 4133 quamvis
1010 4051 1214 4115 minus
1261 4049 1576 4134 probabile
1622 4052 1684 4115 et
1730 4052 1981 4115 tantum
2030 4051 2376 4118 admittunt
2426 4073 2612 4120 usum
2653 4057 2965 4140 opinionis
3012 4079 3152 4143 pro·

677 4153 1112 4229 habilissimae‚
1176 4152 1352 4217 cuius
1416 4153 1700 4235 opposita
1759 4153 1845 4217 sit
1898 4152 2348 4236 improbabilis,
2407 4158 2504 4221 vel
2559 4160 2812 4224 tantum
2885 4162 3149 4226 tenuiter

675 4256 1010 4338 probabilis
1047 4257 1374 4338 careatque
1411 4255 1541 4320 ullo
1574 4253 1775 4320 solido
1811 4255 2233 4336 fundamentO,
2276 4259 2441 4340 quod
2478 4260 2684 4342 possit
2730 4281 2860 4328 esse
2908 4283 3053 4330 vera
3087 4292 3143 4328 ».

768 4357 1218 4423 Tutiorismum
1237 4376 1417 4442 porro
1437 4357 1739 4421 eiusmodi
1763 4358 1960 4422 refelli
1986 4360 2174 4424 etiam
2203 4380 2238 4424 a
2265 4362 2812 4444 probabilioristiS‚
2841 4365 2931 4431 ita
2960 4386 3009 4432 s.
3030 4369 3147 4432 Do·

678 4463 816 4523 otor
847 4459 1057 4523 subdit
1087 4481 1144 4524 n.
1186 4460 1322 4524 46.:
1365 4486 1399 4518 ‹
1430 4459 1602 4523 Haec
1642 4462 1854 4525 autem
1896 4462 2201 4526 sententia
2256 4462 2537 4528 universe
2589 4466 2869 4532 reiicitur
2923 4488 2958 4533 a
3020 4470 3149 4534 Do-

675 4560 949 4625 ctoribus
996 4580 1116 4626 non
1164 4563 1366 4627 solum
1414 4561 1855 4643 probabilistiS‚
1890 4563 1994 4644 qui
2046 4563 2389 4630 admittunt
2426 4585 2608 4632 usum
2667 4569 2977 4652 opinionis
3011 4592 3149 4656 pro·
