3529 5158
352 330 494 407 [394]
999 352 1416 409 mswnsmm,
1456 353 1605 402 Qun>
1644 354 1752 395 srr.
1796 355 2000 397 unolz
2037 356 2178 397 mus
2711 343 2817 398 385

439 447 722 528 Denique
751 448 954 512 multo
993 450 1194 533 magis
1232 450 1434 514 differt
1466 451 1544 513 ab
1580 450 1967 515 absolutionc
2014 453 2143 517 sive
2179 453 2414 536 peccati
2447 453 2574 517 sive
2607 473 2817 519 censu-

349 568 472 613 rae.
505 547 815 628 Quoniam
845 572 952 634 per
986 553 1438 618 absolutionem
1471 554 1681 635 potius
1718 555 2015 637 impletur
2043 556 2161 635 lex,
2195 575 2354 638 quae
2384 556 2575 632 iubet,
2619 559 2691 619 ut
2727 556 2815 621 di-

347 653 623 739 spositus
655 654 1039 733 absolvatur,
1074 675 1392 738 nunquam
1423 675 1568 720 vero
1602 656 1797 730 iubet,
1837 659 1912 743 ut
1943 658 2353 741 dispensetur.

433 754 798 821 Notandum
830 776 1078 839 quoque
1108 758 1279 822 aliud
1304 777 1434 823 esse
1466 758 1849 839 dispensare,
1891 759 2062 824 aliud
2094 762 2377 836 irritare,
2413 762 2583 826 aliud
2616 761 2815 826 decla-

343 878 491 922 rare
522 863 888 940 exemptum.
927 860 1110 925 Prius
1158 862 1426 944 pertinet
1456 862 1534 926 ad
1567 860 1957 945 Superiorem
1989 865 2053 927 et
2082 865 2400 929 exercetur
2445 884 2552 948 per
2600 868 2810 930 actum

339 961 806 1041 iurisdictioniS‚
856 983 1015 1046 quae
1060 964 1416 1047 quempiam
1463 966 1575 1029 aut
1621 965 1949 1048 quospiam
1996 966 2074 1029 ab
2120 966 2333 1048 aliqua
2379 968 2515 1052 lege
2562 969 2691 1032 sive
2738 987 2809 1031 ex

341 1067 478 1130 toto
513 1067 642 1131 sive
667 1086 738 1131 ex
762 1070 939 1150 parte
961 1067 1195 1144 eximit,
1224 1068 1436 1132 eadem
1466 1070 1649 1132 utens
1673 1069 2005 1150 potestate,
2033 1088 2157 1151 qua
2181 1089 2289 1152 per
2311 1070 2513 1154 legem
2547 1071 2804 1155 obligat.

337 1168 628 1233 Alterum
675 1171 943 1252 pertinet
990 1170 1064 1234 ad
1113 1171 1440 1235 habentem
1488 1171 1832 1236 dominium
1878 1171 1942 1235 in
1997 1172 2255 1236 alterius
2302 1173 2695 1237 voluntatem
2741 1174 2807 1237 et

336 1272 650 1353 quatenus
686 1293 744 1337 v.
784 1293 877 1357 gr.
927 1274 1192 1337 maritus
1240 1273 1584 1338 dominium
1630 1274 1821 1338 habet
1866 1274 1929 1338 in
1976 1292 2251 1341 uxorem.
2284 1277 2347 1338 et
2390 1274 2553 1339 filios
2599 1276 2810 1358 potest

337 1373 786 1457 obligationem
833 1376 1097 1440 alicuius
1145 1376 1277 1440 voti
1326 1376 1403 1439 ab
1449 1375 1575 1440 illis
1623 1376 1831 1441 emissi
1877 1377 2143 1443 irritare.
2184 1377 2465 1441 Tertium
2498 1396 2640 1441 vero
2673 1396 2805 1460 per-

334 1476 494 1540 tinet
541 1475 620 1539 ad
666 1476 981 1542 doctorem
1013 1498 1070 1540 v,
1110 1498 1203 1562 gr.
1247 1479 1359 1542 aut
1405 1478 1482 1542 ad
1525 1478 1855 1558 medicum,
1889 1480 1963 1542 ut
2002 1498 2144 1543 cum
2189 1479 2403 1563 agitur
2439 1479 2513 1542 de
2548 1479 2799 1556 ieiunio,

335 1597 409 1642 an
456 1580 685 1642 noceat
717 1579 830 1656 ita,
865 1581 939 1642 ut
968 1580 1107 1661 quis
1139 1581 1495 1655 excusetur;
1531 1583 1594 1644 et
1624 1581 1760 1645 heic
1789 1581 1964 1645 nulla
2001 1582 2328 1646 intercedit
2364 1584 2642 1665 potestas
2689 1585 2802 1646 aut

331 1680 846 1747 iurisdictionalis
885 1686 998 1747 aut
1035 1682 1441 1748 dominat-iva.

417 1784 590 1848 mud
639 1783 830 1850 etiam
892 1785 1200 1861 1161616116,
1263 1784 1785 1868 dispensationem
1838 1785 2077 1851 differre
2125 1805 2161 1850 a
2208 1786 2661 1852 ratihabitione
2730 1787 2805 1852 de

327 1888 546 1952 futuro
604 1886 955 1952 obtinenda.
1017 1887 1413 1970 Dispensatio
1460 1887 1623 1952 enim
1670 1888 1972 1970 importat
2017 1888 2081 1951 in
2129 1886 2454 1972 Superiore
2517 1888 2796 1971 aliquam

327 2009 555 2055 causae
602 1990 1019 2075 cognitionem
1068 1991 1130 2054 et
1168 1990 1477 2054 actualem
1510 1990 1783 2054 eiusdem
1815 1991 2242 2067 voluntatem3
2279 1991 2457 2073 atqui
2502 1992 2798 2056 voluntas

325 2092 547 2158 futura.
590 2095 656 2158 et
701 2092 1122 2177 hypothetica,
1157 2113 1280 2174 qua
1312 2092 1443 2157 scil.
1485 2094 1942 2176 approbaturus
1972 2096 2257 2178 speratur
2285 2093 2523 2161 factum
2552 2114 2798 2179 praece-

325 2196 491 2274 dens,
535 2214 661 2261 non
699 2197 795 2261 est
825 2195 1109 2260 absolute
1140 2196 1452 2260 voluntas,

409 2298 589 2364 Dicit
619 2299 859 2364 Auctor
901 2299 968 2363 in
1015 2299 1150 2361 iure
1197 2297 1499 2362 immam.-
1532 2298 1911 2383 dispensatio
1956 2301 2168 2364 tamen
2215 2300 2289 2363 fit
2319 2300 2509 2364 etiam
2549 2300 2614 2364 in
2658 2301 2795 2364 iure

321 2402 558 2479 divim,
593 2422 648 2465 v,
692 2422 785 2486 gr.
817 2401 882 2465 in
929 2401 1330 2466 matrimonio
1377 2404 1537 2465 rato.
1572 2400 1690 2466 Sed
1736 2401 1811 2466 de
1856 2402 1974 2467 hoc
2019 2401 2259 2467 dicetur
2302 2401 2368 2464 in
2413 2402 2791 2466 resolutione

318 2506 522 2590 prima
575 2506 641 2570 et
685 2523 899 2570 sensus
930 2522 1052 2587 quo
1085 2503 1465 2588 dispensatio
1504 2503 1595 2584 fit,
1640 2504 2071 2588 explicabitur.

402 2610 520 2675 Ait
567 2610 645 2673 A.
679 2629 756 2673 ex
801 2608 972 2672 iusta
1009 2628 1217 2671 cau-sa.
1255 2608 1443 2672 Ratio
1481 2611 1691 2673 tamen
1723 2627 1835 2672 cur
1869 2608 2077 2672 valida
2111 2607 2194 2672 sit
2240 2607 2617 2690 dispensatio
2650 2625 2791 2671 con-

316 2731 485 2779 cessa
507 2712 710 2777 etiam
742 2712 872 2777 sine
901 2712 1070 2776 iusta
1106 2730 1314 2787 causa,
1354 2712 1506 2775 haec
1536 2712 1648 2786 est,
1684 2710 1834 2793 quia
1866 2711 2266 2796 obligationis
2300 2710 2617 2776 vinculum
2648 2730 2789 2794 pen-

316 2816 420 2880 det
456 2836 494 2880 a
537 2815 866 2880 voluntate
896 2814 1295 2899 legislatoris
1336 2812 1400 2878 Si
1438 2833 1586 2898 ergo
1620 2814 1718 2878 hic
1751 2815 1889 2878 vult
1925 2815 2281 2898 quempiam
2310 2834 2559 2880 manere
2590 2833 2787 2879 exem-

314 2921 494 3002 ptum
549 2918 628 2982 ab
675 2916 1074 3002 obligatione,
1113 2916 1213 2980 hic
1259 2917 1461 2999 reipsa
1506 2918 1716 2981 manet
1763 2918 2104 3001 exemptus,
2136 2916 2284 2981 licet
2327 2918 2628 2982 relaxatio
2661 2935 2783 2980 non

314 3022 397 3086 sit
442 3021 737 3105 prudens.
771 3019 932 3084 Aliis
978 3020 1214 3094 verbis;
1248 3021 1527 3084 cessante
1574 3037 1762 3082 661166
1799 3019 1987 3099 (quae
2032 3018 2286 3081 influere
2320 3021 2550 3102 pergit)
2583 3021 2784 3082 cessat

312 3125 597 3200 effectus;
633 3123 909 3189 cessante
939 3122 1136 3207 igitur
1180 3123 1245 3188 in
1283 3121 1670 3206 Legislatore
1701 3120 2028 3184 voluntate
2059 3120 2413 3202 quempiam
2447 3119 2782 3201 obligandi,

312 3247 473 3310 quae
511 3229 610 3293 est
642 3225 1041 3311 obligationis
1079 3243 1286 3298 661166,
1321 3225 1523 3288 666661
1554 3226 1618 3286 61
1655 3222 1906 3285 effectus
1939 3220 2069 3285 scil.
2105 3219 2429 3304 obligatio,
2465 3220 2586 3283 Res
2610 3222 2786 3302 patet

313 3333 380 3395 et
432 3330 498 3394 in
547 3328 1029 3412 patrefamilias:
1080 3328 1134 3392 si
1178 3327 1340 3391 enim
1388 3325 1488 3388 hic
1532 3323 1835 3387 maiorem
1878 3325 2036 3387 natu
2081 3322 2312 3386 eximat
2374 3340 2409 3385 a
2456 3322 2781 3404 praecepto

309 3432 648 3516 recipiendi
682 3451 748 3498 66
794 3431 1050 3496 domum
1095 3431 1264 3495 certa
1312 3427 1581 3509 quadam
1629 3427 1804 3503 hora,
1838 3425 1937 3489 hic
1982 3443 2105 3489 non
2143 3423 2262 3489 6111
2307 3443 2502 3506 neque
2543 3423 2784 3488 dicetur

305 3535 690 3613 inobediens,
724 3535 778 3599 si
827 3534 951 3598 alia
997 3534 1150 3598 hora
1199 3530 1429 3595 redeat.

396 3639 537 3704 Imo
589 3637 797 3702 valida
843 3639 939 3702 est
969 3634 1369 3719 dispensatio,
1397 3631 1646 3697 etiamsi
1690 3630 2018 3715 legislator
2048 3650 2112 3695 se
2158 3630 2404 3696 vinculo
2444 3629 2782 3695 iuramenti

304 3745 417 3807 aut
454 3741 598 3807 voti
631 3740 968 3825 obligasset
1008 3739 1085 3803 ad
1123 3758 1245 3803 non
1278 3735 1776 3819 dispensandum.
1811 3732 1975 3797 Nam
2005 3733 2156 3798 haec
2186 3734 2434 3798 vincula
2465 3733 2780 3815 dispensa-

300 3845 543 3909 tionem
576 3842 818 3908 faciunt
846 3842 1133 3906 illicitam
1164 3841 1229 3905 in
1260 3839 1524 3904 materia
1555 3837 1896 3922 religioniS,
1922 3835 2027 3900 sed
2048 3854 2172 3900 non
2200 3835 2484 3899 adimunt
2513 3835 2782 3917 potesta-

299 3950 448 4025 tem,
490 3945 749 4030 perinde
782 3964 852 4009 ac
897 3946 1174 4027 potestas
1205 3962 1328 4007 non
1356 3942 1652 4006 adimitur
1684 3939 1888 4004 valide
1918 3937 2215 4002 vendendi
2261 3938 2374 3999 aut
2405 3935 2644 3999 emendi
2667 3938 2779 3999 aut

299 4048 717 4116 contrahendi
758 4046 1232 4112 matrimonium
1279 4065 1386 4128 per
1418 4046 1569 4108 vota
1602 4045 1714 4106 aut
1755 4042 2108 4105 iuramenta
2153 4038 2227 4102 de
2272 4037 2438 4101 hisce
2486 4036 2773 4101 vitandis.

295 4151 492 4218 Salm.
534 4151 618 4215 de
665 4150 817 4232 Ley.
859 4167 991 4232 cap.
1034 4151 1092 4213 5.
1142 4169 1202 4212 11.
1240 4148 1345 4210 64.

382 4250 574 4327 394.
614 4252 792 4333 Quod
836 4252 1161 4337 legislator
1207 4252 1414 4333 peccet
1460 4246 1868 4330 dispensando
1901 4245 2031 4309 sine
2061 4261 2268 4319 causa,
2308 4242 2653 4306 communis
2683 4245 2780 4306 est

293 4359 623 4432 doctrina;
676 4356 762 4420 616
809 4355 972 4419 6111111
1017 4373 1140 4419 11611
1187 4353 1575 4435 dispensator
1605 4348 1803 4413 fidelis
1852 4348 2028 4419 foret,
2078 4344 2181 4410 sed
2228 4343 2580 4426 dissipator.
2614 4343 2779 4408 Nam

294 4463 446 4527 haec
495 4457 672 4525 ratio
721 4456 940 4542 agendi
986 4455 1501 4537 inaequalitatem
1533 4452 1708 4534 ponit
1740 4451 1902 4514 inter
1939 4446 2240 4524 subditos,
2280 4446 2517 4510 invehit
2550 4447 2775 4511 vitium

286 4560 682 4648 acceptionis
726 4577 1147 4642 personarum,
1190 4575 1406 4622 ansam
1453 4554 1719 4636 querelis
1769 4552 2019 4635 praebet
2066 4569 2300 4621 eorum,
2342 4549 2449 4630 qui
2496 4550 2650 4613 citra
2685 4550 2776 4612 ul-

456 4687 758 4735 Bnnnmum,
791 4681 960 4724 Moral.
991 4681 1140 4723 Tomo
1170 4680 1210 4722 I.
2564 4670 2619 4711 25
