3529 5158
940 362 1433 409 PROPOSITIONUM
1469 367 1920 424 DAMNATARUM‚
1959 372 2000 411 A
2037 372 2138 413 Plo
2176 373 2254 413 VI.
2634 376 2818 418 LXXXI

456 468 690 544 Neque
737 465 1009 529 silentio
1056 468 1546 542 praetereunda
1589 469 1879 548 insignis
1925 488 2004 532 ea
2047 471 2304 534 fraudis
2335 474 2536 549 plena
2568 475 2821 552 Synodi

365 558 726 636 temeritaS,
760 573 935 633 quae
963 556 1221 632 pridem
1253 556 1695 632 improbatam
1728 559 1815 619 ab
1845 562 2208 636 apostolica
2249 561 2417 623 Sede
2449 570 2823 627 conventus

368 647 703 710 Gallicani
726 646 1245 709 declarationem
1286 645 1446 707 anni
1471 649 1666 707 1682.
1692 665 1858 710 ausa
1889 649 1980 710 sit
2012 667 2144 711 non
2170 652 2595 727 amplissimis
2627 655 2822 716 modo

364 736 679 798 laudibus
710 751 1051 814 exornare,
1085 734 1222 813 sed,
1272 751 1407 810 quo
1443 735 1755 797 maiorem
1792 738 1893 798 illi
1918 740 2385 802 auctoritatem
2418 744 2820 823 conciliaret,

366 842 510 887 eam
540 827 615 887 in
648 825 987 886 decretum
1021 825 1096 885 cle
1125 822 1288 883 Fide
1325 823 1722 901 inscriptum
1755 827 2073 889 insidiose
2104 828 2464 908 includere,
2505 832 2822 895 articulos

361 916 434 975 in
477 915 599 976 illa
629 916 983 976 contentos
1019 913 1240 989 palam
1272 912 1592 989 adoptare
1621 919 1710 989 et,
1751 934 1923 992 quae
1969 917 2249 992 sparsim
2289 935 2409 994 per
2440 920 2564 981 hoc
2600 921 2818 997 ipsum

360 1004 698 1067 decretum
748 1003 1001 1064 tradita
1056 1005 1239 1081 sunt,
1288 1002 1523 1062 horum
1572 1004 2006 1066 articulorum
2063 1007 2334 1082 publica
2389 1013 2459 1069 et
2511 1011 2815 1071 sollemni

358 1093 774 1170 professione
799 1092 1173 1169 obsignare.
1208 1092 1358 1165 Quo
1390 1108 1549 1153 sane
1588 1111 1723 1155 non
1754 1096 1970 1155 solum
2002 1096 2273 1172 gravior
2296 1096 2495 1175 longe
2527 1116 2598 1158 se
2624 1099 2816 1161 nobis

359 1184 556 1244 offert
591 1182 675 1244 de
707 1181 998 1259 Synodo,
1032 1198 1229 1258 quam
1256 1181 1876 1256 praedecessoribus
1902 1185 2145 1245 nostris
2185 1186 2391 1246 fuerit
2414 1187 2496 1247 de
2527 1188 2814 1251 comitiis

358 1272 512 1350 illis,
546 1271 1019 1348 expostulandi
1056 1269 1248 1348 ratio,
1297 1270 1415 1332 sed
1460 1275 1531 1331 et
1560 1271 1832 1348 ipsimet
1880 1273 2268 1336 Gallicanae
2314 1277 2631 1338 ecclesiae
2676 1295 2810 1339 non

358 1360 530 1423 levis
549 1360 804 1421 iniuria
833 1361 1185 1439 irrogatur,
1214 1377 1412 1436 quam
1440 1359 1706 1439 dignam
1743 1362 2050 1440 Synodus
2082 1364 2588 1446 existimaverit,
2621 1367 2811 1428 cuius

357 1449 723 1511 auctoritas
757 1450 826 1510 in
864 1448 1309 1525 patrocinium
1342 1453 1698 1510 vocaretur
1726 1468 2043 1531 errorum,
2071 1453 2316 1529 quibus
2339 1454 2510 1514 illud
2533 1459 2637 1516 est
2658 1473 2812 1518 con-

356 1539 755 1600 taminatum
799 1539 1160 1600 decretum.

445 1628 911 1707 Quamobrem,
940 1645 1112 1704 quae
1133 1631 1285 1688 acta
1314 1633 1688 1689 conventus
1721 1628 2075 1708 Gallicani,
2111 1647 2262 1690 mox
2288 1635 2364 1692 ut
2396 1632 2809 1711 prodierunt,

356 1718 822 1794 praedecessor
841 1722 1068 1777 noster
1080 1716 1485 1778 venerabilis
1502 1717 1942 1779 Innocentius
1960 1719 2084 1778 XI.
2104 1735 2223 1794 per
2238 1720 2499 1781 litteras
2519 1721 2586 1780 in
2603 1721 2813 1782 forma
2856 1713 2860 1718 ’

354 1806 579 1869 brevis
632 1807 743 1868 die
775 1808 866 1868 ΙΙ.
899 1805 1132 1883 aprilis
1178 1805 1341 1866 anni
1382 1807 1600 1882 1682„
1632 1811 1789 1882 post
1833 1812 2057 1868 autem
2099 1809 2479 1883 expressius
2517 1810 2813 1872 Alexan-

355 1897 473 1957 der
506 1898 707 1958 VIII.
740 1895 1226 1958 constitutione
1254 1894 1443 1954 Inter
1477 1896 1857 1974 multiplices
1894 1897 2002 1957 die
2029 1901 2088 1956 4.
2121 1898 2391 1974 augusti
2423 1898 2582 1959 anni
2619 1902 2811 1962 1690.

356 2003 475 2061 pro
506 1986 857 2062 apostolici
890 1985 1000 2046 sui
1030 1984 1329 2045 muneris
1360 1985 1619 2045 ratione
1649 1984 2135 2064 improbarunt,
2163 1986 2598 2056 resciderunt,
2628 1988 2814 2050 nulla

354 2080 422 2136 et
469 2074 665 2136 irrita
698 2075 1161 2151 declararunt3
1210 2074 1423 2133 multo
1455 2072 1700 2135 fortius
1748 2074 1962 2152 exigit
1993 2092 2033 2134 a
2065 2075 2259 2136 nobis
2296 2077 2651 2152 pastoralis
2683 2079 2812 2139 sol-

352 2164 634 2225 licitudo
686 2167 1024 2225 recentem
1067 2164 1306 2223 horum
1359 2162 1606 2223 factam
1666 2161 1739 2223 in
1789 2164 2058 2241 Synodo
2104 2169 2208 2225 tot
2262 2165 2450 2227 vitiis
2502 2167 2807 2228 affectam

351 2253 778 2330 adoptionem
827 2254 1019 2314 velut
1052 2251 1509 2331 temerariam,
1559 2252 2016 2313 scandalosam
2062 2270 2140 2313 ac
2193 2254 2584 2329 praesertim
2631 2254 2808 2332 (post

354 2343 535 2406 edita
590 2342 1174 2418 praedecessorum
1220 2345 1603 2402 nostrorum
1649 2342 1916 2402 decreta
1972 2341 2129 2402 huic
2192 2343 2594 2418 apostolicae
2649 2345 2806 2406 Sedi

353 2449 769 2508 summopere
791 2432 1177 2493 iniuriosam
1212 2430 1567 2506 reprobare
1589 2447 1668 2491 ac
1698 2431 2035 2509 damnare,
2068 2438 2269 2506 prout
2294 2448 2438 2491 eam
2470 2433 2805 2507 praesenti

352 2523 475 2583 hac
508 2525 742 2583 nostra
776 2519 1259 2582 constitutione
1306 2518 1738 2595 reprobamus
1775 2525 1845 2581 et
1889 2519 2284 2581 damnamus
2321 2537 2397 2581 ac
2429 2538 2550 2598 pro
2581 2539 2804 2599 repro-

350 2613 507 2673 bata
555 2616 626 2672 et
672 2611 989 2672 damnata
1034 2608 1268 2670 haberi
1303 2609 1635 2670 volumus.

441 2701 554 2761 Ad
602 2700 673 2760 id
721 2716 937 2777 genus
983 2698 1244 2760 fraudis
1288 2697 1604 2776 pertinet,
1644 2698 1827 2774 quod
1864 2699 2173 2776 Synodus
2219 2699 2291 2760 in
2338 2701 2465 2761 hoc
2501 2699 2646 2776 ipso
2691 2700 2804 2761 de-

351 2795 528 2851 creto
576 2790 660 2850 de
708 2790 876 2850 Fide
922 2789 1353 2865 quamplures
1399 2787 1718 2848 articulos
1764 2789 2126 2866 complexa,
2162 2805 2332 2866 quos
2369 2789 2806 2851 Lovaniensis

351 2879 696 2941 facultatis
742 2878 1039 2955 theologi
1085 2876 1172 2938 ad
1219 2876 1602 2937 Innocentii
1650 2877 1775 2937 XI.
1825 2876 2144 2938 iudicium
2202 2878 2610 2956 detulerunt,
2658 2883 2804 2939 tum

349 2975 415 3030 et
446 2970 623 3030 alios
648 2968 1002 3028 duodecim
1025 2984 1066 3027 a
1092 2965 1433 3028 Cardinali
1463 2966 1549 3026 de
1580 2966 1872 3027 Noailles
1897 2967 2263 3028 Benedicto
2289 2969 2488 3027 XIII.
2524 2969 2802 3046 oblatos,

351 3077 479 3120 non
513 3057 936 3118 dubitaverit
972 3073 1056 3120 ex
1102 3056 1457 3132 reprobato
1503 3055 1795 3117 secundo
1834 3056 2312 3117 Ultraiectensi
2361 3057 2658 3117 Concilio
2689 3074 2805 3118 va-

346 3167 500 3209 num
525 3153 860 3222 vetusque
884 3149 1326 3206 commentum
1354 3145 1762 3206 exsuscitare
1786 3149 2166 3218 temereque
2191 3145 2297 3204 his
2314 3145 2538 3204 verbis
2556 3145 2805 3207 iactare

347 3239 412 3299 in
437 3239 711 3314 vulgus,
731 3252 970 3311 nempe
993 3233 1346 3295 universae
1375 3235 1680 3309 Europae
1704 3234 2126 3293 notissimum
2150 3249 2314 3310 esse,
2341 3249 2455 3292 eos
2487 3233 2804 3295 articulos

330 3328 595 3388 'Romae
628 3324 1053 3386 severissimo
1093 3322 1381 3384 examini
1415 3322 1750 3382 subiectos
1783 3321 1990 3382 fuisse
2020 3328 2090 3381 et-
2134 3337 2266 3380 non
2308 3320 2520 3381 solum
2568 3338 2610 3381 a
2638 3338 2802 3397 qua—

346 3417 683 3491 licumque
731 3429 1010 3474 censura
1053 3413 1385 3474 immunes
1430 3410 1692 3487 exiisse,
1726 3410 1843 3471 sed
1877 3410 2078 3470 etiam
2117 3427 2158 3471 a
2186 3409 2479 3471 laudatis
2508 3412 2802 3473 romanis

346 3503 788 3567 Pontificibus
832 3503 1044 3564 fuisse
1072 3500 1606 3563 commendatos:
1655 3499 1848 3560 cuius
1878 3504 2103 3560 tamen
2135 3503 2427 3561 assertae
2472 3518 2800 3562 commen-

344 3594 640 3656 dationis
671 3609 806 3653 non
840 3591 1035 3653 modo
1073 3593 1333 3651 nullum
1364 3592 1589 3651 exstat
1623 3589 2089 3650 authenticum
2113 3589 2607 3672 documentum,
2635 3592 2794 3668 quin

345 3684 570 3760 potius
592 3680 810 3743 eidem
834 3681 1265 3760 refragantur
1295 3685 1444 3741 acta
1466 3679 1812 3759 examiniS,
1846 3696 2019 3755 quae
2049 3679 2120 3739 in
2152 3686 2421 3741 nostrae
2452 3698 2800 3757 supremae

344 3770 804 3849 inquisitionis
859 3771 1112 3832 tabulis
1165 3771 1617 3848 asservantur,
1671 3785 1708 3829 e
1752 3770 2000 3844 quibus
2052 3767 2123 3828 id
2178 3773 2444 3831 tantum
2499 3775 2796 3851 apparet,

343 3864 602 3923 nullum
650 3877 854 3938 super
898 3860 984 3921 iis
1027 3860 1362 3936 prolatum
1411 3859 1618 3919 fuisse
1664 3858 2004 3918 iudicium.

430 3953 641 4012 Hisce
665 3954 1021 4028 propterea
1053 3948 1139 4008 de
1160 3949 1400 4029 causis,
1435 3949 1682 4009 librum
1704 3949 1888 4008 hunc
1919 3948 2157 4024 ipsum,
2192 3948 2300 4008 cui
2326 3948 2571 4010 titulus
2599 3951 2750 4010 Atti
2770 3970 2802 4010 e

345 4041 574 4100 decreti
600 4040 704 4100 del
740 4037 1023 4099 Concilio
1056 4037 1384 4098 diocesano
1417 4037 1485 4097 eli
1516 4037 1764 4098 Pistoia
1800 4037 2121 4096 dell’au-no
2153 4036 2673 4098 MDOGLXXX
2684 4039 2799 4101 VI.

344 4130 409 4189 in
439 4129 697 4190 Patoia
733 4146 857 4206 per
892 4129 1054 4188 Atto
1100 4126 1371 4187 Bracali
1416 4132 1806 4202 stampatore
1837 4125 2131 4186 vescovile
2177 4143 2292 4186 con
2323 4130 2799 4208 approvazione,

344 4218 481 4279 sive
526 4217 896 4295 praemisso
942 4216 1088 4278 sive
1135 4216 1374 4292 quovis
1419 4215 1552 4276 alio
1597 4215 1801 4276 titulo
1838 4215 2256 4292 inscriptum,
2290 4216 2694 4294 ubicumque
2733 4226 2803 4280 et

347 4323 761 4383 quocumque
810 4306 1144 4385 idiomate,
1187 4305 1428 4381 quovis
1474 4304 1768 4366 editione
1815 4307 1934 4365 aut
1979 4305 2286 4365 versione
2322 4308 2649 4368 hactenus
2680 4309 2800 4370 im-

348 4413 640 4471 pressum
674 4401 799 4457 aut
830 4395 1366 4472 imprimendum,
1399 4394 1799 4456 auctoritate
1829 4394 2195 4470 apostolica
2224 4398 2454 4457 tenore
2489 4414 2798 4473 praesen-

346 4485 505 4547 tium
537 4485 975 4564 prohibemus
1011 4488 1082 4546 et
1104 4485 1515 4565 damnamus,
1541 4484 2098 4561 quemadmodum
2137 4484 2339 4544 etiam
2373 4486 2539 4547 alios
2571 4503 2798 4548 omnes

347 4574 540 4638 libros
584 4577 659 4638 in
708 4575 859 4638 eius
903 4575 1048 4636 sive
1093 4574 1238 4636 eius
1283 4573 1623 4636 doctrinae
1653 4573 2108 4636 defensionem
2143 4579 2279 4634 tam
2319 4576 2568 4652 scripto
2593 4593 2793 4651 quam
