3529 5158
699 360 777 414 44
1235 370 1446 411 mor.
1484 371 1522 411 1.
1561 370 1647 409 nn
1684 368 1942 411 nonnus
1977 368 2271 411 nunnus.
2310 367 2511 410 capm-
2547 368 2637 408 111.
3056 355 3163 431 [48]

699 470 829 533 sive
875 468 1155 549 rec-eptae
1202 465 1664 530 consuetudinis
1708 466 1773 528 in
1821 465 1953 530 foro
2000 467 2248 529 externo
2296 466 2548 528 excusat
2594 464 2800 545 quoad
2853 467 3166 547 acquiren-

697 570 846 633 dum
881 569 1159 632 lucrum:
1197 567 1259 629 3.
1285 567 1436 630 bene
1461 585 1604 630 vero
1637 567 1839 648 quoad
1874 567 2235 631 evitandum
2281 566 2577 629 damnum
2623 565 2688 628 in
2735 585 2799 629 re
2840 584 2952 630 sua
2986 567 3167 632 amit-

698 670 883 734 tenda
927 687 1261 751 emergens.
1311 665 1557 732 Scilicet
1601 669 1770 752 leges
1816 668 2084 751 intelligi
2129 668 2351 732 debent
2397 667 2475 731 ab
2524 666 2808 731 omnibus
2857 668 3046 749 atque
3091 673 3165 735 ut

695 772 885 835 habet
913 772 955 834 1.
996 772 1096 833 12.
1149 768 1217 833 C.
1251 769 1325 832 de
1357 771 1521 833 iuris
1552 774 1613 833 et
1638 770 1794 848 facti
1822 771 2189 851 iynorantia
2225 795 2260 827 «
2292 768 2771 833 constitutiones
2817 769 3165 853 principum

697 892 807 937 nec
851 873 1139 956 ignorare
1186 890 1561 953 quemquam
1608 891 1717 935 nec
1748 872 2140 935 dissimulare
2169 870 2591 953 permittimus
2621 895 2684 932 ».

787 976 1190 1057 Exceptiones
1223 975 1427 1055 quoad
1458 993 1748 1056 personas
1796 993 2148 1057 puerorum,
2197 974 2491 1050 militum,
2540 973 2998 1037 rusticanorum
3045 978 3162 1039 etc.

698 1078 1005 1142 habentur
1035 1078 1097 1141 in
1130 1077 1280 1160 ipsis
1312 1076 1553 1160 legibus
1578 1077 1709 1141 eod.
1745 1077 1871 1141 Tit.
1905 1078 2048 1159 Dig.
2083 1077 2224 1141 cit.:
2261 1079 2510 1159 propter
2542 1077 2986 1141 obscuritatem
3018 1097 3162 1143 vero

693 1180 849 1265 legis
883 1179 1193 1251 excusari,-
1226 1198 1321 1243 res
1362 1183 1456 1243 est
1503 1178 1810 1260 aequitati
1856 1198 2158 1262 congrua;
2209 1178 2357 1259 quia
2405 1179 2467 1241 in
2517 1178 2793 1244 obscuris
2839 1198 3019 1243 nemo
3069 1199 3166 1245 co-

697 1282 870 1364 gitur
914 1282 1072 1344 hanc
1104 1280 1313 1362 potius
1345 1300 1533 1362 quam
1565 1280 1740 1344 illam
1775 1280 2126 1362 opinionem
2159 1280 2352 1360 sequi.

807 1454 965 1505 xxn.
992 1454 1134 1519 Quod
1173 1458 1332 1505 autem
1370 1454 1431 1504 ad
1469 1451 1547 1504 ius
1585 1459 1791 1505 naturae
1827 1450 2016 1513 attinet,
2041 1450 2314 1505 communis
2343 1457 2393 1504 et
2421 1456 2555 1504 certa
2581 1450 2802 1504 doctrina
2828 1458 2902 1504 est
2928 1451 3152 1517 ignorari

695 1534 1049 1590 invincibiliter
1079 1550 1223 1601 posse
1250 1551 1345 1589 non
1370 1535 1564 1601 quidem
1592 1535 1742 1602 prima
1770 1534 2008 1602 principia
2030 1542 2112 1589 aut
2136 1550 2260 1601 quae
2289 1534 2477 1588 modica
2504 1534 2896 1589 consideratione
2927 1539 2987 1588 ab
3017 1536 3155 1591 hisce

696 1622 1020 1681 deducuntur,
1047 1622 1132 1673 sed
1160 1620 1448 1673 remotiores
1473 1620 1814 1673 conclusiones
1839 1635 2010 1685 eaque,
2041 1626 2096 1672 ut
2120 1619 2277 1684 inquit
2303 1634 2343 1671 s.
2370 1621 2600 1681 ThomaS,
2631 1621 2677 1671 1.
2706 1621 2753 1671 2.
2780 1636 2828 1685 q.
2863 1622 2984 1673 100.
3015 1635 3060 1673 a.
3093 1624 3158 1684 1.,

694 1707 754 1758 ad
796 1720 1013 1770 quorum
1036 1703 1269 1759 iudicium
1295 1705 1564 1771 requiritur
1602 1709 1750 1758 multa
1792 1704 2120 1757 consideratio
2158 1704 2466 1757 diversarum
2505 1703 2998 1768 circumstantiarum,
3030 1721 3153 1771 quas

696 1790 1001 1844 considerare
1039 1805 1137 1844 non
1174 1797 1251 1843 est
1287 1789 1565 1855 cuiuslibet,
1602 1792 1689 1843 sed
1727 1789 2028 1856 sapientum:
2077 1788 2201 1842 sicut
2241 1788 2556 1841 considerare
2595 1787 2922 1855 particulares
2962 1792 3160 1845 conclu·

693 1873 857 1928 siones
892 1874 1206 1928 scientiarum
1244 1888 1340 1928 non
1378 1872 1587 1939 pertinet
1625 1875 1685 1925 ad
1733 1888 1918 1939 omneS,
1967 1875 2052 1926 sed
2092 1875 2154 1926 ad
2192 1874 2329 1927 solos
2378 1872 2715 1940 philosophos.
2752 1875 2803 1927 ld
2846 1880 3008 1928 autem
3045 1890 3160 1929 cum

693 1974 840 2025 saepe
878 1958 1014 2019 alias,
1055 1966 1155 2011 tum
1194 1957 1502 2024 potissimum
1541 1957 1739 2010 evenire
1779 1960 1920 2020 solet,
1946 1959 2141 2023 quando
2181 1957 2249 2010 ita
2289 1964 2581 2011 concurrunt
2621 1960 2757 2024 plura
2799 1966 3080 2026 praecepta,
3103 1965 3159 2013 ut

693 2045 754 2096 ad
795 2042 1074 2096 utramlibet
1112 2041 1451 2108 oppositorum
1491 2049 1677 2108 partem
1716 2040 1925 2105 obligari
1964 2057 2112 2105 agens
2149 2041 2388 2095 videatur.

787 2178 912 2251 48.
947 2181 1087 2245 Non
1119 2181 1253 2245 dari
1285 2181 1703 2265 ignorantlam
1749 2180 2168 2245 invincibilem
2215 2182 2368 2246 iuris
2407 2183 2669 2247 naturae
2714 2183 3161 2248 contenderunt

699 2285 1070 2360 Ianseniani‚
1106 2287 1412 2365 quatenus
1459 2284 1768 2367 negarunt
1811 2283 2232 2366 ignorantiam
2278 2284 2455 2360 hanc,
2489 2303 2678 2365 quam
2710 2303 2921 2349 omnes
2964 2285 3162 2349 invin-

693 2387 936 2451 cibilem
961 2385 1193 2461 dicunt,
1227 2404 1532 2449 excusare.
1550 2384 2018 2448 Admittendam
2053 2403 2194 2449 vero
2218 2385 2638 2468 ignorantiam
2662 2385 3159 2450 invincibilemin

692 2488 1187 2555 conclusionibus
1211 2488 1665 2564 remotioribuS,
1702 2504 1861 2567 quae
1899 2485 2150 2569 proinde
2182 2489 2446 2564 excuset,
2480 2488 2780 2569 probatur
2812 2488 3156 2553 l⁰ratione.

782 2592 944 2655 Nam
962 2610 1144 2655 sensu
1169 2590 1392 2653 intimo
1419 2591 1494 2654 et
1505 2589 1820 2654 communi
1843 2589 2214 2671 experientia
2237 2592 2502 2667 constat,
2521 2591 2942 2657 conclusiones
2963 2609 3160 2657 remo-

691 2694 881 2758 tiores
928 2690 1174 2756 nonnisi
1219 2690 1529 2754 laboriosa
1578 2709 1650 2753 ac
1694 2690 2055 2773 plerumque
2085 2691 2552 2756 intricatissima
2597 2693 3074 2758 ratiocinatione
3119 2712 3157 2758 a

695 2794 910 2877 primis
942 2793 1258 2875 principiis
1285 2792 1450 2865 erui;
1486 2791 1636 2856 adeo
1669 2795 1743 2856 ut
1776 2811 1931 2875 opus
1956 2793 2040 2856 sit
2071 2792 2198 2857 acri
2221 2794 2284 2857 vi
2305 2793 2692 2877 intelligendi
2722 2813 2796 2859 ac
2825 2794 3158 2879 colligendi

698 2914 821 2977 qua
861 2895 1068 2958 omnia
1114 2894 1232 2958 rite
1278 2894 1744 2976 perspiciantur,
1795 2894 2057 2959 invicem
2104 2895 2497 2960 conferantur
2542 2898 2606 2960 et
2649 2898 2894 2961 mature
2940 2898 3153 2963 sedulo

693 2999 1015 3062 versentur
1046 3016 1117 3061 ex
1156 2996 1324 3061 omni
1369 2999 1562 3079 parte.
1601 2996 1800 3077 Atqui
1835 3014 1957 3060 non
1992 3015 2200 3060 omnes
2233 2997 2464 3062 habent
2498 2997 2658 3062 hanc
2687 2998 2882 3063 aciem
2918 2999 3157 3065 intelle-

696 3101 833 3163 ctus
882 3118 917 3162 a
965 3100 1227 3173 natura3
1262 3116 1409 3181 ergo
1439 3099 1504 3162 in
1543 3097 1934 3162 conclusione
1965 3100 2227 3180 possunt
2257 3118 2458 3163 errare
2495 3100 2950 3165 invincibiliter.

873 3201 941 3263 20
980 3199 1299 3263 Probatur
1330 3200 1724 3281 experientia,
1759 3200 1906 3280 quia
1944 3199 2293 3281 frequenter
2323 3220 2397 3266 ne
2436 3202 2876 3284 sapientissimi
2906 3203 3157 3284 quidem

694 3305 1035 3386 potuerunt
1058 3302 1351 3383 consequi
1382 3302 1744 3378 veritatem3
1783 3321 1930 3386 ergo
1962 3303 2109 3367 licet
2141 3321 2349 3369 omnes
2380 3303 2659 3368 homines
2697 3324 2734 3368 a
2770 3306 3044 3371 maximo
3077 3307 3155 3370 ad

688 3406 1016 3469 minimum
1054 3404 1345 3468 instructi
1377 3407 1580 3469 essent
1624 3405 1858 3489 ingenii
1896 3407 1959 3469 et
1990 3406 2305 3470 doctrinae
2342 3407 2681 3488 praesidiiS,
2718 3409 2895 3473 tanta
2941 3410 3154 3474 tamen

686 3506 944 3571 subinde
982 3508 1077 3570 est
1115 3506 1477 3576 obscuritas.
1518 3509 1591 3571 ut
1622 3506 1910 3572 tenebrae
1949 3527 2160 3573 omnes
2192 3508 2414 3590 depelli
2450 3511 2777 3589 nequeant.

865 3608 935 3670 3ο
965 3608 1101 3671 Hoc
1125 3609 1519 3690 potissimum
1543 3608 1785 3673 ostendi
1815 3609 2022 3691 potest
2045 3609 2290 3672 collatis
2327 3610 2714 3690 quorundam
2739 3613 2992 3694 patrum
3023 3632 3154 3678 sen·

682 3710 917 3774 tentiis.
955 3710 1173 3774 Patres
1210 3710 1459 3791 quidem
1496 3711 1802 3793 sapientes
1838 3710 2183 3791 generatim
2219 3710 2471 3776 fuerunt
2501 3715 2565 3777 et
2596 3732 2633 3776 a
2670 3714 2800 3777 Deo
2833 3717 3151 3796 praeterea

683 3811 817 3875 dati
849 3815 995 3876 sunt
1032 3811 1095 3875 in
1133 3811 1622 3877 aedificationem
1668 3811 1941 3893 corporis
1980 3809 2230 3886 Christi,
2269 3813 2437 3894 quod
2482 3816 2577 3877 est
2622 3814 2914 3879 Ecclesia.
2952 3816 3151 3899 Atqui

681 3914 748 3978 in
774 3914 1144 3996 quibusdam
1171 3914 1639 3995 quaestionibus
1665 3912 1742 3975 ad
1773 3913 1872 3976 ius
1909 3915 2169 3978 naturae
2207 3915 2658 3997 pertinentibus
2686 3917 2806 3998 ipsi
2837 3919 3150 3983 contraria

680 4015 1019 4080 identidem
1055 4017 1381 4079 senserunt
1417 4015 1481 4079 et
1517 4014 1879 4078 docuerunt.

770 4118 934 4200 Ergo
974 4117 1094 4181 nisi
1126 4116 1418 4180 iniuriam
1448 4115 1671 4179 inferre
1700 4114 1828 4179 illis
1866 4116 2148 4194 velimus,
2189 4118 2354 4199 quod
2399 4118 2630 4183 falsum
2676 4121 2886 4202 aperte
2923 4120 3150 4187 docue-

680 4219 843 4292 rint3
885 4238 1026 4281 cum
1065 4217 1298 4282 veritas
1330 4216 1658 4297 utrobique
1689 4219 1856 4282 stare
1892 4221 2178 4300 nequeat,
2218 4220 2444 4301 aliquis
2476 4239 2690 4286 eorum
2728 4221 3020 4287 dicendus
3052 4226 3149 4288 est

680 4319 1124 4384 invincibiliter
1160 4337 1410 4383 errasse.
1451 4317 1590 4383 Non
1639 4317 2110 4384 immorabimur
2154 4320 2218 4384 in
2256 4322 2575 4386 dilatanda
2621 4323 2876 4400 minore,
2924 4326 3150 4407 utpote

681 4422 836 4486 satis
867 4423 1051 4486 nota:
1093 4420 1302 4502 potius
1327 4440 1359 4483 e
1382 4439 1447 4484 re
1484 4420 1602 4484 erit
1632 4420 1846 4485 audire
1877 4421 2303 4506 Augustinum
2336 4427 2779 4506 proponentem
2814 4427 3149 4492 nonnullas

681 4523 1091 4604 quaestiones,
1134 4540 1292 4603 quae
1339 4520 1418 4586 ad
1464 4522 1920 4588 conclusionem
1967 4525 2247 4589 nostram
2292 4524 2367 4589 de
2413 4524 2766 4610 ignorantia
2803 4527 3150 4595 invincibili

678 4623 832 4688 iuris
863 4626 1124 4688 naturae
1162 4622 1397 4704 aliquid
1433 4624 1770 4689 conferant.
