3529 5158
672 358 781 414 568
1046 375 1258 416 macr.
1300 376 1379 415 1v.
1418 375 1502 416 on
1540 375 1848 417 PnccA‘rrs.
1889 373 2088 416 capm-
2127 374 2164 414 1.
2204 373 2346 415 mm.
2391 373 2479 413 ιιι.
2521 374 2657 413 aar.
2701 373 2765 413 11.
2913 367 2926 381 ·
3006 357 3151 434 [687]

675 474 918 548 nentur,
956 471 1319 536 Dicastillus
1357 492 1621 555 quoque,
1663 473 1771 553 qui
1820 471 2098 536 omnium
2146 470 2440 535 acerrime
2485 469 2887 554 impugnavit
2925 468 3154 534 doctri-

674 591 821 636 nam
853 571 1078 637 Suarez
1113 575 1176 637 et
1207 575 1406 659 Lugo,
1434 575 1713 640 concedit
1749 593 1947 638 unum
1977 591 2108 637 esse
2140 574 2481 655 peccatum.
2519 572 2618 635 Ita
2649 572 2756 635 ille
2787 570 2863 633 de
2893 569 3151 636 Docuit.

675 674 831 757 disp.
867 678 927 739 9.
963 676 1107 741 dub.
1142 677 1204 740 4.
1237 697 1297 740 n.
1336 679 1519 741 256.:
1554 704 1588 735 «
1621 678 1712 741 De
1752 677 1994 740 actibus
2033 675 2452 739 inefficacibus
2485 674 2852 749 voluntatiS‚
2887 676 2963 738 ut
3009 675 3154 739 sim-

675 776 820 859 plici
854 778 1075 844 affectu
1115 782 1178 845 et
1210 780 1675 863 complacentia,
1703 779 2028 844 dicendum
2062 778 2311 842 omnino
2350 779 2463 853 est,
2500 777 2753 841 tantum
2786 796 2985 841 unum
3018 796 3152 841 esse

677 882 1019 963 peccatum,
1055 883 1299 964 quando
1331 883 1538 966 plures
1571 900 1866 965 personae
1905 900 2010 964 per
2041 881 2296 945 modum
2330 879 2514 943 unius
2555 879 2780 943 obiecti
2814 879 3152 961 adaequati

680 982 860 1047 unico
895 986 1041 1049 actu
1071 985 1503 1069 respiciuntur.
1546 984 1705 1064 Quia
1736 1002 1881 1048 cum
1916 983 2174 1065 simplex
2205 982 2655 1065 complacentia
2688 1000 2812 1046 non
2857 981 3150 1065 respiciat

676 1083 786 1147 illa
835 1086 1167 1150 homicidia
1216 1068 1313 1151 rel
1338 1087 1524 1151 *mala
1571 1086 1847 1169 plurium
1895 1102 2298 1168 personarum
2346 1086 2647 1167 tanquam
2693 1082 2990 1162 effectum,
3039 1084 3147 1148 sed

678 1186 979 1269 tanquam
1014 1189 1345 1263 obiectum,
1380 1209 1525 1254 sane
1559 1191 1608 1253 si
1644 1190 1707 1253 in
1744 1189 1986 1253 ratione
2019 1188 2243 1252 obiecti
2275 1188 2664 1252 constituant
2702 1186 2954 1250 unicum
2989 1187 3150 1251 obie-

677 1289 848 1352 ctum
898 1290 1335 1372 adaequatum,
1371 1291 1616 1355 unicam
1654 1291 1845 1355 etiam
1891 1290 2202 1355 malitiam
2239 1290 2641 1355 constituent.
2685 1288 2863 1354 Unde
2909 1289 2974 1353 in
3021 1308 3151 1353 sen-

678 1391 878 1455 tentia
925 1391 1187 1475 Vasquii
1234 1395 1296 1457 et
1342 1394 1574 1469 nostra,
1625 1412 1783 1475 quae
1831 1393 2069 1457 nullam
2106 1393 2644 1458 circumstantiam
2694 1394 3146 1476 aggravantem

676 1492 853 1556 docet
885 1465 1015 1559 esse
1047 1496 1387 1560 necessario
1420 1494 1843 1579 explicandam
1881 1496 1944 1559 in
1975 1494 2371 1571 confessione,
2399 1493 2726 1559 dicendum
2757 1497 2874 1569 est,
2910 1494 2974 1557 in
3008 1495 3149 1559 sim-

675 1594 821 1677 plici
852 1597 1299 1679 complacentia
1338 1598 1642 1662 eiusmodi
1672 1616 1794 1662 non
1841 1617 1970 1662 esse
2017 1596 2431 1663 necessarium
2463 1596 2765 1679 explicare
2797 1600 3144 1679 respectum

675 1696 752 1760 ad
783 1698 989 1780 plures
1023 1718 1335 1782 personae,
1368 1700 1432 1764 id
1464 1700 1628 1782 quod
1663 1701 1724 1764 in
1757 1700 1873 1763 hac
1922 1700 2228 1763 sententia
2261 1699 2351 1763 sie
2381 1697 2708 1762 dicendum
2754 1716 2888 1762 esse
2933 1696 3149 1762 docuit

678 1798 827 1862 olim
858 1800 1111 1865 Luisius
1144 1802 1486 1867 Turrianus
1518 1802 1591 1865 de
1630 1801 1883 1865 Poenit.
1911 1802 2066 1884 disp.
2108 1802 2208 1865 12.
2245 1801 2388 1865 dub.
2424 1801 2517 1864 3.:
2544 1800 2653 1882 qui
2685 1800 2878 1864 etiam
2910 1799 3148 1878 docuit,

678 1921 838 1979 eum,
890 1907 997 1986 qui
1045 1906 1334 1971 habuerit
1379 1907 1770 1971 voluntatem
1820 1905 2130 1971 occidendi
2176 1904 2451 1969 infinitos
2498 1905 2798 1982 nominee,
2838 1903 3009 1987 quod
3055 1910 3150 1970 est

675 2005 1077 2088 impossibile,
1114 2028 1234 2073 non
1274 2009 1482 2073 tamen
1529 2010 1830 2092 explicare
1877 2010 2053 2074 illam
2084 2007 2647 2084 circumstantiam3
2685 2008 2834 2089 quia
2865 2006 2977 2072 illa
3026 2029 3146 2074 non

677 2108 772 2171 est
813 2109 1105 2174 voluntas
1144 2111 1359 2176 efficax
1391 2131 1639 2177 sumens
1676 2112 1755 2176 ab
1790 2110 2006 2191 effectu
2036 2112 2369 2189 malitiam,
2403 2110 2508 2176 sed
2546 2111 2805 2194 simplex
2836 2114 2902 2175 et
2931 2112 2998 2176 in
3032 2113 3148 2177 hoc

679 2212 825 2274 actu
878 2230 949 2275 ac
995 2213 1302 2278 similibus
1351 2215 1531 2280 unica
1580 2217 1830 2279 tantum
1885 2216 1981 2279 est
2028 2215 2270 2280 malitia
2321 2214 2715 2299 gravissima,
2766 2216 3018 2297 sumpta
3067 2216 3143 2279 ab

676 2312 915 2379 obiecto
947 2334 1057 2398 per
1091 2316 1347 2381 modum
1379 2317 1565 2381 unius
1611 2317 1812 2393 voliti,
1847 2336 1968 2382 non
2009 2318 2086 2381 ab
2118 2318 2340 2381 effectu
2377 2316 2747 2399 impossibili
2782 2340 2842 2379 ».

765 2412 938 2486 837.
968 2418 1188 2500 Itaque
1221 2420 1273 2483 si
1304 2419 1652 2485 doctrinam
1677 2421 1958 2503 superius
1982 2440 2041 2483 n.
2072 2422 2220 2483 251.
2250 2422 2400 2483 252.
2423 2440 2494 2484 ex
2519 2419 2884 2483 Tamburini
2908 2439 3142 2503 expres-

674 2537 809 2583 sam
841 2519 914 2585 de
944 2539 1035 2599 e0,
1071 2524 1181 2603 qui
1211 2524 1392 2587 unico
1444 2522 1781 2587 volunta-tis
1825 2527 1969 2587 actu
2005 2522 2383 2604 concupiscit
2424 2521 2710 2603 copulam
2752 2540 2895 2586 cum
2941 2522 3146 2588 tribus

670 2619 925 2698 feminis
970 2623 1239 2688 eiusdem
1288 2626 1577 2699 rationi&
1612 2626 2037 2711 intelligamus
2071 2626 2143 2690 de
2190 2628 2336 2690 actu
2369 2625 2687 2702 inefficaci,
2728 2644 2800 2690 ea
2839 2625 3145 2708 probatur

675 2725 867 2788 etiam
894 2725 972 2787 ab
996 2745 1085 2801 eo,
1115 2728 1221 2807 qui
1255 2747 1399 2808 prae
1434 2729 1717 2791 omnibus
1751 2729 1930 2792 stetit
1962 2748 2070 2810 pro
2101 2729 2401 2811 principio
2433 2728 2708 2812 generali
2737 2747 2787 2791 e.
2814 2728 3141 2810 Alphonsi.

672 2825 755 2888 Et
802 2826 888 2888 sic
934 2846 1147 2891 revera
1196 2847 1331 2892 eam
1379 2829 1724 2893 doctrinam
1772 2831 2041 2915 intelligi
2088 2850 2124 2895 a
2174 2832 2305 2894 DD.
2355 2830 2710 2915 colligimus
2757 2850 2829 2894 ex
2890 2829 3141 2915 Megala

674 2927 839 3010 apud
877 2928 1080 2993 Diana
1117 2933 1271 2994 tom.
1315 2931 1371 2995 1.
1406 2932 1589 2995 tract.
1629 2932 1685 2995 7.
1727 2952 1843 2997 res.
1881 2934 1984 2996 23.
2021 2953 2079 2996 n.
2121 2933 2204 3008 3.,
2247 2933 2356 3015 qui
2386 2933 2645 3015 loquens
2684 2931 2757 2996 de
2805 2932 2994 2997 unico
3043 2952 3142 2998 vo-

672 3031 938 3097 luntatis
971 3035 1135 3111 actu,
1175 3053 1298 3116 quo
1337 3035 1476 3117 quis
1522 3034 1831 3100 desiderat
1877 3036 1973 3100 vel
2020 3035 2365 3101 delectatur
2410 3053 2656 3100 morose
2691 3035 2764 3099 de
2811 3034 3017 3100 tribus
3061 3036 3141 3101 fe-

674 3134 856 3199 minis
888 3136 1161 3222 eiusdem
1193 3139 1474 3221 rationiS,
1515 3140 1642 3204 sive
1674 3140 1801 3203 tres
1832 3140 2060 3204 liberae
2099 3158 2204 3203 eae
2236 3139 2380 3215 sint,
2425 3138 2553 3202 sive
2587 3139 2712 3202 tres
2743 3138 3135 3223 coniugataa

673 3237 802 3301 sive
850 3241 974 3304 tres
1021 3240 1341 3317 monialeS,
1377 3243 1624 3318 statuit,
1660 3269 1693 3300 «
1727 3261 1847 3306 non
1897 3261 2027 3306 esse
2075 3242 2484 3306 necessarium
2531 3241 2749 3318 dicere,
2782 3241 3138 3307 delectatio-

673 3359 814 3403 nem
854 3341 1041 3406 fuisse
1090 3362 1273 3426 super
1321 3345 1443 3408 tres
1491 3345 1792 3408 moniales
1839 3346 1936 3408 vel
1984 3347 2109 3408 tres
2143 3345 2382 3409 solutas
2421 3344 2519 3407 vel
2566 3346 2693 3408 tres
2730 3345 3133 3429 coniugatas;

671 3441 819 3521 quia
868 3463 939 3506 ex
984 3446 1289 3508 sententia
1329 3446 1617 3528 supradd.
1653 3447 1994 3510 Doctorum
2029 3447 2267 3511 obiecta
2309 3448 2558 3510 tantum
2589 3446 2834 3510 diversa
2880 3466 3135 3512 numero

669 3561 792 3607 non
826 3545 1246 3628 multiplicant
1279 3551 1548 3630 peccata,
1584 3549 1689 3613 sed
1722 3551 2073 3634 aggravant
2102 3576 2164 3613 ».
2665 3599 2670 3602 -

761 3644 919 3725 Quia
965 3646 1126 3712 idem
1176 3650 1538 3715 Dicastillus
1570 3651 1610 3714 l.
1646 3671 1696 3716 c.
1731 3672 1792 3715 n.
1828 3654 1977 3716 257.
2012 3652 2289 3716 concedit
2318 3653 2444 3718 imo
2493 3655 2556 3717 et
2602 3652 2940 3729 contendit,
2974 3651 3136 3717 idem

668 3767 800 3812 esse
833 3750 1038 3831 quoad
1071 3755 1247 3816 actus
1279 3752 1620 3831 interioreS,
1656 3757 1962 3836 quantum
1995 3755 2073 3820 ad
2104 3775 2298 3839 genus
2331 3756 2629 3833 malitiae,
2664 3774 2824 3837 quae
2855 3774 3139 3820 consum·

667 3853 879 3915 matur
926 3852 1203 3931 interius
1240 3856 1487 3920 etiamsi
1533 3859 1761 3941 agatur
1793 3857 1866 3920 de
1903 3857 2144 3922 actibus
2192 3858 2561 3922 efficacibus.
2597 3856 2697 3922 Sic
2734 3857 2937 3921 iliez«
2971 3858 3135 3923 Illud

667 3953 859 4017 etiam
893 3959 985 4019 est
1018 3958 1381 4035 notandum,
1405 3959 1466 4022 in
1493 3960 1778 4042 peccatiS,
1798 3978 2063 4041 quorum
2089 3960 2333 4024 malitia
2356 3959 2639 4044 specifica
2663 3964 3137 4025 consummatur

666 4055 947 4134 interius
982 4061 1193 4142 qualia
1242 4064 1387 4125 sunt
1425 4065 1675 4144 peccata
1715 4062 1861 4139 odii,
1902 4063 2185 4146 specialis
2231 4063 2504 4127 scandali
2543 4067 2606 4127 ot
2652 4063 2904 4139 similia,
2941 4063 3134 4146 philo-

667 4159 1056 4241 sophandum
1088 4181 1235 4239 esse,
1271 4167 1575 4245 quantum
1609 4166 1703 4229 est
1735 4185 1807 4230 ex
1839 4167 2015 4248 parte
2046 4166 2297 4231 illorum
2331 4168 2744 4250 peccatorum,
2781 4166 2963 4231 sicuti
3001 4164 3131 4248 phi·

666 4262 1069 4344 Iosophamur
1098 4265 1161 4328 in
1194 4266 1457 4350 simplici
1489 4268 1955 4351 complacentia,
1991 4269 2237 4332 etiamsi
2267 4270 2400 4332 sint
2425 4272 2602 4332 actus
2637 4269 2941 4350 efficaces,
2973 4265 3133 4346 Quo·

668 4363 1049 4449 tiescumque
1096 4368 1258 4432 enim
1305 4352 1483 4452 plura
1533 4371 1772 4435 obiecta
1820 4371 2251 4454 concipiuntur
2297 4391 2407 4454 pro
2454 4371 2687 4436 talibus
2735 4370 2982 4435 actibus
3029 4390 3134 4452 per

665 4465 921 4530 modum
972 4470 1154 4534 unius
1202 4470 1531 4554 adaequati
1582 4473 1823 4549 obiecti,
1874 4475 1967 4537 est
2030 4474 2281 4538 unicum
2327 4475 2647 4556 peccatum
2694 4476 3008 4556 quantum
3056 4471 3129 4536 ad

664 4569 823 4633 illud
861 4589 1056 4654 genus
1088 4571 1385 4650 malitiae,
1419 4592 1578 4654 quae
1609 4579 2079 4640 consummatur
2115 4576 2396 4641 interius.
2430 4576 2850 4642 Nihilominus
2882 4574 3128 4659 quando
