3529 5158
352 370 497 446 [420]
1023 383 1174 431 Qun>
1212 383 1417 426 Possm
1453 384 1614 424 mm
1652 385 1717 425 m
1756 386 1909 428 1111111
1946 386 2161 428 mvmo
2708 372 2816 428 407

353 499 680 565 supremus
712 479 1017 546 Dominus
1049 482 1256 563 potest
1286 479 1496 545 cedere
1526 480 1671 545 huic
1702 481 1825 545 iuri
1856 482 1975 547 sibi
2014 483 2354 565 acquisit03
2387 485 2479 549 ita
2511 484 2814 565 Pontifex,

351 603 474 649 non
521 585 597 648 ut
642 583 949 660 dominuS‚
984 582 1089 646 sed
1135 584 1209 647 ut
1255 582 1661 665 dispensator,
1695 585 1904 667 potest
1934 584 2091 649 illud
2137 586 2451 651 remittere
2482 588 2546 651 et
2576 587 2693 652 hoc
2723 589 2819 653 est

350 688 413 751 in
462 685 839 770 professione
875 684 1246 768 dispensare,
1279 687 1467 768 prout
1495 684 1874 768 dispensatio
1908 687 2042 751 heic
2088 688 2390 771 accipitur
2420 708 2542 755 non
2574 689 2818 775 proprie

349 808 462 873 pro
494 789 873 854 relaxatione
904 787 1081 872 legia,
1121 788 1226 853 sed
1257 790 1445 871 prout
1475 787 1626 853 dicit
1657 790 2083 856 remissionem
2120 791 2332 857 debiti.

439 886 602 962 419.
637 889 856 971 Quoad
887 891 948 954 5.
982 909 1053 956 ex
1084 890 1457 973 supradictis
1488 890 1651 975 (sup.
1686 911 1745 956 n.
1783 892 1964 976 282.)
1997 893 2127 957 scil.
2167 894 2545 960 solutionem
2590 895 2654 960 in
2690 914 2818 959 ma-

350 993 650 1059 trimonio
684 994 844 1070 1310,
878 992 1092 1058 eodem
1127 993 1313 1059 modo
1351 994 1694 1077 explicatur
1733 994 2135 1078 obligationis
2174 996 2360 1061 huius
2398 998 2720 1075 relaxatio,
2747 1016 2821 1062 ac

350 1097 640 1181 superius
687 1116 789 1160 nn.
826 1096 1154 1160 asa-300.
1196 1096 1431 1161 dictum
1466 1098 1562 1161 est
1597 1097 1671 1162 de
1702 1098 1982 1180 qualibet
2029 1099 2410 1184 obligatione
2441 1121 2513 1166 ex
2541 1102 2817 1166 humano

348 1218 654 1267 consensu
700 1217 809 1263 seu
840 1198 1165 1263 contractu
1204 1199 1362 1263 orta.

442 1301 657 1383 Neque
704 1300 868 1365 enim
898 1300 994 1364 lex
1040 1300 1346 1365 naturalis
1385 1300 1478 1365 ita
1516 1300 1802 1366 absolute
1846 1302 2166 1386 praecipit,
2218 1305 2290 1366 ut
2335 1304 2653 1368 vinculum
2684 1322 2819 1367 ma-

347 1402 634 1468 trimonii
677 1402 801 1466 rati
847 1401 931 1466 sit
975 1401 1323 1480 insolubile,
1373 1402 1555 1484 quasi
1598 1402 1928 1468 intrinsece
1973 1404 2212 1468 malum
2267 1404 2370 1482 sit,
2428 1405 2820 1470 contractum

347 1504 657 1572 eiusmodi
687 1503 962 1569 dissolvi.
995 1504 1086 1567 Ex
1117 1504 1434 1588 principiis
1465 1504 1628 1569 enim
1675 1506 2068 1570 naturalibus
2101 1506 2217 1572 hoc
2247 1508 2452 1572 solum
2483 1507 2681 1572 evinci
2718 1526 2822 1590 po-

349 1609 499 1687 test,
548 1626 670 1673 non
717 1626 895 1690 posse
927 1606 1083 1671 illud
1119 1606 1374 1672 dissolvi
1421 1607 1668 1690 privata
1715 1608 2094 1673 auctoritate
2125 1611 2189 1673 et
2220 1610 2545 1674 voluntate
2582 1611 2825 1674 contra-

349 1710 668 1786 hentium;
702 1708 849 1791 quia
895 1708 1043 1773 talis
1089 1708 1418 1773 dissolutio
1451 1728 1574 1773 non
1606 1708 1680 1773 fit
1715 1710 1847 1773 sine
1879 1710 2090 1792 aliquo
2121 1710 2496 1793 praeiudicio
2544 1729 2822 1777 commu-

349 1812 577 1877 nitatis
623 1830 731 1876 seu
777 1813 1040 1876 naturae
1085 1810 1556 1890 conservandae,
1605 1811 1704 1875 cui
1750 1832 1859 1895 per
1904 1811 2031 1876 tale
2076 1813 2395 1878 vinculum
2441 1813 2564 1878 fuit
2609 1814 2821 1894 aliquo

348 1915 541 1981 modo
581 1915 679 1980 ius
726 1914 1123 1997 acquisitum.
1159 1912 1336 1979 Sicut
1366 1917 1578 1978 autem
1616 1916 1844 1979 natura
1876 1914 2010 1998 ipsa
2056 1917 2263 1998 potest
2308 1916 2432 1981 iuri
2461 1936 2574 1983 suo
2613 1917 2823 1982 cedere

349 2019 432 2084 ob
481 2018 716 2083 bonum
759 2017 983 2095 maius,
1018 2016 1182 2099 quod
1220 2017 1286 2080 in
1317 2036 1502 2082 suum
1549 2036 1795 2099 quoque
1842 2018 2237 2083 commodum
2273 2019 2599 2093 redundat,
2633 2018 2821 2083 admi-

348 2119 646 2186 nistratio
693 2121 905 2184 autem
950 2119 1255 2183 bonorum
1303 2138 1374 2183 ac
1416 2118 1650 2183 iurium
1696 2120 2165 2185 communitatis
2212 2120 2290 2184 ad
2337 2139 2480 2185 eum
2531 2121 2819 2203 pertinet,

348 2224 464 2308 qui
509 2241 725 2287 curam
770 2221 1240 2287 communitatis
1276 2222 1473 2306 gerit3
1523 2222 1776 2304 proinde
1806 2222 1959 2287 haec
1988 2224 2142 2288 iuris
2172 2222 2451 2288 remissio
2499 2223 2578 2287 ad
2624 2223 2822 2306 publi-

349 2345 493 2391 cam
549 2324 992 2389 auctoritatem
1045 2326 1303 2407 spectat.
1352 2324 1437 2388 Et
1489 2344 1631 2388 cum
1686 2324 2155 2389 matrimonium
2204 2325 2289 2389 sit
2341 2326 2818 2402 sacramentum,

349 2431 507 2495 baec
538 2428 815 2511 potestas
845 2446 959 2492 suo
990 2427 1125 2491 iure
1157 2426 1235 2491 ad
1266 2426 1762 2491 Ecclesiasticam
1801 2428 2198 2509 potestatem,
2232 2427 2361 2491 scil.
2397 2427 2579 2491 Rom.
2612 2426 2822 2491 Ponti-

350 2533 533 2598 ficem
559 2530 844 2615 pertinet,
872 2529 1067 2613 quiin
1092 2549 1240 2596 casu
1277 2529 1427 2595 dum
1458 2529 1795 2614 dispensat,
1821 2549 1944 2595 non
1968 2529 2121 2595 iuris
2159 2528 2353 2595 divini
2378 2528 2824 2614 obligationem

350 2638 548 2713 laxat,
598 2634 703 2699 sed
749 2635 847 2698 uti
893 2632 1186 2717 Superior
1233 2635 1309 2699 ob
1363 2634 1567 2698 maius
1613 2633 1847 2699 bonum
1893 2633 2184 2712 decernit,
2234 2652 2356 2698 non
2404 2632 2701 2717 expedire,
2750 2634 2826 2696 ut

351 2737 676 2803 vinculum
722 2755 829 2819 per
875 2736 1267 2800 contractum
1297 2734 1621 2801 inductum
1668 2737 2033 2819 perseveret.
2069 2733 2247 2800 Suar.
2282 2733 2355 2798 de
2378 2733 2597 2817 Leqib.
2623 2733 2732 2798 lib.
2761 2735 2821 2798 2.

350 2861 488 2926 cap.
531 2841 633 2903 14.
674 2859 734 2903 11.
773 2841 877 2903 20.

443 2938 633 3013 420.
661 2942 940 3022 Denique
965 2940 1168 3022 quoad
1194 2943 1253 3005 6.
1282 2941 1412 3006 scil.
1444 2940 1892 3026 obligationem
1923 2941 2311 3014 residentiae,
2338 2960 2496 3022 quae
2522 2941 2823 3024 obligatio

352 3046 511 3111 iuris
559 3042 866 3108 naturalis
912 3043 1033 3107 dici
1079 3044 1304 3126 potest,
1354 3043 1806 3108 concedendum
1856 3044 1991 3107 DD.
2041 3045 2270 3125 putant
2315 3041 2522 3123 (Suar.
2557 3040 2632 3104 de
2670 3042 2821 3122 Ley.

351 3147 464 3212 lib.
501 3148 562 3210 2.
596 3164 729 3229 cap.
760 3146 863 3208 14.
891 3165 950 3208 11.
987 3146 1123 3228 22.)
1154 3145 1496 3227 dispensari
1527 3162 1724 3227 posse,
1761 3145 1866 3208 sed
1898 3143 2271 3228 negandum,
2305 3141 2827 3225 dispensationem

355 3250 490 3315 fieri
521 3249 586 3313 in
616 3249 749 3312 iure
795 3249 1072 3313 naturali
1104 3248 1530 3331 praeceptiv03
1565 3268 1708 3311 cum
1740 3247 1944 3329 reipsa
1981 3245 2360 3328 dispensatio
2408 3244 2734 3327 contingat
2763 3243 2825 3307 in

357 3352 643 3427 materia,
675 3354 984 3434 quatenus
1030 3352 1181 3416 haec
1226 3350 1490 3416 materia
1537 3350 1760 3433 pendet
1792 3369 1867 3413 ex
1897 3366 2198 3413 consensu
2246 3367 2318 3411 ac
2364 3346 2692 3411 voluntate
2718 3346 2830 3410 hu-

357 3472 568 3530 mana,
614 3456 797 3536 pacto
844 3454 1080 3518 scilicet
1124 3453 1289 3516 inter
1324 3450 1700 3536 Episcopum
1749 3452 1815 3515 et
1863 3449 2228 3514 Ecclesiam:
2263 3449 2550 3531 quocirca
2597 3467 2668 3512 ex
2715 3447 2830 3511 hac

355 3558 535 3642 parte
582 3558 835 3640 pactum
880 3556 1182 3623 mutabile
1229 3556 1324 3620 est
1370 3556 1596 3620 saltem
1645 3574 1751 3638 per
1801 3553 2115 3638 publicam
2162 3554 2558 3636 potestatem.

445 3659 531 3723 Et
576 3658 665 3722 sic
700 3658 1002 3723 declarari
1044 3677 1140 3722 res
1189 3660 1413 3741 potest.
1449 3657 1616 3722 Inud
1664 3657 1831 3721 enim
1868 3659 2123 3740 pactum
2169 3657 2330 3721 inter
2360 3655 2736 3738 Episcopum
2767 3653 2833 3718 et

354 3783 540 3828 suam
586 3762 945 3838 Ecclesiam,
993 3782 1065 3827 ex
1110 3762 1200 3827 rei
1245 3763 1492 3839 natura,
1540 3761 1987 3826 subordinatur
2033 3780 2320 3844 supremo
2368 3760 2636 3835 Pastori,
2678 3758 2829 3822 adeo

355 3869 432 3931 ut
475 3868 542 3931 in
591 3866 702 3929 illo
733 3866 916 3948 pacto
953 3865 1311 3929 includatur
1347 3864 1619 3929 conditio
1669 3864 1957 3929 offerendi
1991 3882 2054 3927 se
2087 3862 2166 3926 ad
2202 3862 2621 3926 ministerium
2658 3859 2831 3923 illius

353 3968 672 4034 Ecclesiae
702 3987 843 4030 cum
876 3967 1388 4032 subordinatione
1419 3966 1508 4030 ad
1534 3986 1891 4045 supremum
1914 3965 2271 4040 Pastorem,
2306 3963 2413 4044 qui
2444 3962 2634 4026 habet
2661 3962 2726 4024 in
2758 3980 2833 4024 ea

355 4070 637 4135 Ecclesia
661 4070 1154 4134 excellentiorem
1176 4071 1553 4152 potestatem
1577 4070 1640 4133 et
1662 4067 2090 4132 immediatam
2115 4065 2308 4129 etiam
2325 4082 2556 4128 curam.
2571 4062 2831 4142 Quando

355 4175 576 4238 autem
608 4172 896 4236 Pontifex
928 4171 1242 4255 dispensat
1265 4172 1327 4236 in
1351 4171 1703 4248 residentia,
1731 4170 1859 4253 ipse
1893 4168 2122 4233 statuit
2144 4186 2411 4250 quoque,
2435 4186 2560 4249 qua
2591 4166 2834 4231 ratione

353 4294 472 4359 pro
504 4275 624 4340 tali
658 4276 936 4357 tempore
967 4274 1415 4357 providendum
1438 4276 1522 4339 sit
1546 4272 1891 4338 ministerio
1924 4271 2198 4336 eiusdem
2220 4271 2527 4335 Ecclesiae
2558 4272 2622 4334 et
2652 4269 2832 4351 quasi

354 4398 519 4444 onus
557 4377 736 4442 illius
765 4377 830 4441 in
868 4396 931 4441 se
963 4376 1250 4459 suscipit3
1291 4377 1503 4441 exinde
1541 4378 1615 4440 fit
1660 4376 2120 4457 consequenter,
2155 4376 2230 4438 ut
2266 4373 2551 4456 proprius
2588 4374 2835 4456 Episco-

355 4500 480 4564 pus
529 4479 844 4563 personali
890 4478 1270 4562 obligatione
1315 4479 1631 4552 liberetur,
1681 4498 1806 4543 non
1852 4497 1959 4560 per
1990 4476 2510 4559 dispensationem
2555 4477 2619 4540 in
2665 4496 2837 4560 prae·

355 4585 545 4667 cepto
595 4581 892 4659 naturali,
940 4580 1046 4646 sed
1094 4580 1241 4661 quia
1289 4581 1410 4645 ista
1457 4581 1697 4644 ratione
1744 4581 1946 4662 reipsa
1994 4579 2213 4662 implet
2258 4581 2511 4662 pactum
2548 4599 2689 4643 cum
2721 4599 2836 4643 sua
