3529 5158
682 353 758 406 88
1186 363 1401 405 ΤΒΑοτ.
1442 366 1481 405 1.
1521 364 1607 403 nn
1644 362 1902 405 Ac‘rrnus
1940 363 2235 405 nunnus.
2274 363 2470 405 capu-r
2506 362 2640 405 vm.
3041 347 3154 422 [91]

681 462 863 537 bona,
903 461 1257 541 requiritur,
1293 460 1457 541 quod
1496 460 1579 524 sit
1610 461 1772 524 bona
1805 461 1920 523 sub
1966 460 2207 524 ratione
2239 460 2403 535 boni,
2443 460 2602 524 idest
2633 459 2799 541 quod
2845 459 2997 523 velit
3043 459 3151 523 bo·

682 582 830 626 num
880 565 1126 644 propter
1171 562 1405 626 bonum
1436 588 1498 626 ».
1540 560 1639 626 Sic
1686 562 1842 625 nihil
1878 564 2149 625 meretur
2187 581 2258 626 ex
2306 561 2680 626 abstinentia
2719 561 2843 637 ille,
2883 560 2993 642 qui
3037 578 3149 624 nec

684 664 936 728 virtutis
960 664 1191 728 bonum
1214 683 1323 728 nec
1356 665 1751 747 praeceptum
1775 663 2080 727 Ecclesiae
2111 664 2372 747 cogitat,
2399 663 2504 728 sed
2541 663 2745 727 solum
2769 663 2908 725 vult
2933 680 3148 726 acuere

681 765 1027 847 appetitum
1068 765 1147 828 ad
1192 766 1414 830 melius
1462 764 1902 848 prandendum.
1945 765 2046 828 Ita
2091 766 2200 847 qui
2235 767 2518 829 moratur
2548 764 2612 828 in
2645 764 2900 828 ecclesia
2944 763 3144 837 unice,

681 869 754 931 ut
800 867 1016 931 audiat
1064 868 1384 946 musicam,
1424 870 1498 931 ut
1544 867 1819 949 picturas
1865 867 2174 949 inspiciat,
2216 887 2338 933 non
2378 885 2553 932 secus
2602 885 2672 930 ac
2718 867 2984 930 Iudaeus
3034 867 3148 930 aut

681 970 1082 1033 acatholicus.

768 1070 930 1133 Hinc
975 1070 1332 1135 confessarii
1367 1071 1674 1135 inculcent
1705 1072 2137 1135 necessitatem
2197 1070 2500 1153 vigilandi
2545 1073 2609 1134 et
2653 1088 2729 1133 ne
2775 1069 2937 1132 bona
2983 1068 3143 1133 fiant

680 1171 1112 1252 perfunctorie.

770 1273 1013 1337 Dicitur
1044 1273 1461 1354 undecumque
1508 1275 1596 1337 sit
1637 1274 1904 1346 bonitas,
1954 1275 2189 1338 scilicet
2226 1275 2355 1338 sive
2394 1293 2468 1338 ex
2499 1274 2737 1337 obiecto
2769 1273 2899 1336 sive
2931 1291 3003 1336 ex
3034 1273 3149 1336 cir—

680 1374 1092 1438 cumstantiis.

791 1527 843 1576 B.
870 1526 943 1576 Ad
979 1524 1209 1578 malitiam
1249 1525 1443 1589 sufficit,
1468 1533 1521 1579 ut
1558 1524 1797 1578 indirecte
1837 1526 1901 1577 sit
1944 1522 2235 1578 voluntaria.

770 1641 869 1714 91.
906 1645 1112 1709 Huius
1137 1646 1298 1711 ratio
1324 1651 1436 1723 est,
1471 1648 1618 1729 quia
1651 1646 1856 1728 quoad
1888 1647 2124 1709 malum
2158 1648 2441 1710 tenemur
2472 1664 2594 1710 non
2624 1643 2807 1709 modo
2840 1643 2996 1707 illud
3021 1662 3144 1708 non

679 1746 855 1820 velle,
891 1746 994 1810 sed
1024 1747 1229 1829 ipsum
1262 1748 1554 1830 impedire
1588 1752 1649 1812 et
1684 1748 1900 1812 vitare.
1936 1748 2106 1812 Haec
2136 1747 2416 1812 habenda
2450 1766 2594 1829 prae
2626 1745 2842 1822 oculis,
2877 1748 2949 1809 ut
2981 1745 3144 1809 iudi-

678 1852 851 1911 cetur
881 1849 953 1911 de
985 1851 1252 1930 peccatis
1288 1851 1655 1914 omissionis.
1692 1851 1792 1914 Ita
1825 1851 2057 1914 frustra
2104 1851 2267 1916 (licet
2300 1850 2709 1917 confessarius
2759 1870 2822 1914 se
2854 1850 3019 1915 nolle
3058 1869 3147 1913 er-

680 1968 865 2021 rores,
902 1951 955 2012 si
986 1970 1107 2013 non
1138 1951 1242 2014 det
1276 1970 1522 2033 operam
1548 1952 1776 2016 studio.

786 2102 842 2157 C.
867 2104 1021 2157 Actus
1058 2103 1321 2159 bonitatem
1359 2112 1442 2159 aut
1479 2104 1708 2159 malitiam
1750 2108 1896 2159 habet
1933 2108 1993 2159 ab
2033 2105 2226 2159 obiecto
2268 2105 2536 2161 formaliter
2573 2111 2808 2171 spectato.

769 2228 893 2301 92.
928 2232 1028 2295 Ita
1059 2252 1106 2295 s,
1143 2232 1414 2298 Thomas
1445 2231 1519 2295 de
1567 2231 1750 2294 Malo
1784 2252 1842 2312 q.
1879 2234 1939 2295 9.
1975 2252 2029 2295 a.
2068 2233 2126 2294 2.
2165 2231 2242 2295 ad
2289 2233 2388 2295 10.
2430 2256 2463 2289 «
2502 2231 2850 2295 Dicendum
2881 2230 3047 2312 quod
3078 2231 3142 2295 in

676 2335 1017 2398 moralibus
1065 2335 1375 2400 obiectum
1407 2334 1737 2399 constituit
1771 2335 2033 2416 speciem
2069 2353 2190 2398 non
2225 2334 2560 2398 secundum
2597 2333 2660 2396 id
2692 2333 2856 2414 quod
2889 2336 2983 2397 est
3017 2352 3144 2398 ma-

679 2437 893 2501 teriale
925 2438 985 2500 in
1019 2438 1174 2519 ipso,
1210 2437 1314 2501 sed
1362 2437 1697 2501 secundum
1733 2437 2058 2500 formalem
2091 2436 2395 2501 rationem
2430 2436 2653 2499 obiecti
2699 2434 3006 2519 (intellige
3039 2454 3144 2499 au·

677 2540 823 2614 tem,
860 2558 930 2603 ex
962 2542 1272 2616 contextU‚
1309 2539 1570 2621 speciem
1602 2539 2039 2622 theologicam,
2083 2538 2187 2604 sed
2220 2537 2386 2603 valet
2420 2537 2611 2602 etiam
2643 2556 2752 2619 pro
2786 2536 2983 2621 specie
3015 2556 3143 2602 mo-

678 2640 823 2722 rali)
856 2667 915 2702 ».
951 2639 1195 2705 Scilicet
1244 2641 1489 2704 bonitas
1536 2641 1635 2704 vel
1665 2641 1910 2704 malitia
1946 2641 2289 2705 voluntatis
2322 2658 2443 2704 non
2474 2638 2772 2721 dependet
2798 2638 2874 2702 ab
2900 2638 3140 2703 obiecto

678 2743 1011 2805 secundum
1044 2744 1142 2806 sui
1173 2747 1482 2820 naturam,
1518 2743 1622 2808 sed
1655 2745 1991 2807 secundum
2025 2744 2188 2824 quod
2229 2763 2264 2806 a
2295 2745 2535 2808 ratione
2569 2742 3046 2825 apprehenditur
3067 2745 3142 2806 ut

677 2844 909 2906 bonum
940 2845 1037 2907 vel
1068 2845 1305 2907 malum
1335 2845 1573 2928 (139.):
1613 2844 1749 2908 vide
1782 2865 1828 2908 s,
1864 2846 2168 2908 Thomam
2204 2846 2261 2908 1.
2298 2847 2356 2908 2.
2393 2865 2449 2926 q.
2491 2847 2591 2908 19.
2629 2863 2685 2908 a.
2722 2845 2781 2907 5.

768 2944 833 3008 Si
869 2946 961 3009 ita
993 2948 1105 3022 est,
1148 2949 1358 3028 peccat
1390 2965 1535 3031 ergo
1567 2947 1691 3021 ille,
1728 2947 1833 3027 qui
1870 2947 2003 3030 agit
2035 2965 2279 3010 erronee
2311 2948 2537 3028 putans
2576 2945 2663 3009 ibi
2696 2946 2906 3010 adesse
2938 2964 3143 3028 pecca-

677 3050 833 3122 tum,
869 3047 976 3110 ubi
1007 3067 1217 3130 reapse
1250 3050 1570 3131 peccatum
1594 3067 1715 3112 non
1743 3049 1838 3112 est
1870 3050 1933 3110 et
1955 3047 2246 3111 vicissim.
2275 3045 2374 3111 Sic
2398 3050 2608 3130 peccat
2634 3048 2741 3130 qui
2773 3046 2929 3111 falso
2955 3049 3142 3130 putat

676 3151 789 3213 hac
821 3150 917 3213 die
949 3150 1229 3214 interdici
1269 3170 1478 3215 carnes
1511 3153 1574 3214 et
1606 3153 1816 3214 tamen
1855 3169 2064 3213 carnes
2097 3148 2241 3213 edit.
2277 3146 2376 3212 Sic
2409 3169 2440 3212 e
2473 3149 2781 3213 contrario
2816 3151 2980 3213 recte
3007 3150 3141 3234 agit

676 3253 784 3332 qui
815 3251 922 3315 dat
954 3253 1405 3337 eleemosynam
1437 3253 1705 3335 roganti,
1735 3271 1918 3333 quem
1945 3270 2275 3334 pauperem
2300 3252 2502 3332 putat,
2532 3250 2649 3314 etsi
2672 3268 2883 3333 reapse
2908 3269 3142 3334 pauper

677 3354 730 3415 is
768 3373 888 3417 non
923 3355 1024 3417 sit.

787 3509 844 3557 D.
872 3509 1022 3558 Actus
1047 3522 1106 3559 ex
1136 3506 1328 3560 obiecto
1359 3511 1513 3559 bonus
1535 3509 1593 3559 ad
1624 3511 1801 3560 bouum
1832 3511 1973 3560 linem
2000 3508 2283 3575 imperatus,
2306 3515 2494 3573 praeter
2518 3504 2828 3560 essentialem
2850 3506 3130 3574 specificam

676 3588 855 3641 obiecti
894 3589 1175 3653 bonitatem,
1216 3593 1362 3643 habet
1401 3591 1747 3644 accidentalem
1790 3607 1813 3643 a
1855 3596 1966 3644 ssne.
2127 3583 2134 3588 ’

768 3710 887 3782 93.
929 3713 1118 3777 Ratio
1167 3717 1280 3789 est,
1314 3716 1462 3796 quia
1494 3718 1757 3797 utraque
1788 3717 2036 3780 bonitas
2069 3717 2410 3781 intenditur
2448 3736 2483 3780 a
2515 3718 2842 3783 voluntate
2873 3737 2983 3783 nec
3015 3721 3140 3785 alia

678 3815 866 3878 aliam
911 3816 1190 3898 impedit.
1240 3817 1417 3896 Quod
1464 3838 1606 3883 vero
1666 3820 1913 3884 bonitas
1974 3821 2197 3885 obiecti
2252 3841 2375 3885 non
2431 3821 2729 3904 impediat
2791 3821 3139 3890 bonitatem

677 3917 814 3982 finis
863 3922 926 3984 et
957 3920 1227 3984 vicissim
1259 3922 1659 3986 manifestum
1693 3925 1807 3986 est.
1842 3923 2007 4006 Ergo
2041 3924 2148 4004 qui
2178 3923 2288 3987 dat
2326 3923 2796 4006 eleemosynam,
2836 3927 2911 3988 ut
2951 3925 3142 4008 impe-

677 4019 807 4084 diat
833 4025 1171 4102 peceatum,
1207 4024 1535 4088 caritatem
1561 4027 1797 4088 exercet
1829 4027 1969 4088 tum
2000 4025 2380 4106 corporalem
2412 4026 2549 4088 tum
2582 4024 2993 4106 spiritualem.
3019 4027 3140 4106 Qui

677 4120 912 4184 ieiunat
945 4143 1015 4185 ex
1048 4129 1214 4199 vot0‚
1250 4126 1437 4189 habet
1470 4126 1770 4189 virtutem
1804 4127 2218 4190 abstinentiae
2250 4129 2312 4190 et
2345 4126 2680 4209 religionis.

781 4262 834 4311 E.
865 4263 1041 4314 Eadem
1068 4265 1128 4316 de
1154 4280 1301 4318 causa
1328 4265 1453 4318 actio
1480 4281 1539 4318 ex
1574 4266 1768 4320 obiecto
1797 4269 1918 4321 mala
1947 4266 1994 4319 in
2026 4269 2202 4320 nuatum
2231 4269 2372 4320 tinem
2398 4266 2576 4321 directa
2606 4266 2853 4334 duplicem
2897 4270 3134 4325 malitiam

678 4344 935 4396 contrahit.

768 4449 951 4512 Ratio
986 4454 1158 4530 patet
1190 4471 1260 4514 ex
1294 4452 1697 4534 praecedenti.
1734 4453 1834 4518 Ita
1869 4452 2130 4536 duplicis
2164 4455 2399 4537 peccati
2430 4474 2570 4520 reus
2603 4458 2716 4533 est,
2751 4458 2858 4538 qui
2892 4457 3139 4522 furatur

676 4553 748 4614 ut
786 4569 849 4614 se
882 4551 1137 4614 inebriet
1168 4554 1283 4616 ete.
