3529 5158
722 297 832 353 300
1269 310 1482 352 1111101.
1521 312 1612 352 111.
1650 310 1735 351 mn
1771 309 2049 352 nmmos.
2090 308 2288 351 capm-
2325 308 2366 348 1.
2406 307 2547 348 nrm.
2586 306 2653 347 11.
3046 290 3189 368 [272]

728 428 850 474 11011
897 412 1123 492 potest,
1159 409 1308 491 quin
1340 410 1403 473 vi
1434 409 1689 474 huiusce
1732 409 1891 492 legis
1928 406 2307 472 consuetudo
2339 405 2730 471 rationabilis
2762 404 3052 469 decennio
3084 406 3190 471 du·

726 530 872 575 rans
902 512 1030 574 vim
1085 510 1246 595 legis
1302 510 1582 575 obtineat
1628 510 1757 576 sine
1806 510 1930 574 alia
1989 509 2281 593 principis
2336 506 2798 591 approbatione.
2832 507 3030 590 Atqui
3074 509 3190 574 hoc

728 613 934 694 ipsum
971 613 1210 676 factum
1241 615 1337 677 est
1382 615 1647 696 utroque
1684 613 1818 676 iure
1849 612 2141 677 canonico
2181 610 2429 693 quidem
2459 628 2591 693 cap.
2638 609 2744 673 fin.
2785 608 2859 672 de
2898 606 3186 675 consuet.

729 714 805 778 cf.
833 735 890 778 n.
920 716 1058 793 40.;
1109 715 1280 780 civili
1327 717 1539 780 autem
1568 715 1612 779 l.
1647 714 1721 779 de
1762 714 2003 796 Quibus
2039 714 2145 777 32.
2179 713 2324 798 Dig.
2365 711 2440 776 de
2470 710 2690 793 Leyib.
2722 711 2799 776 cf.
2840 732 2899 777 n.
2927 712 3035 776 47.
3070 715 3184 778 etc.

727 817 913 902 Ergo.

817 918 1032 1001 Neque
1065 920 1293 985 obsunt
1325 920 1534 985 Pontii
1564 921 1855 986 rationes.
1895 919 2059 984 Nam
2087 921 2154 983 1⁰
2194 939 2230 984 a
2260 919 2395 983 iure
2420 918 2626 983 solum
2674 919 3097 1003 approbantur
3128 920 3192 984 et

726 1024 1178 1105 permittuntur
1223 1024 1695 1088 consuetudines
1740 1023 2142 1088 rationabiles
2190 1040 2260 1086 ac
2303 1020 2584 1105 legitime
2620 1020 3063 1104 praescriptae:
3102 1022 3191 1086 nil

728 1142 876 1209 ergo
900 1126 1149 1200 mirum,
1177 1125 1231 1189 si
1254 1126 1533 1208 princeps
1557 1124 2052 1197 consuetudines,
2077 1124 2175 1188 his
2199 1122 2651 1207 praerogativis
2675 1122 3031 1196 destitutas,
3056 1123 3192 1188 reii-

729 1226 875 1291 ciat.
918 1228 987 1289 2⁰
1024 1226 1163 1291 Non
1202 1230 1487 1313 negatur,
1522 1227 1751 1310 requiri
1790 1227 2117 1310 specialem
2150 1226 2420 1308 aliquem
2450 1243 2836 1303 consensum,
2871 1225 3192 1308 proprium

730 1329 795 1391 et
823 1329 1257 1394 manifestum:
1293 1332 1361 1394 at
1390 1333 1656 1415 negatur
1688 1331 2021 1394 necessitas
2067 1346 2398 1394 consensus
2445 1328 2536 1391 ita
2584 1327 2939 1412 singularis,
2975 1328 3082 1409 qui
3114 1327 3192 1392 ad

730 1431 1012 1516 singulas
1060 1433 1534 1497 consuetudines
1581 1432 1839 1497 seorsim
1885 1432 2225 1506 referatur3
2276 1449 2424 1494 nam
2470 1431 2677 1512 potest
2713 1447 2876 1493 unus
2908 1428 3191 1512 idemque

731 1552 1062 1598 consensus
1113 1534 1397 1617 specialis
1452 1537 1515 1599 et
1560 1553 1879 1617 expressus
1929 1533 2210 1617 pluribus
2256 1530 2804 1597 consuetudinibus
2866 1531 3189 1609 deservire,

729 1637 936 1720 qualis
969 1641 1064 1702 est
1096 1638 1204 1720 qui
1237 1638 1503 1702 habetur
1546 1657 1879 1718 expressus
1908 1639 1979 1700 in
2016 1636 2224 1702 codice
2256 1635 2479 1718 leyum.
2514 1633 2817 1700 Schmalz.
2853 1655 2913 1698 11.
2952 1636 3055 1699 15.

820 1735 996 1810 272.
1031 1740 1303 1804 Effectus
1337 1741 1799 1805 consuetudinis
1831 1740 2159 1823 multiplex
2182 1738 2611 1823 distinguitur,
2630 1736 2916 1802 videlicet
2945 1733 3011 1800 1⁰
3044 1738 3193 1803 obli-

733 1843 1050 1928 gationem
1088 1845 1296 1925 potest
1333 1843 1663 1926 imponere,
1706 1845 1776 1905 20
1813 1843 2223 1907 constitutam
2269 1841 2471 1924 legem
2504 1840 2823 1924 abrogare,
2873 1840 2944 1902 3⁰
2988 1839 3191 1925 legem

731 1946 1126 2026 interpetrari
1159 1947 1221 2009 et
1252 1945 1324 2008 4⁰
1369 1945 1614 2009 irritare
1664 1947 1875 2009 actum
1909 1946 2201 2009 adversus
2249 1942 2756 2008 consuetudinem
2791 1942 3051 2007 factum.
3101 1944 3192 2008 De

735 2046 902 2110 111000
941 2046 1203 2130 singulis
1250 2047 1582 2112 nonnullae
1629 2048 2024 2129 quaestiones
2070 2049 2219 2110 sunt
2264 2044 2610 2111 solvendae.
2865 2121 2873 2128 ‚

819 2149 900 2212 Et
931 2148 1136 2229 quoad
1183 2148 1472 2232 primum,
1507 2169 1649 2214 cum
1680 2152 1918 2214 certum
1952 2149 2054 2226 sit,
2090 2148 2255 2231 quod
2286 2146 2666 2212 consuetudo
2696 2147 2977 2232 legitime
3023 2166 3193 2232 prae-

729 2251 958 2334 scripta
992 2253 1199 2334 potest
1231 2251 1432 2336 legem
1465 2270 1572 2316 seu
1605 2252 2051 2337 obligationem
2083 2251 2415 2333 imponere,
2447 2249 2707 2314 dubium
2752 2249 2847 2329 fit,
2880 2249 3047 2315 unde
3076 2250 3192 2315 col-

732 2356 852 2438 liyi
884 2357 1107 2434 possit,
1148 2355 1315 2437 quod
1354 2356 1575 2438 aliqua
1605 2356 1977 2421 consuetudo
2008 2357 2097 2419 sit
2124 2354 2517 2437 oble'yatorv'a.

819 2456 1045 2523 Suarez
1077 2458 1184 2522 lib.
1224 2459 1282 2522 7.
1318 2458 1391 2522 de
1423 2458 1641 2541 Leyib.
1676 2479 1727 2522 c.
1766 2459 1868 2523 15.
1904 2480 1963 2523 n.
2002 2459 2103 2522 13.
2139 2461 2202 2522 et
2231 2457 2462 2522 Palaus
2496 2461 2574 2523 tr.
2611 2458 2671 2522 3.
2722 2456 2877 2540 disp.
2914 2457 2975 2521 3.
3016 2478 3078 2540 p.
3128 2458 3186 2521 3.

733 2564 791 2646 ξ.
834 2563 893 2626 3.
929 2582 987 2624 11.
1042 2562 1144 2624 13.
1186 2582 1327 2626 011111
1376 2561 1514 2626 aliis
1546 2563 1814 2639 censent,
1849 2561 1911 2625 id
1957 2560 2441 2645 permittendum
2488 2560 2746 2626 arbitrio
2790 2559 3033 2638 iudiciS,
3085 2561 3189 2644 qui

733 2663 1034 2728 iudicium
1064 2662 1137 2726 de
1169 2664 1285 2728 hoc
1315 2663 1475 2728 ferat
1507 2683 1577 2728 ex
1608 2664 2114 2739 circumstantiiS,
2149 2663 2511 2747 praesertim
2557 2681 2702 2728 vero
2734 2682 2807 2727 ex
2840 2665 3099 2728 actuum
3128 2665 3189 2728 et

738 2784 1140 2849 personarum
1179 2784 1282 2829 eos
1312 2766 1841 2848 frequentantium
1874 2767 2200 2848 qualitate.

818 2867 918 2931 Ad
949 2867 1011 2930 id
1036 2886 1181 2931 vero
1214 2868 1314 2933 dd.
1348 2869 1606 2953 allegati
1638 2870 1960 2953 assignant
1992 2872 2265 2951 quatuor
2295 2869 2697 2945 0011100111100,
2731 2886 2802 2932 ex
2834 2868 3064 2950 quibus
3095 2868 3190 2934 de·

731 2969 872 3034 duci
897 2970 1114 3053 possit,
1142 2971 1305 3053 quod
1331 2971 1706 3056 obligatoria
1732 2972 1816 3035 sit
1840 2971 2220 3036 consuetudo
2246 2974 2309 3035 et
2333 2990 2436 3035 eas
2460 2971 2666 3035 innuit
2690 2972 2752 3035 et
2769 2989 2817 3035 0.
2833 2971 3188 3054 Alphonsus

728 3075 801 3137 ut
830 3072 1097 3137 diximus
1130 3092 1262 3157 sup.
1287 3095 1350 3138 n.
1378 3076 1482 3137 51.

911 3177 977 3238 1⁰
1008 3173 1076 3239 Si
1105 3175 1484 3241 consuetudo
1517 3176 1602 3240 sit
1638 3177 1727 3240 rei
1763 3176 1975 3260 gravis
2006 3178 2069 3240 et
2100 3175 2368 3240 difficilis
2400 3178 2464 3240 et
2494 3177 2904 3240 communiter
2942 3179 3189 3242 servata

728 3296 762 3341 a
795 3278 1044 3361 populo.
1080 3277 1288 3356 Ratio,
1323 3278 1469 3360 quia
1500 3296 1622 3342 non
1647 3278 1807 3342 solet
1839 3278 2104 3360 populus
2136 3277 2527 3342 uniformiter
2549 3276 2872 3342 convenire
2918 3278 2985 3342 in
3026 3279 3190 3343 hisce

726 3380 987 3455 actibus,
1021 3380 1142 3444 nisi
1179 3379 1424 3461 quando
1457 3398 1522 3444 se
1561 3379 1911 3465 obligatum
1952 3380 2161 3444 sentit.

907 3483 977 3543 2⁰
1004 3480 1070 3545 Si
1100 3482 1220 3545 viri
1267 3481 1597 3564 prudentes
1630 3484 1692 3546 et
1738 3482 2022 3546 timorati
2053 3501 2175 3546 non
2207 3481 2412 3546 solum
2443 3481 2562 3565 ipsi
2599 3499 2835 3546 morem
2882 3481 3193 3547 eiusmodi

727 3587 990 3660 servent,
1028 3583 1132 3647 sed
1164 3581 1354 3648 etiam'
1401 3584 1563 3648 male
1594 3585 1868 3649 sentiant
1892 3586 1964 3650 de
1996 3586 2556 3669 transgressoribus
2586 3584 2685 3649 vel
2731 3584 3002 3668 populus
3033 3605 3195 3651 com-

723 3686 997 3750 muniter
1025 3687 1492 3751 scandalizetur.

905 3789 976 3853 30
1007 3787 1073 3853 81
1104 3789 1369 3871 praelati
1401 3792 1464 3854 et
1495 3789 1841 3872 superiores
1871 3789 2319 3873 reprehendant
2350 3790 2461 3853 aut
2491 3788 2753 3871 puniant
2784 3789 3145 3855 violatores,

905 3896 976 3958 4⁰
1010 3894 1075 3959 Si
1107 3896 1370 3960 materia
1418 3894 1880 3960 consuetudinis
1928 3896 2075 3959 talis
2122 3894 2223 3972 sit,
2258 3897 2333 3959 ut
2376 3895 2650 3959 multum
2681 3894 2959 3959 conferat
2993 3896 3193 3979 reipu-

730 3998 944 4063 blicae.
981 3997 1306 4078 Quaelibet
1353 3999 1518 4063 enim
1564 4017 1635 4063 ex
1683 3998 1779 4062 his
1826 3997 2194 4062 coniecturis
2226 4016 2348 4062 non
2376 3997 2512 4062 leve
2557 3999 2652 4061 est
2696 3996 2997 4062 indicium
3045 3998 3193 4063 obli·

724 4101 1017 4185 gationis,

816 4201 993 4281 Quod
1041 4202 1096 4265 si
1133 4202 1291 4266 tales
1325 4205 1435 4266 aut
1466 4202 1768 4268 eiusmodi
1800 4202 2301 4268 circumstantiae
2334 4221 2456 4267 non
2506 4202 2863 4286 appareant,
2903 4201 2969 4266 in
3002 4202 3189 4268 dubio

726 4305 1243 4389 praesumendum
1299 4309 1410 4383 est,
1449 4310 1624 4371 actus
1669 4326 1835 4371 mere
1889 4307 2213 4372 voluntate
2265 4307 2459 4371 libera
2520 4305 2897 4388 frequentari
2945 4309 3011 4370 et
3056 4307 3189 4390 ipsa

727 4406 1126 4485 consuetudo,
1163 4409 1647 4491 quanticumque
1680 4409 1763 4473 sit
1796 4408 2109 4492 temporiS,
2146 4408 2355 4493 potius
2386 4408 2664 4474 habenda
2688 4426 2799 4492 pro
2834 4408 3189 4474 voluntaria

724 4513 786 4573 et
813 4511 1370 4595 supererogatoria,
1404 4530 1593 4593 quam
1618 4530 1727 4594 pro
1756 4511 2131 4596 obligatoria
2162 4514 2224 4575 et
2255 4511 2694 4576 conscientiam
2725 4509 3185 4596 adstringente;
