3529 5158
646 324 752 377 120
1170 333 1381 375 rnnc‘r.
1421 334 1460 373 1.
1500 333 1587 372 nn
1622 331 1880 374 alc-rmus
1916 331 2209 373 nunnus.
2244 331 2447 374 capm-
2483 333 2612 375 vm.
2963 320 3107 396 [128]

643 436 741 499 sui
774 435 851 499 ad
883 435 1084 498 Deum
1131 451 1237 516 per
1284 431 1609 495 caritatem
1658 429 1844 493 series
1895 447 2168 510 operum,
2203 448 2361 509 quae
2408 429 2565 492 fiant
2608 429 2946 494 secundum
2993 432 3108 496 Dei

642 536 1117 618 beneplacitum,
1159 553 1347 615 quam
1395 532 1746 596 vinciantur
1796 549 1978 613 opera
2027 530 2344 614 religionis
2390 551 2532 595 cum
2583 532 2748 595 vitae
2793 532 2965 596 illius
3012 552 3110 597 su-

643 639 994 721 sceptione?

729 738 846 803 Sed
882 739 1132 804 demum
1178 738 1328 801 haec
1376 736 1566 820 addit.
1616 761 1649 793 «
1687 736 2093 800 Habitualem
2141 736 2328 800 etiam
2370 736 2778 803 intentionem
2816 757 2925 803 seu
2955 739 3108 802 rela—

641 843 873 906 tionem
921 860 1093 918 voco,
1134 839 1380 922 quando
1429 857 1549 903 non
1597 838 2023 922 praecogitato
2062 838 2125 900 in
2176 840 2338 913 actu,
2389 839 2463 900 ut
2508 840 2675 915 tunc,
2716 840 2835 903 fine
2882 840 3106 905 ultimo

639 945 767 1009 sive
814 945 964 1022 Deo,
1005 964 1077 1009 ex
1113 944 1247 1008 sola
1285 943 1432 1007 boni
1480 942 1679 1024 operis
1717 940 2209 1004 consideratione
2246 940 2378 1022 ipsa
2411 941 2639 1005 caritas
2673 944 2963 1024 prompta
3009 943 3108 1006 vel

639 1048 849 1129 aliqua
897 1047 1020 1111 alia
1061 1046 1261 1109 virtus
1296 1046 1558 1108 caritate
1596 1043 1934 1107 informata
1975 1042 2052 1106 ad
2091 1042 2297 1124 ipsum
2343 1043 2576 1106 bonum
2624 1062 2778 1125 opus
2825 1044 3104 1122 inclinat,

638 1149 801 1212 sicut
824 1149 920 1211 vir
958 1148 1243 1212 obediens
1274 1148 1547 1210 meretur
1580 1144 1913 1209 obediendo
1955 1144 2233 1227 praelato
2267 1144 2385 1207 sibi
2416 1144 2834 1226 praecipienti,
2862 1146 3110 1209 etiamsi

638 1250 795 1313 nihil
831 1250 905 1313 de
936 1251 1066 1314 Deo
1105 1250 1360 1332 cogitet,
1401 1247 1506 1311 sed
1538 1248 1744 1310 solum
1781 1246 2141 1320 consideret,
2177 1245 2338 1327 quod
2380 1247 2475 1308 est
2506 1246 2737 1310 bonum
2776 1246 3020 1312 obedire
3046 1273 3106 1311 ».

636 1353 832 1416 Porro
879 1354 1262 1435 postremum
1299 1352 1417 1416 hoc
1454 1349 1746 1414 coincidit
1792 1368 1934 1412 cum
1980 1348 2253 1432 generali
2284 1347 2565 1412 doctrina
2613 1368 2660 1413 s.
2702 1348 2995 1425 Thomae,
3037 1351 3112 1413 ut

640 1454 819 1519 facile
850 1454 1263 1519 consideranti
1294 1453 1488 1535 patet.

732 1557 961 1621 Exinde
999 1557 1281 1638 Vasquez
1323 1556 1385 1618 in
1422 1555 1478 1617 1.
1523 1556 1583 1617 2.
1625 1553 1781 1635 disp.
1818 1553 1968 1615 217.
2009 1570 2141 1635 cap.
2183 1555 2244 1616 2.
2285 1572 2344 1616 n.
2373 1554 2433 1616 9.
2473 1552 2547 1616 de
2571 1553 2686 1617 hoc
2711 1572 2759 1616 s,
2787 1553 3110 1618 Bonaven-

642 1662 821 1724 turae
856 1659 993 1724 loco
1026 1658 1274 1723 scribit:
1310 1682 1345 1715 α
1370 1655 1668 1736 Quamvis
1706 1656 1770 1719 in
1808 1672 2061 1737 corpore
2099 1654 2482 1735 quaestionis
2513 1653 2730 1736 (supra
2759 1675 2820 1717 n.
2863 1654 3012 1718 170.
3047 1655 3108 1718 id

639 1763 1000 1845 retulimus)
1037 1762 1324 1826 videatur
1361 1761 1560 1824 dicere
1600 1776 1721 1823 non
1756 1758 1965 1823 omnia
1999 1776 2183 1840 opera
2228 1758 2541 1822 iustorum
2577 1759 2739 1822 bona
2770 1777 2900 1822 esse
2929 1759 3111 1822 meri-

640 1866 803 1928 toria
842 1864 1007 1929 vitae
1046 1865 1357 1938 aeternae3
1394 1863 1604 1925 tamen
1650 1861 1716 1923 in
1754 1878 1826 1923 ea
1865 1860 2176 1924 solutione
2214 1858 2374 1940 (scil.
2418 1858 2494 1923 ad
2532 1859 2770 1942 ultim.)
2808 1859 3106 1935 concedit,

641 1967 868 2042 omnia,
903 1984 1062 2046 quae
1095 1965 1444 2028 referuntur
1476 1980 1600 2026 uno
1634 1982 1704 2025 ex
1738 1961 1940 2025 tribus
1973 1961 2172 2024 modis
2205 1960 2601 2043 praecedente
2633 1961 2834 2043 capite
2865 1981 3110 2025 enume-

642 2068 796 2129 ratis
843 2084 974 2130 esse
1020 2065 1340 2129 meritoria
1388 2064 1557 2127 vitae
1607 2065 1912 2128 aeternae.
1963 2062 2173 2126 Tertio
2223 2064 2432 2126 autem
2479 2062 2664 2127 modo
2711 2064 3108 2146 comprehen-

640 2170 875 2232 duntur
922 2169 1128 2232 omnia
1170 2186 1354 2251 opera
1409 2166 1732 2230 moraliter
1770 2166 1951 2239 bona,
1995 2164 2072 2227 ad
2110 2183 2270 2245 quae
2306 2166 2595 2228 movetur
2638 2164 2825 2228 homo
2865 2183 2936 2228 ex
2973 2165 3109 2247 ipsa

643 2270 776 2334 sola
801 2270 1288 2335 consideratione
1313 2270 1457 2333 boni
1493 2267 1693 2351 operis
1726 2266 2062 2331 secundum
2086 2266 2387 2329 virtutem
2404 2291 2465 2328 ».
2493 2263 2663 2344 Quae
2681 2268 2775 2330 est
2797 2266 3108 2349 ipsissima

642 2390 690 2433 s.
725 2372 1001 2436 Thomae
1039 2371 1341 2437 doctrina.

733 2468 891 2544 128.
933 2474 1110 2554 Quod
1135 2476 1186 2539 si
1212 2475 1580 2558 inspiciatur
1617 2471 1927 2554 quomodo
1962 2472 2086 2536 tres
2124 2470 2220 2534 illi
2254 2469 2424 2533 modi
2463 2469 2783 2533 relationis
2821 2468 3113 2534 definian-

643 2576 765 2654 tur,
815 2577 943 2641 iam
982 2578 1345 2654 videbimuS,
1387 2576 1499 2639 hos
1538 2574 1820 2639 doctores
1868 2593 2018 2657 pene
2065 2573 2213 2638 solis
2260 2570 2462 2636 verbis
2509 2571 2757 2636 distare.
2799 2570 2898 2636 Sic
2945 2572 3110 2637 enim

642 2679 925 2759 Vasquez
964 2679 1005 2742 1.
1047 2698 1097 2741 0.
1134 2697 1266 2760 cap.
1313 2680 1368 2741 1.
1409 2699 1468 2742 n.
1513 2677 1572 2739 6.
1608 2695 1711 2740 eos
1750 2676 2060 2740 describit.
2108 2701 2143 2734 «
2174 2675 2416 2740 Notant
2449 2672 2702 2755 (Scotus
2734 2675 2798 2739 et
2827 2673 3111 2757 Gabriel)

644 2780 844 2841 tribus
878 2777 1079 2842 modis
1117 2779 1331 2842 referri
1362 2797 1540 2861 posse
1580 2777 1833 2858 aliquod
1873 2797 2026 2858 opus
2057 2777 2122 2840 in
2154 2777 2339 2842 finem
2370 2776 2660 2858 aliquem.
2688 2777 2898 2841 Primo
2922 2778 3109 2842 modo

642 2882 852 2943 actu...
893 2878 1190 2956 Secundo,
1230 2881 1304 2944 ut
1334 2880 1454 2944 dici
1485 2880 1663 2952 solet,
1698 2878 2071 2954 virtualiter,
2112 2879 2357 2959 quando
2388 2878 2684 2941 nimirum
2715 2879 2856 2960 quis
2879 2878 3110 2962 incepit

642 3000 798 3063 opus
846 3001 918 3045 ex
964 2982 1306 3046 intentione
1343 2982 1609 3045 alicuius
1640 2981 1782 3044 finis
1818 2982 1881 3044 et
1918 2981 2133 3063 postea
2181 2980 2412 3044 oblitus
2449 2980 2620 3044 illius
2651 2981 2715 3044 in
2753 2981 2888 3062 ipso
2929 3000 3110 3064 opere

639 3084 842 3148 adhuc
874 3087 1226 3167 perseverat
1258 3086 1321 3148 et
1360 3083 1572 3146 eadem
1611 3082 1773 3146 ratio
1799 3085 1912 3157 est,
1953 3083 2197 3164 quoties
2235 3101 2308 3146 ex
2345 3069 2537 3165 priori
2571 3083 2915 3147 intentione
2940 3084 3110 3148 fuere

642 3188 815 3250 varia
863 3205 1047 3270 opera
1089 3186 1300 3251 ordine
1339 3185 1610 3267 quodam
1649 3186 1713 3249 et
1743 3185 2115 3249 connexione
2154 3184 2452 3262 derivata,
2493 3185 2582 3248 ita
2614 3186 2690 3248 ut
2718 3205 2914 3249 unum
2953 3204 3110 3268 opus

641 3308 709 3352 ex
751 3290 863 3352 tali
901 3289 1243 3353 intentione
1281 3288 1627 3370 profectum
1664 3288 1932 3351 moverit
1979 3287 2055 3350 ad
2095 3285 2266 3350 aliud
2303 3287 2366 3350 et
2396 3286 2587 3351 fuerit
2616 3305 2802 3351 causa
2834 3286 3008 3352 illius
3047 3290 3110 3353 et

640 3390 796 3453 illud
821 3391 1080 3454 alterius
1105 3410 1300 3472 usque
1325 3390 1402 3454 ad
1427 3390 1743 3453 ultimum.
1772 3388 2003 3466 Tertio,
2033 3389 2105 3451 ut
2136 3389 2379 3464 vocant,
2408 3389 2830 3465 habitualiter,
2857 3391 3108 3471 quando

640 3493 935 3555 nimirum
973 3494 1100 3556 tale
1141 3511 1297 3574 opus
1334 3495 1447 3570 est,
1490 3493 1565 3555 ut
1601 3494 1822 3574 suapte
1860 3492 2086 3555 natura
2126 3493 2344 3573 aptum
2382 3490 2468 3554 sit
2504 3491 2567 3553 et
2602 3490 2893 3556 idoneum
2932 3494 3009 3556 ut
3045 3494 3110 3559 in

643 3594 833 3657 talem
879 3594 1064 3658 finem
1110 3594 1432 3657 referatur.
1474 3593 1555 3656 Et
1599 3592 1959 3657 huiusmodi
1998 3594 2146 3656 sunt
2184 3594 2245 3656 in
2293 3612 2508 3657 eorum
2545 3593 2848 3658 sententia
2899 3596 3106 3660 omnia

642 3713 826 3777 opera
862 3695 1173 3758 virtutum
1209 3694 1562 3772 moralium,
1597 3713 1756 3776 quae
1794 3698 1944 3759 tunc
1973 3694 2195 3759 habitu
2226 3695 2518 3760 dicuntur
2553 3696 2765 3761 referri
2803 3697 2866 3761 in
2908 3699 3109 3763 Deum

641 3799 705 3860 et
750 3815 873 3860 non
905 3798 1051 3860 actu
1089 3815 1197 3861 nec
1234 3796 1488 3872 virtute,
1524 3797 1771 3877 quando
1811 3798 2021 3862 nullus
2061 3799 2239 3862 actus
2286 3799 2568 3864 caritatis
2605 3799 2957 3882 praecessit,
3001 3800 3110 3882 qui

640 3901 775 3983 ipsa
821 3901 1158 3966 referret».

731 4004 1074 4068 Discrimen
1113 4022 1260 4088 ergo
1293 4002 1356 4066 in
1395 4021 1467 4067 eo
1506 4003 1642 4076 erit,
1685 4002 1853 4083 quod
1886 4022 1934 4067 s.
1969 4004 2241 4068 Thomas
2280 4004 2502 4067 dixerit
2538 4005 2891 4083 virtualem,
2920 4025 3111 4088 quam

641 4106 746 4169 isti
796 4108 1020 4169 vocant
1066 4105 1450 4169 habitualem
1496 4105 1892 4181 relationem,
1935 4125 2316 4188 quamquam
2363 4106 2464 4170 vix
2509 4126 2559 4170 s,
2599 4106 2871 4171 Thomas
2917 4109 3109 4173 etiam

642 4208 719 4269 ab
768 4207 882 4269 hoc
927 4207 1112 4272 modo
1158 4206 1449 4288 loquendi
1498 4208 1846 4272 abhorreat.
1887 4206 2051 4271 Nam
2099 4207 2266 4272 Lect.
2308 4209 2369 4272 3.
2419 4209 2482 4273 in
2529 4207 2765 4273 Coloss
2816 4209 2931 4274 ΠΙ.
2983 4212 3109 4275 ait:

649 4335 683 4366 «
717 4309 1078 4385 Dicendum,
1106 4309 1271 4390 quod
1296 4328 1418 4374 non
1443 4311 1538 4373 est
1561 4312 1974 4375 necessarium
2005 4310 2172 4393 quod
2198 4311 2406 4375 omnia
2435 4311 2498 4374 in
2532 4312 2733 4375 Deum
2763 4311 3112 4376 referantur

642 4412 806 4487 actu,
848 4409 953 4474 sed
991 4410 1213 4474 habitu
1252 4436 1313 4474 ».
1348 4411 1428 4474 Et
1466 4409 1540 4474 de
1578 4410 1762 4474 Dialo
1801 4432 1859 4493 q.
1885 4413 1942 4475 7.
1964 4432 2019 4476 a.
2044 4414 2101 4476 1.
2124 4413 2199 4476 ad
2227 4415 2287 4477 9.
2321 4439 2356 4470 «
2381 4413 2741 4489 Dicendum,
2776 4413 2943 4496 quod
2967 4433 3110 4478 cum

638 4512 794 4576 illud
826 4514 1222 4596 praeceptum
1254 4513 1541 4595 Apostoli
1573 4512 1728 4594 (sive
1758 4513 2156 4578 mandzwatis
2192 4516 2339 4598 etc.)
2372 4515 2457 4579 sit
2489 4515 2959 4592 affirmativum,
2984 4536 3107 4582 non
