3529 5158
334 372 476 448 [571]
845 386 1228 428 namon-no
1265 386 1351 426 nn
1388 386 1471 427 nn
1508 386 1660 428 mun
1697 388 1973 430 Posl'rlvo
2012 389 2280 430 rumori-A
2685 377 2794 432 519

364 503 373 508 ·
414 484 780 556 Discrimen‚
819 503 930 547 cur
959 485 1032 561 is,
1072 485 1180 566 qui
1210 483 1658 568 imaginatione
1698 486 1875 549 actus
1925 486 2161 550 venerei
2195 486 2558 562 delectatur,
2586 489 2794 570 peccet

329 586 697 664 mortaliter,
744 605 867 651 non
915 605 1059 652 vero
1107 585 1560 653 Cal-thusianus
1615 588 1986 672 imaginario
2041 588 2322 652 carnium
2372 609 2490 654 usu
2537 590 2795 672 (suppo-

330 688 543 765 nendo,
578 690 869 752 neutrum
909 708 1124 754 eorum
1162 691 1318 755 velle
1368 690 1445 754 ad
1479 709 1633 772 opus
1665 693 1986 754 externum
2020 691 2391 774 procedere),
2427 691 2516 755 sic
2547 691 2797 754 Lessius

329 791 477 855 bene
523 791 813 873 proponit
858 791 964 856 lib.
1015 792 1075 854 4.
1111 810 1243 874 cap.
1280 794 1341 856 3.
1378 813 1479 857 nn.
1527 793 1672 856 113.
1714 793 1891 857 115.:
1926 817 1960 850 ‹
1995 792 2203 870 Ratio,
2239 793 2354 870 est,
2389 793 2614 874 inquit,
2649 792 2798 873 (11113

332 894 433 958 ille
479 893 787 957 consentit
822 893 885 958 in
916 912 1199 958 venerem
1236 895 1674 979 imaginariam
1721 898 1785 959 et
1817 895 2278 977 phantasticam
2324 895 2798 959 fornicationem

330 995 429 1077 (ut
472 995 754 1076 loquitur
799 995 1193 1080 Augustinus
1241 996 1315 1060 dc
1365 997 1544 1061 Trin.
1594 999 1703 1061 lib.
1754 999 1855 1061 12.
1891 1016 1941 1060 c.
1993 998 2087 1080 9.)
2133 1000 2195 1061 et
2242 1000 2688 1079 consequenter
2731 996 2796 1060 in

329 1099 600 1182 corporis
645 1100 1126 1164 commotionem
1173 1119 1243 1164 ac
1278 1101 1608 1165 libidosam
1657 1101 2059 1184 pruriginem,
2095 1119 2254 1182 quae
2302 1120 2371 1164 ex
2419 1101 2537 1164 tali
2577 1101 2797 1184 imagi-

328 1201 578 1265 natione
623 1201 997 1266 naturaliter
1026 1203 1199 1284 sequi
1237 1204 1398 1268 solet
1427 1206 1491 1267 et
1521 1222 1593 1267 ex
1625 1222 1749 1284 qua
1781 1201 2139 1266 immediate
2186 1201 2297 1266 illa
2335 1202 2644 1266 sensibilis
2694 1220 2796 1265 vo-

327 1304 537 1386 luptas
570 1304 728 1367 fluit.
763 1305 960 1386 Atqui
991 1306 1384 1388 phantastica
1415 1305 1526 1369 illa
1558 1306 1740 1382 actio,
1770 1305 1936 1368 sicut
1965 1307 2028 1369 et
2058 1305 2397 1387 corporalis
2431 1304 2792 1368 immutatio

326 1405 467 1470 inde
513 1425 905 1488 consequens,
947 1407 1043 1470 est
1086 1408 1326 1471 illicita.
1366 1408 1527 1471 Item
1574 1407 1882 1471 consentit
1918 1406 1982 1471 in
2030 1406 2542 1489 complacentiam
2592 1405 2794 1488 operis

327 1509 581 1581 externi,
615 1527 738 1590 qna
785 1510 960 1591 parte
1006 1512 1101 1573 est
1146 1510 1572 1573 delectabile...
1613 1508 1808 1590 Atqui
1856 1509 2006 1572 haec
2052 1527 2298 1590 quoque
2345 1508 2794 1592 complacentia

327 1612 423 1674 est
460 1611 772 1675 obiectum
804 1610 1114 1673 sufficiens
1146 1612 1381 1692 peccati
1424 1611 1745 1685 mortalis3
1781 1629 1928 1673 nam
1977 1611 2266 1673 affectum
2299 1611 2524 1674 habere
2562 1610 2797 1674 confor-

323 1730 491 1776 mem
541 1711 729 1794 operi‚
763 1711 927 1792 quod
975 1732 1081 1793 per
1127 1731 1191 1775 se
1238 1713 1334 1776 est
1379 1716 1704 1794 peccatum
1751 1712 2037 1786 mortale,
2072 1714 2170 1775 est
2214 1731 2404 1796 grave
2449 1713 2687 1776 malum
2734 1712 2799 1775 et

323 1816 771 1895 consequenter
802 1832 1132 1878 consensus
1165 1814 1228 1878 in
1260 1814 1416 1878 illud
1447 1814 1753 1879 mortalis.
1792 1811 2247 1877 Carthusianus
2297 1816 2506 1879 autem
2553 1815 2659 1879 ille
2706 1833 2801 1879 so-

319 1918 460 1981 lum
493 1915 803 1980 consentit
831 1917 894 1978 in
928 1915 1330 1999 imaginarias
1367 1915 1647 1980 carnium
1682 1917 1898 1998 epulas
1930 1917 1993 1979 et
2023 1916 2086 1979 in
2120 1917 2501 1999 corporalem
2534 1935 2803 1981 commo-

324 2018 566 2083 tionem
605 2017 689 2098 (si
718 2036 842 2099 qua
880 2018 1041 2082 forte
1088 2018 1152 2081 in
1199 2017 1541 2101 spiritibuS,
1577 2018 1945 2082 humoribus
1980 2018 2091 2080 aut
2138 2018 2316 2081 corde
2363 2018 2690 2101 sequatur)
2737 2020 2803 2081 et

325 2121 386 2185 in
435 2119 831 2202 voluptatem
876 2120 1020 2184 hinc
1064 2120 1515 2184 resultantem:
1567 2138 1837 2202 quorum
1885 2120 2042 2183 nihil
2088 2120 2184 2183 est
2227 2120 2322 2184 illi
2370 2121 2795 2204 prohibitum3

326 2223 459 2288 sola
499 2222 665 2286 enim
700 2223 861 2286 actio
910 2223 1158 2287 externa
1195 2223 1289 2286 1111
1322 2223 1539 2298 vetita,
1575 2223 1757 2304 idque
1806 2241 1926 2286 non
1975 2223 2106 2285 tam
2155 2243 2343 2287 causa
2373 2223 2664 2288 vitandae
2697 2242 2800 2288 vo-

324 2326 611 2409 luptatis,
647 2344 835 2407 quam
869 2325 1334 2390 mortificandae
1365 2326 1567 2390 carnis
1600 2345 1708 2408 per
1738 2327 2053 2390 externam
2087 2326 2548 2389 abstinentiam.
2578 2326 2799 2406 Itaque

328 2427 640 2493 satisfacit
683 2428 1029 2510 praeceptO,
1073 2428 1341 2492 exterius
1389 2426 1751 2492 abstinendo
1801 2428 1865 2491 et
1912 2427 2170 2492 volendo
2221 2428 2560 2492 abstinere:
2611 2447 2801 2511 quan-

328 2531 564 2597 tumvis
596 2529 966 2614 imaginario
1000 2549 1107 2595 esu
1140 2530 1205 2595 et
1241 2548 1457 2613 sapore
1494 2530 1850 2596 delectetur.
1887 2530 2013 2596 Nec
2052 2531 2280 2610 obstat,
2315 2531 2477 2613 quod
2514 2531 2800 2596 videatur

326 2634 673 2700 consentire
708 2635 774 2697 in
822 2634 1111 2698 affectum
1157 2652 1306 2717 erga
1351 2652 1596 2709 carnes;
1646 2634 1794 2714 quia
1841 2634 1941 2697 hic
1989 2635 2244 2699 affectus
2290 2633 2494 2698 malus
2527 2652 2650 2697 non
2682 2635 2796 2710 est,

327 2737 488 2801 sicut
537 2755 648 2800 nec
694 2734 949 2800 affectus
995 2735 1348 2799 comedendi
1381 2737 1655 2817 tempore
1687 2735 1921 2799 ieiunii.
1956 2734 2195 2819 Sepono
2231 2755 2410 2801 omne
2457 2736 2800 2818 periculum

326 2838 644 2904 ulterioris
681 2857 1013 2903 consensus
1046 2838 1108 2902 in
1142 2857 1297 2921 opus
1329 2839 1649 2902 externum
1688 2863 1749 2901 ».

415 2937 570 3012 571.
611 2942 709 3006 Ita
734 2942 1011 3018 Lessius3
1038 2941 1294 3023 parique
1325 2941 1566 3004 ratione
1600 2941 1736 3004 DD.
1774 2940 2125 3018 advertunt,
2155 2961 2276 3006 non
2315 2962 2445 3006 esse
2476 2943 2801 3024 peccatum

328 3044 621 3110 delectari
666 3043 740 3108 de
785 3045 1081 3126 quopiam
1130 3043 1253 3107 alio
1296 3061 1475 3125 opere
1511 3043 1791 3125 cogitato
1843 3045 1955 3106 aut
2000 3044 2155 3119 viso,
2191 3044 2246 3106 si
2293 3042 2449 3105 illud
2499 3060 2618 3107 non
2666 3042 2801 3105 iure

330 3150 595 3212 naturae
622 3146 914 3212 illicitum
952 3147 1055 3221 sit,
1097 3146 1202 3210 sed
1234 3147 1437 3209 solum
1478 3145 1750 3226 positiva
1789 3146 1925 3227 lege
1956 3144 2361 3225 prohibitum,
2389 3144 2463 3207 ut
2494 3163 2636 3206 cum
2661 3143 2800 3224 quis

330 3248 675 3314 delectatur
706 3249 1152 3333 imaginatione
1183 3266 1292 3311 seu
1323 3246 1699 3329 inspectione
1729 3245 1864 3308 ludi
1903 3245 2179 3326 alioquin
2215 3246 2459 3328 legibus
2497 3245 2697 3308 vetiti.

425 3351 614 3415 Ratio
651 3370 796 3436 ergo
829 3355 942 3427 est,
971 3351 1117 3432 qnia
1154 3350 1238 3426 id,
1273 3349 1438 3430 quod
1477 3367 1584 3431 per
1616 3368 1682 3411 se
1718 3347 1957 3411 malum
1992 3350 2105 3420 est,
2141 3365 2263 3411 non
2296 3347 2500 3411 solum
2533 3344 2801 3409 exterius

331 3454 397 3517 et
425 3471 490 3517 re
526 3454 662 3536 ipsa
692 3454 940 3536 exsequi
972 3470 1093 3516 non
1125 3452 1289 3527 licet,
1317 3450 1420 3515 sed
1458 3469 1654 3531 neque
1685 3449 1949 3512 interius
1986 3448 2046 3512 vi
2083 3448 2480 3531 phantastica
2512 3467 2619 3530 per
2651 3448 2803 3511 ima-

330 3555 749 3640 ginationem:
783 3557 1004 3620 neutro
1035 3554 1196 3619 enim
1231 3553 1415 3618 modo
1462 3552 1557 3615 fas
1605 3553 1701 3615 est
1730 3551 1890 3614 illud
1921 3553 2225 3634 appetere,
2263 3550 2376 3614 aut
2406 3548 2801 3614 voluntatem

332 3659 388 3722 ei
433 3658 661 3722 habere
705 3657 1081 3722 conformem
1129 3657 1537 3737 affectumque
1598 3654 1951 3737 adiungere.
1999 3652 2057 3716 N
2061 3672 2138 3718 on
2185 3651 2280 3717 fas
2328 3654 2440 3729 est,
2493 3654 2682 3735 prout
2726 3652 2804 3715 fit

332 3761 622 3839 exterius,
647 3761 796 3842 quia
827 3778 936 3843 per
972 3778 1037 3823 se
1071 3760 1311 3822 malum
1342 3759 1463 3834 est3
1491 3776 1613 3821 non
1648 3757 1839 3820 etiam
1872 3758 1946 3818 ut
1982 3754 2331 3819 faciendum
2366 3773 2472 3836 per
2502 3754 2805 3837 imagina-

332 3863 586 3942 tionem,
627 3864 776 3945 quia
808 3863 1063 3927 affectus
1093 3863 1155 3927 in
1196 3879 1352 3944 opus
1390 3860 1834 3944 imaginarium
1868 3857 2136 3922 includit
2166 3857 2456 3921 affectum
2505 3855 2706 3937 operis
2738 3855 2803 3920 in

336 3984 400 4028 se
445 3965 837 4031 considerati.
885 3964 1025 4029 Non
1079 3964 1242 4029 enim
1288 3963 1494 4046 potest
1537 3963 1778 4044 placere
1833 3980 1989 4043 opus
2034 3960 2098 4022 in
2163 3957 2634 4042 imaginatione,
2683 3955 2807 4020 nisi

330 4068 575 4151 placeat
620 4070 812 4133 etiam
844 4069 906 4131 in
945 4088 1009 4132 se
1046 4068 1200 4151 ipso.
1235 4067 1433 4148 Atqui
1471 4065 1670 4129 omnis
1708 4064 1966 4128 affectus
2004 4064 2067 4126 et
2099 4060 2548 4144 complacentia
2587 4059 2812 4124 obiecti

332 4192 437 4256 per
467 4194 534 4239 se
565 4173 737 4249 mali,
772 4172 940 4236 mala
986 4174 1097 4236 est.
1133 4171 1309 4251 Quod
1359 4171 1569 4235 autem
1620 4168 1753 4233 solo
1791 4169 1929 4230 iure
1963 4166 2235 4249 positivo
2269 4165 2366 4228 est
2403 4162 2810 4247 prohibitum,

335 4273 394 4338 id
422 4294 549 4343 non
585 4278 682 4339 est
712 4275 979 4340 vetitum
1019 4275 1120 4358 agi
1160 4294 1266 4356 per
1295 4272 1849 4357 imaginationem3
1877 4287 2020 4332 cum
2053 4268 2258 4332 solum
2297 4268 2618 4331 externum
2652 4284 2815 4329 exer—

333 4378 555 4442 citium
604 4380 667 4442 et
713 4396 867 4460 opus
916 4376 1335 4460 prohibeatur.
1377 4376 1591 4457 Neque
1625 4375 1880 4438 affectus
1912 4372 2018 4436 ille
2059 4371 2133 4435 ad
2185 4390 2340 4453 opus
2388 4371 2710 4434 externum
2747 4370 2813 4433 in

335 4498 397 4543 se
444 4481 799 4563 spectatum
830 4479 1035 4543 malus
1065 4480 1178 4557 est,
1212 4479 1460 4559 quando
1498 4480 1593 4542 est
1624 4478 1831 4543 solum
1868 4475 2319 4559 complacentia
2371 4475 2688 4557 appetitus
2725 4475 2814 4537 in-

337 4583 604 4662 ferioris,
638 4604 761 4649 non
791 4600 1046 4649 movens
1084 4584 1161 4647 ad
1198 4583 1576 4666 prohibitam
1610 4582 2098 4657 exsecutionem3
2136 4580 2393 4645 affectus
2431 4580 2594 4643 enim
2631 4581 2813 4643 natu-
