3529 5158
376 338 533 414 [302]
878 351 1136 393 Nonium
1172 352 1257 392 An
1297 350 1762 393 monoscmnnas
1799 351 1996 393 61116113
2033 350 2349 391 romanas
2740 335 2846 389 321

474 447 634 521 301.
674 450 819 514 Alia
866 469 1012 534 ergo
1058 469 1278 514 norma
1325 448 1675 531 quaerenda
1722 447 1989 513 videtur.
2046 448 2128 512 Et
2174 447 2422 528 quidem
2474 447 2539 509 1ο
2586 465 2709 511 666
2755 447 2851 510 631

381 572 645 628 11666336,
683 556 756 616 111
799 570 1187 617 recimamus
1237 551 1313 616 ad
1351 553 1620 615 mentem
1669 569 1779 615 3611
1822 550 2231 614 161661166661
2261 549 2669 633 legislatoris3
2703 549 2850 631 quia

380 658 535 721 haec
579 656 845 721 intentio
895 656 1105 721 abesse
1150 657 1360 738 potest
1406 657 1470 719 61
1515 655 1739 719 saltem
1787 654 2076 738 negative
2123 672 2186 717 se
2235 652 2459 717 habere
2519 653 2727 733 potest
2770 651 2853 715 le-

379 760 667 844 gislator,
701 759 856 823 nihil
905 758 1034 823 scil.
1070 760 1143 822 de
1167 759 1285 823 hoc
1315 758 1618 842 cogitans
1656 759 1726 820 2⁰
1758 755 2100 822 Concedere
2135 773 2346 820 omnes
2377 753 2619 829 debent,
2652 772 2852 818 neces-

381 862 638 926 sitatem
687 861 1053 926 observandi
1097 862 1266 946 leges
1311 861 1374 924 in
1423 859 1796 941 quibusdam
1845 858 2155 923 adiunctis
2219 857 2295 922 ad
2345 856 2620 922 ordinem
2667 856 2854 920 socie-

378 964 537 1028 tatis
585 985 656 1029 66
702 966 934 1030 bonum
965 983 1290 1029 commune
1327 961 1807 1046 procurandum,
1840 962 2033 1025 talem
2081 978 2211 1024 6336
2258 978 2457 1041 posse,
2498 960 2572 1022 ut
2616 959 2681 1021 in
2714 976 2854 1022 con-

379 1066 641 1130 scientia
689 1067 941 1151 obliget,
984 1067 1341 1149 postulante
1374 1065 1503 1129 scil.
1548 1066 1678 1130 Deo
1727 1067 1980 1128 auctore
2013 1065 2274 1127 naturae
2306 1064 2369 1126 61
2417 1060 2667 1136 ordinis,
2716 1061 2848 1124 scil.

378 1168 519 1253 lege
551 1170 847 1233 naturali.

469 1271 636 1355 Ergo
670 1290 740 1336 ex
771 1271 1035 1336 materia
1082 1271 1292 1354 potius
1339 1270 1649 1350 huiusque
1697 1267 2099 1351 proportione
2148 1285 2291 1329 cum
2338 1265 2499 1328 bono
2537 1263 2853 1328 communi

379 1392 452 1436 ac
499 1373 620 1437 fine
665 1374 821 1458 legis
870 1373 1220 1444 obtinendo,
1269 1373 1488 1456 regula
1535 1371 1744 1453 aliqua
1793 1369 2033 1434 desumi
2080 1367 2330 1450 poterit.
2369 1367 2508 1431 Hac
2545 1366 2757 1430 autem
2785 1364 2851 1427 in

377 1495 446 1540 re
492 1476 874 1541 consuetudo
936 1476 1167 1560 poterit
1227 1494 1357 1539 6336
1406 1474 1645 1557 optima
1690 1473 2015 1554 interpre3‚
2071 1471 2146 1533 111
2192 1469 2465 1534 advertit
2509 1467 2849 1531 NavarruS.

378 1576 546 1642 Nam
593 1579 646 1643 si
691 1579 954 1643 materia
991 1579 1193 1661 reipsa
1239 1577 1389 1641 talis
1427 1578 1511 1640 sit
1557 1578 1621 1639 et
1670 1575 1818 1638 talis
1866 1575 2018 1637 item
2064 1571 2205 1635 finis
2252 1570 2428 1654 16313,
2481 1571 2553 1632 111
2598 1569 2848 1643 bonum,

378 1680 460 1744 ad
508 1681 674 1763 quod
722 1682 1125 1747 obtinendum
1161 1682 1258 1745 lex
1290 1680 1506 1754 fertur,
1535 1677 1912 1742 sufficienter
1951 1675 2308 1740 obtineatur
2337 1692 2447 1756 per
2478 1671 2853 1736 observatio-

376 1803 523 1848 nem
569 1786 725 1870 legis
775 1786 850 1850 ad
898 1804 1086 1867 qnam
1134 1783 1368 1848 subditi
1400 1783 1533 1846 solo
1581 1798 1813 1863 poenae
1850 1779 2076 1843 timore
2121 1776 2543 1859 impellantur,
2576 1773 2851 1856 profecto

375 1886 498 1950 hac
543 1889 680 1973 lege
726 1888 1132 1952 conscientias
1178 1905 1302 1950 non
1348 1884 1534 1968 ligari
1582 1901 1847 1965 pronum
1909 1883 2004 1944 est
2048 1879 2340 1954 iudicare,
2390 1896 2448 1940 v.
2498 1897 2559 1960 g.
2609 1876 2682 1938 de
2728 1894 2850 1939 non

376 1989 763 2055 &trahendo
799 1989 1110 2069 frumento
1159 1988 1253 2051 1εεῖ
1299 1987 1427 2051 oleo
1466 1986 1538 2050 de
1570 2005 1692 2050 non
1724 1982 2101 2046 advehendas
2131 1979 2438 2044 mercibus
2471 1978 2850 2058 pereminis.

377 2095 461 2159 Et
509 2095 597 2158 sic
643 2114 714 2159 ex
761 2093 1202 2158 consuetudine
1241 2090 1503 2155 evadent
1533 2090 1701 2173 leges
1733 2106 1885 2170 pene
1922 2104 2088 2149 mere
2118 2082 2426 2167 poenales,
2463 2080 2710 2145 etiamsi
2732 2079 2853 2143 for-

377 2198 588 2262 mulae
621 2198 747 2261 sint
778 2196 966 2260 simul
997 2194 1441 2277 praeceptivae,
1476 2212 1533 2256 v.
1569 2211 1661 2275 gr.
1696 2209 1774 2254 ne
1803 2188 1946 2271 equi
1980 2186 2458 2251 introducantur
2493 2185 2557 2247 in
2591 2202 2852 2267 regnum

377 2301 868 2384 neapolitanum,
888 2318 965 2363 66
989 2299 1129 2380 quis
1160 2317 1303 2362 cum
1327 2296 1548 2360 baculo
1573 2292 1961 2377 ingrediatur
1984 2289 2334 2364 Musaeum,
2352 2307 2428 2351 ne
2452 2286 2591 2368 quis
2614 2286 2853 2366 equitet

378 2406 444 2468 in
476 2403 726 2487 publico
767 2401 1062 2466 viridario
1101 2401 1200 2464 vel
1232 2400 1417 2463 horto
1457 2400 1570 2461 etc.

472 2505 660 2570 Secus
691 2524 836 2570 vero
874 2504 1131 2581 dicetur,
1167 2504 1220 2567 si
1251 2503 1420 2587 leges
1451 2499 1726 2585 proxime
1759 2499 1822 2561 et
1859 2494 2036 2559 valde
2067 2492 2388 2558 conferant
2419 2490 2496 2555 ad
2528 2509 2855 2555 commune
2950 2501 2965 2512 ·

381 2611 636 2685 bonum.
678 2608 755 2672 ad
802 2625 1192 2673 communem
1240 2607 1510 2687 quietem
1564 2605 1626 2666 et
1675 2600 1970 2666 ordinem.
2022 2599 2123 2661 Ita
2168 2617 2227 2660 v.
2263 2616 2356 2680 gr.
2406 2595 2612 2678 plures
2659 2594 2846 2677 legeS‚

380 2712 610 2795 quibus
658 2730 771 2775 sua
821 2710 1024 2774 officia
1072 2708 1576 2792 praescribuntur
1613 2703 1876 2787 publicis
1910 2698 2522 2765 administratoribus
2568 2715 2677 2760 seu
2724 2695 2854 2760 offi-

381 2816 646 2881 cialibus
695 2833 766 2878 ac
810 2812 1306 2898 magistratibu5‚
1356 2810 1580 2893 quibus
1628 2806 1929 2872 utendum
1978 2807 2072 2869 est
2117 2803 2181 2867 in
2227 2801 2491 2878 iudiciis,
2518 2801 2580 2865 in
2614 2800 2855 2865 contra-

383 2919 592 2984 ctibus
633 2920 748 2981 etc.

1114 3075 1291 3143 Unde
1338 3072 1735 3137 resolvuntur
1782 3069 1850 3130 1ιί
1904 3065 2125 3131 Cas-us.

489 3229 673 3284 XVIII.
707 3229 750 3278 1.
776 3225 1005 3281 Graviter
1043 3230 1229 3292 peccat,
1258 3221 1340 3288 qui
1377 3218 1642 3273 deliberate
1670 3214 1792 3270 etin
1825 3209 2022 3266 materia
2052 3223 2222 3274 magua
2247 3207 2401 3260 violat
2429 3212 2742 3271 praeceptum
2770 3204 2856 3256 6Ιί-

380 3318 514 3382 quod
543 3312 777 3377 Decalogi
803 3313 885 3366 vel
912 3308 1175 3365 Ecclesiae.

469 3432 659 3498 Clara
704 3432 818 3496 est.

491 3577 634 3630 XIX.
663 3577 712 3627 2.
739 3572 861 3627 Cum
905 3585 985 3624 res
1023 3568 1147 3624 Ievis
1185 3573 1275 3633 est,
1308 3579 1401 3617 non
1442 3567 1608 3630 peccat
1646 3557 1920 3612 mortaliter
1958 3552 2332 3618 transgrediens,
2361 3551 2453 3605 etsi
2491 3549 2725 3615 Superior
2762 3552 2856 3602 sub

383 3658 578 3714 mortali
607 3656 941 3725 praeceperit3
968 3654 1082 3721 quia
1115 3653 1165 3707 id
1196 3666 1307 3705 eum
1346 3662 1495 3717 posse
1532 3652 1708 3710 negant
1740 3646 1884 3696 Suar.
1912 3643 2084 3706 Layin.
2117 3637 2182 3693 de
2210 3638 2331 3708 Leq.
2359 3651 2402 3690 6.
2428 3635 2509 3689 14.
2539 3650 2586 3687 n.
2616 3638 2662 3688 2.
2695 3639 2745 3687 et
2770 3632 2854 3685 alii

382 3744 738 3800 communiter:
765 3757 813 3796 v.
834 3757 907 3808 gr.
928 3756 990 3795 ne
1018 3738 1129 3807 quis
1155 3741 1341 3801 frangat
1368 3732 1640 3794 silentium,
1668 3744 1728 3783 ne
1754 3729 1869 3781 edat
1893 3739 2059 3791 uvam,
2092 3730 2144 3776 ut
2171 3724 2366 3776 claudat
2393 3719 2572 3774 ostium
2601 3725 2690 3771 etc.
2708 3732 2720 3783 ;
2741 3716 2855 3782 quia

381 3839 458 3885 est
483 3846 561 3885 res
590 3843 740 3898 parva
773 3835 824 3881 61
846 3827 1052 3892 incapax
1080 3830 1242 3877 tantae
1271 3817 1601 3885 obligationis
1635 3817 1731 3868 Nec
1757 3813 1863 3879 ipse
1888 3814 2021 3865 Deus
2045 3810 2097 3862 in
2124 3806 2326 3861 materia
2356 3819 2509 3870 parva
2539 3805 2631 3855 sub
2659 3801 2855 3854 mortali

380 3915 586 3980 obligat.
605 3914 722 3967 vid.
745 3915 880 3966 Less.
907 3914 939 3964 l.
963 3914 1009 3963 2.
1031 3925 1074 3963 c.
1101 3909 1146 3961 4.
1168 3910 1215 3960 d.
1239 3908 1286 3961 9.
1312 3908 1452 3959 Salas
1480 3920 1524 3956 a.
1556 3904 1631 3955 10.
1654 3901 1701 3953 d.
1723 3899 1777 3951 7.

473 4033 656 4109 302.
690 4034 883 4100 Addit
921 4053 969 4097 3.
1009 4031 1194 4113 Alph.
1229 4048 1288 4092 n.
1329 4026 1476 4089 141.
1513 4018 2089 4087 communissimam
2136 4030 2266 4076 esse
2304 4005 2697 4073 sententiam.
2738 4004 2852 4067 A.:

377 4142 488 4208 sed
536 4139 713 4205 addit
758 4157 829 4202 ex
876 4134 1179 4201 Salmant.
1229 4130 1303 4192 de
1353 4127 1513 4192 Stat.
1563 4122 1743 4204 reliq.
1787 4123 1866 4184 tr.
1912 4120 2015 4181 15.
2050 4135 2101 4179 c.
2144 4114 2205 4178 6.
2239 4132 2298 4175 6.
2351 4110 2455 4175 86.
2505 4107 2855 4192 regularem

378 4244 736 4330 praelatum
782 4257 962 4324 posse
1008 4234 1353 4319 praecipere
1386 4229 1503 4294 sub
1548 4224 1728 4311 gravi
1759 4222 1843 4297 id,
1884 4218 2050 4302 quod
2080 4216 2145 4281 vi
2181 4212 2434 4299 regulae
2479 4208 2858 4294 praecipitur

377 4350 637 4413 tantum
685 4344 801 4410 sub
846 4341 990 4416 levi,
1030 4339 1082 4404 si
1130 4337 1320 4401 timor
1368 4335 1463 4399 est
1509 4350 1585 4395 ne
1633 4326 1851 4411 regula
1899 4322 2081 4387 aliter
2126 4337 2249 4384 non
2299 4316 2687 4387 observetur3
2728 4312 2855 4376 imo

374 4453 433 4517 13
482 4451 693 4534 potest
740 4444 1089 4531 praecipere
1136 4440 1251 4504 sub
1299 4436 1479 4523 gravi
1526 4432 1717 4497 etiam
1763 4429 1894 4505 illa,
1931 4444 2089 4507 quae
2135 4423 2198 4486 in
2247 4419 2464 4505 regula
2510 4435 2633 4482 non
2666 4414 2858 4480 conti-

377 4557 636 4626 nentum
687 4545 1025 4613 dummodo
1072 4539 1566 4607 Constitutiones
1614 4532 1860 4597 Ordinis
1908 4529 2004 4592 his
2052 4545 2174 4591 non
2225 4523 2490 4588 obstent.
2555 4518 2856 4598 Quocirca

546 4676 836 4723 8666631111,
870 4665 1044 4711 Mon-al.
1071 4665 1222 4707 Tomo
1248 4661 1290 4703 1.
2694 4640 2748 4679 21
