3529 5158
360 383 504 462 [436]
1202 407 1504 452 0661116110
1542 413 1620 451 m·
1658 411 1995 453 sunnam-10
2715 397 2819 451 421

367 498 830 574 interveniente,
881 504 1249 587 rescriptum
1295 524 1402 570 3611
1434 507 1812 591 dispensatio
1843 508 2125 574 vitiatur.
2163 508 2246 572 Et
2273 508 2498 573 merito
2535 508 2817 590 quidem:

377 620 525 666 nam
553 602 618 665 in
651 622 724 668 eo
758 623 906 668 casu
940 608 1248 673 concessio
1273 609 1549 692 procedit
1579 629 1650 674 ex
1680 611 2035 694 ignorantia
2066 630 2173 674 seu
2205 629 2427 684 errore,
2461 610 2636 691 atqui
2666 609 2821 673 nihil

371 704 504 793 tam
535 705 918 770 contrarium
966 709 1062 771 est
1105 711 1448 788 consensui,
1483 731 1671 794 quam
1702 731 1898 790 error:
1931 712 2154 777 merito
2184 731 2333 796 ergo
2379 711 2815 795 praesumitur,

360 805 574 870 abesse
603 826 986 874 consensum.

450 909 913 976 Advertendum
947 914 1157 978 tamen
1189 934 1311 980 non
1351 916 1693 998 quamlibet
1732 917 2117 981 reticentiam
2149 917 2434 981 veritatis
2466 916 2687 981 vitiare
2733 917 2821 980 di-

365 1014 841 1094 spensationem,
870 1016 974 1081 sed
1005 1017 1174 1082 illius
1200 1019 1503 1098 veritatiS,
1538 1040 1696 1103 quae
1727 1020 1802 1085 de
1823 1019 1968 1085 stilo
1999 1021 2210 1083 curiae
2241 1021 2631 1105 exprimenda
2654 1024 2816 1086 erat:

366 1114 640 1197 itemque
671 1136 794 1182 non
832 1119 1176 1199 quamlibet
1223 1121 1499 1186 additam
1536 1121 1879 1187 falsitatem
1908 1122 2159 1186 irritum
2194 1122 2393 1187 facere
2428 1123 2814 1206 rescriptum,

359 1216 470 1281 sed
494 1217 695 1282 solum
721 1237 876 1297 eam,
903 1238 1062 1302 quae
1085 1241 1157 1285 ex
1187 1222 1340 1299 iure,
1373 1224 1815 1289 consuetudine
1847 1226 1909 1288 et
1933 1224 2079 1288 stilo
2103 1224 2309 1288 curiae
2341 1224 2504 1288 hunc
2534 1224 2817 1288 effectum

361 1319 571 1383 habet.
614 1321 705 1385 De
735 1323 961 1403 quibus
992 1325 1179 1408 paulo
1211 1328 1370 1409 post.

455 1418 632 1493 436.
666 1424 853 1489 Hisce
898 1427 1269 1509 praemissis,
1309 1429 1384 1492 A.
1433 1430 1696 1511 quaerit,
1731 1449 1807 1493 an
1840 1429 2048 1493 valida
2081 1430 2165 1494 sit
2193 1430 2551 1513 impetratio
2583 1429 2821 1512 dispen-

361 1525 646 1604 sationis,
709 1546 766 1590 v.
823 1548 885 1612 g.
934 1529 998 1592 in
1043 1529 1482 1613 impedimento
1535 1532 1939 1608 matrimonii,
1990 1532 2044 1596 si
2089 1550 2196 1614 per
2239 1531 2660 1615 ignorantiam
2708 1533 2819 1595 aut

363 1627 831 1710 simplicitatem
861 1632 1000 1712 quis
1032 1632 1255 1696 falsam
1287 1652 1540 1698 causam
1571 1634 1869 1716 expressit
1902 1634 2013 1698 aut
2036 1634 2236 1697 tacuit
2266 1633 2740 1716 exprimendam.

451 1730 574 1811 Quj
597 1732 843 1814 quidem
868 1753 1048 1799 casus
1077 1735 1510 1818 multipliciter
1533 1737 1773 1800 evenire
1794 1736 2021 1819 potest,
2046 1754 2264 1818 nempe
2300 1736 2367 1798 10
2397 1737 2511 1799 aut
2547 1755 2617 1799 ex
2642 1737 2816 1819 parte

351 1834 553 1910 1111113,
594 1836 702 1917 (1111
747 1836 1200 1919 dispensatione
1230 1837 1473 1922 indiget
1504 1840 1567 1902 et
1601 1837 1794 1902 falsas
1831 1838 2058 1902 habeat
2083 1837 2399 1920 opiniones
2438 1837 2596 1901 circa
2627 1837 2813 1915 facta,

357 1958 419 2001 v.
453 1958 548 2021 gr.
587 1938 854 2023 gradum
885 1940 1230 2016 affinitatis,
1281 1940 1519 2004 statum
1552 1959 1813 2025 sponsae
1848 1961 1906 2006 v.
1947 1961 2041 2025 gr.
2076 1940 2243 2023 quod
2279 1940 2364 2004 sit
2393 1940 2650 2024 gravida
2697 1942 2811 2004 etc.
2908 2012 2911 2013 f

361 2042 433 2104 20
465 2040 581 2104 aut
609 2059 682 2104 ex
711 2043 887 2123 parte
910 2041 1267 2107 confessarii
1297 2043 1429 2106 sive
1459 2043 1611 2116 eius,
1644 2044 1752 2124 qui
1793 2061 1947 2107 onus
1978 2043 2239 2125 suscipit
2260 2042 2556 2125 petendae
2580 2042 2817 2125 dispen-

362 2142 645 2219 sationis»,
686 2144 914 2226 quique
945 2163 1068 2209 non
1114 2145 1266 2210 bene
1295 2164 1425 2209 1616
1470 2146 1817 2228 exploravit
1848 2147 1960 2209 aut
1995 2163 2315 2227 perperam
2345 2163 2475 2208 rem
2509 2144 2817 2208 intellexit

364 2247 480 2309 aut
514 2245 578 2308 in
625 2246 942 2312 scribendo
979 2247 1300 2331 quidpiam
1346 2247 1733 2313 obliviscitur
1779 2249 1892 2312 aut
1926 2248 2140 2323 nescit,
2189 2246 2339 2329 quid
2370 2247 2455 2311 sit
2483 2248 2817 2329 exprimen-

357 2348 511 2412 dum
543 2347 618 2413 de
648 2347 813 2412 iure:
849 2350 919 2412 3⁰
942 2349 1190 2414 demum
1222 2369 1294 2413 ex
1326 2350 1500 2433 parte
1530 2350 2015 2415 Procuratorum
2046 2349 2175 2414 sive
2206 2349 2552 2431 Ayentium
2583 2348 2819 2430 (111110-

367 2451 545 2534 cant)
567 2451 706 2526 etc„
734 2451 842 2533 qui
862 2451 1049 2517 modo
1081 2471 1154 2516 ex
1187 2452 1518 2517 oscitantia
1547 2453 1732 2518 modo
1766 2472 1837 2517 ex
1859 2451 2104 2516 malitia
2135 2450 2241 2533 (ad
2266 2449 2662 2515 obtinendam
2686 2451 2815 2515 scil.

367 2553 598 2619 certius
636 2552 1184 2640 dispensationem)
1229 2557 1521 2620 naturam
1565 2555 1876 2620 factorum
1905 2554 2262 2627 immutent,
2292 2553 2536 2639 fingant
2563 2555 2679 2618 etc.

461 2656 1010 2740 Respondetporro
1027 2657 1124 2738 A.‚
1152 2678 1222 2723 ex
1239 2659 1450 2723 Pontii
1466 2659 1772 2723 sententia
1790 2658 1991 2723 valide
2009 2657 2481 2722 matrimonium
2504 2657 2814 2722 contrahi:

362 2760 746 2824 contrarium
785 2761 993 2825 tamen
1025 2762 1220 2825 teneri
1251 2780 1287 2824 a
1324 2761 1518 2826 Palao
1550 2781 1620 2826 ex
1651 2781 1784 2845 cap.
1820 2760 2023 2841 Super
2058 2760 2289 2824 litteris
2325 2759 2400 2823 de
2429 2759 2816 2841 RescrzptiQ

357 2863 422 2925 et
459 2861 602 2926 dein
638 2862 907 2927 remittit
945 2863 1019 2927 ad
1059 2864 1327 2928 Dianam
1372 2865 1532 2947 part.
1583 2865 1642 2928 8.
1685 2865 1762 2928 tr.
1805 2866 1865 2928 3.
1900 2864 2080 2929 resol.
2116 2865 2221 2928 69.
2254 2864 2318 2928 in
2352 2863 2616 2929 ordinat.
2666 2864 2810 2928 edit.

360 2964 515 3027 tom.
548 2965 610 3027 3.
645 2966 826 3028 tract.
868 2967 929 3029 2.
961 2967 1142 3030 resol.
1187 2967 1332 3031 104.

452 3065 715 3131 Pontius
741 3068 1110 3133 sententiam
1142 3088 1320 3133 suam
1350 3069 1457 3133 lib.
1495 3071 1553 3132 8.
1581 3087 1713 3151 cap.
1745 3070 1847 3131 15.
1875 3088 1932 3131 n.
1964 3069 2022 3130 5.
2048 3068 2219 3149 prius
2243 3067 2421 3147 quasi
2454 3086 2524 3130 ex
2548 3068 2812 3130 aliorum

362 3170 569 3232 mente
601 3170 852 3251 promit,
901 3170 1213 3252 inquiens:
1254 3195 1288 3229 «
1327 3171 1419 3234 De
1456 3171 1602 3234 stilo
1633 3170 1861 3242 curiae,
1893 3168 2229 3232 secundum
2261 3186 2444 3248 quem
2476 3168 2647 3249 Papa
2694 3187 2815 3231 non

365 3269 700 3352 dispensat,
741 3271 847 3335 sed
893 3272 1234 3336 committit
1279 3271 1798 3355 dispensationem
1843 3269 2187 3345 ordinarie,
2229 3269 2565 3351 praemissa
2595 3288 2816 3333 causae

366 3373 716 3457 cognitione
747 3376 811 3439 et
840 3374 1276 3440 informatione
1309 3394 1491 3458 super
1521 3373 1785 3438 veritate
1815 3374 2229 3449 narratorum,
2269 3371 2471 3457 magis
2502 3372 2709 3456 potest
2739 3392 2816 3436 ea:

364 3475 758 3556 quorundam
793 3479 1103 3541 sententia
1145 3496 1362 3542 nocere
1408 3476 1725 3559 subreptio
1755 3475 1822 3539 in
1860 3475 2118 3540 tacendo
2150 3495 2384 3553 verum,
2418 3494 2609 3558 quam
2639 3476 2691 3540 si
2722 3495 2818 3541 ex-

368 3579 603 3663 primat
626 3579 872 3645 falsum.
907 3580 1071 3645 Nam
1100 3580 1416 3662 subreptio
1441 3579 1630 3661 (idest
1665 3578 1966 3663 obreptio)
1998 3579 2060 3642 in
2099 3577 2489 3661 exprimenda
2519 3579 2815 3658 falsitate,

361 3701 504 3746 cum
535 3681 899 3746 Ordinarius
930 3682 1286 3760 declaravit,
1321 3682 1686 3764 rescriptum
1717 3700 1840 3745 non
1873 3700 2002 3745 esse
2034 3682 2473 3765 subreptitium
2505 3684 2567 3746 et
2598 3701 2817 3747 causas

366 3785 428 3849 16
460 3803 533 3849 60
566 3786 891 3850 606166163
924 3804 1053 3850 6336
1075 3803 1264 3860 ,veras
1294 3788 1357 3849 et
1379 3785 1820 3866 consequenter
1849 3784 2228 3867 dispensavit
2258 3786 2320 3847 et
2342 3785 2557 3847 deinde
2580 3785 2819 3847 contra-

362 3888 535 3951 ctum
568 3889 664 3952 est
689 3887 1163 3953 matrimonium
1194 3906 1252 3951 v.
1278 3906 1372 3971 gr.
1398 3905 1519 3951 non
1549 3887 1757 3969 potest
1790 3887 2056 3969 amplius
2085 3885 2347 3961 irritari:
2381 3886 2677 3966 quoniam
2707 3886 2819 3949 illa

359 3989 701 4055 declaratio
734 3992 798 4055 et
837 3990 1142 4055 sententia
1178 3990 1485 4072 Episcopi,
1517 4008 1642 4070 qua
1666 3990 2003 4071 praemissa
2041 3987 2420 4069 dispensavit
2454 3987 2814 4070 Episcopus,

357 4093 610 4157 etiamsi
640 4092 867 4158 fuisset
893 4093 1148 4169 iniusta,
1181 4091 1305 4156 fuit
1334 4090 1544 4156 valida
1574 4092 1638 4154 et
1668 4091 1919 4154 transiit
1948 4091 2011 4153 in
2050 4109 2178 4153 rem
2207 4089 2546 4153 iudicatam
2579 4107 2650 4151 ex
2681 4108 2812 4172 cap.

368 4194 526 4259 Cum
561 4197 735 4260 inter
775 4197 877 4259 13.
904 4195 979 4259 dc
1008 4197 1162 4258 sent.
1197 4197 1259 4257 et
1291 4215 1359 4258 re
1392 4193 1671 4256 iudicata
1702 4218 1763 4253 ».
1797 4191 1912 4255 Sed
1946 4210 2077 4275 cap.
2118 4192 2218 4254 17.
2254 4211 2310 4255 6.
2353 4193 2458 4255 42.
2500 4191 2647 4254 dum
2680 4210 2818 4255 eam

359 4300 738 4364 sententiam
786 4294 1070 4363 absolute
1107 4297 1320 4360 tuetur
1367 4298 1439 4361 ut
1485 4315 1683 4373 suam,
1719 4296 1843 4358 tres
1875 4294 2051 4376 ponit
2081 4294 2343 4358 Pontius
2374 4293 2815 4359 11161161106631

369 4402 436 4463 10
459 4401 716 4484 (11166ᾶο
742 4420 778 4464 6
802 4399 1100 4484 principio
1125 4398 1494 4482 rescriptum
1527 4398 1648 4462 fuit
1672 4395 2111 4479 subreptitium
2143 4414 2283 4459 cum
2307 4395 2450 4459 dolo
2482 4396 2545 4459 et
2574 4395 2815 4459 fraude:

361 4506 433 4568 20
479 4505 736 4587 quando
783 4506 994 4580 163163,
1047 4501 1308 4566 adhibiti
1356 4521 1538 4585 super
1583 4519 1834 4583 precum
1882 4498 2161 4576 veritate,
2211 4498 2463 4563 fuerimt
2507 4498 2817 4582 corrupti:

358 4609 431 4672 30
462 4607 716 4691 quando
756 4604 1074 4689 subreptio
1105 4604 1417 4688 contingit
1438 4605 1502 4668 in
1535 4602 1795 4667 tacenda
1827 4601 2123 4666 veritate:
2159 4621 2316 4683 quae
2349 4602 2555 4665 omnia
2587 4602 2822 4666 senten-
