3529 5158
696 353 807 410 678
1509 368 1822 409 APPEme
1859 370 1898 409 1.
1936 366 2338 409 mssnznrxrio

775 465 959 530 Hunc
995 466 1206 529 autem
1252 464 1579 548 specialem
1613 484 1682 529 ac
1720 465 2202 529 determinatum
2251 483 2505 548 scopum
2555 465 2674 530 sibi
2722 484 2771 529 s.
2806 466 3143 530 Doctorem

686 570 750 632 in
797 586 867 631 ea
914 566 1344 631 dissertatione
1391 566 1838 651 praestituisse‚
1890 570 2063 650 patet
2108 567 2171 631 in
2219 568 2437 650 primis
2484 587 2558 632 ex
2589 568 2707 634 hoc
2745 568 2882 651 ipso
2920 569 3156 633 Disser-

682 669 940 734 tationis
987 670 1211 733 titulo:
1270 695 1302 728 «
1360 666 1741 733 Dissertatio
1790 667 2444 733 scholastico-moralis
2476 689 2602 750 pro
2660 690 2773 734 uso
2832 670 3145 735 moderato

689 771 1001 850 opinionis
1026 856 1029 861 μ
1034 771 1391 850 probabilis
1435 772 1505 834 in
1551 790 1854 834 concursu
1890 770 2343 850 probabilioris
2380 797 2440 835 ».

779 872 1010 936 Deinde
1041 892 1184 937 vero
1217 872 1281 936 id
1317 874 1492 955 patet
1530 892 1600 936 ex
1654 872 1788 955 ipso
1845 873 2321 938 Dissertationis
2372 873 2574 938 initio.
2626 872 2792 937 Nam
2841 874 3162 958 proposita

690 976 787 1040 his
816 975 1017 1040 verbis
1055 976 1449 1058 quaestione:
1497 973 1741 1043 Utrum.
1769 973 1957 1038 liceat
1998 995 2150 1040 usus
2195 976 2510 1056 opinionis
2525 975 2892 1056 probabilis
2919 978 2989 1040 in
3027 997 3167 1042 cmi-

690 1098 880 1142 cursu
912 1077 1385 1157 probabilioris,
1433 1096 1576 1142 mox
1623 1077 1873 1161 incipit:
1931 1103 1966 1137 ‹
2003 1076 2275 1143 Celebris
2322 1079 2418 1143 est
2463 1078 2782 1161 quaestio,
2848 1098 2927 1143 an
2980 1080 3167 1145 liceat

694 1181 867 1261 sequi
915 1179 1263 1263 opinionem
1310 1180 1514 1243 minus
1547 1178 1947 1262 probabilem,
1989 1179 2393 1262 probabiliori
2435 1180 2654 1244 relicta
2701 1205 2764 1243 ».
2816 1181 2891 1244 In
2939 1182 3166 1263 quibus

694 1284 896 1348 verbis
932 1282 1101 1346 vides
1134 1302 1480 1364 expressam
1526 1283 1970 1364 quaestionem,
2012 1302 2048 1346 a
2082 1303 2204 1365 qua
2235 1283 2300 1347 in
2338 1283 2623 1348 Editione
2667 1284 2869 1368 prima
2908 1284 3168 1349 Theolo-

695 1385 834 1469 giae
864 1385 1118 1449 moralis
1166 1404 1304 1447 ann.
1344 1384 1566 1460 1748.;
1595 1382 1835 1448 dixerat
1882 1404 1944 1449 se
1977 1384 2397 1467 praescindere
2448 1385 2603 1466 (vid.
2655 1404 2791 1468 sup.
2817 1405 2878 1449 n.
2921 1385 3063 1469 65.)
3106 1388 3167 1450 et

696 1489 773 1553 ad
803 1488 1106 1552 Auctores
1138 1489 1408 1570 undique
1434 1487 1743 1572 agitantes
1768 1488 2059 1553 lectorem
2092 1489 2478 1554 remittebat.

788 1590 887 1655 Sic
919 1590 1132 1655 deinde
1164 1609 1212 1655 s.
1248 1591 1483 1656 Doctor
1513 1591 1940 1673 prosequitur:
1983 1615 2018 1649 «
2050 1591 2250 1674 prima
2299 1591 2616 1656 sententia
2649 1594 2841 1678 negat
2873 1612 3020 1656 cum
3051 1589 3171 1656 Go-

697 1697 860 1771 neto‚
912 1690 1321 1769 Contensono‚
1371 1691 1628 1769 Geneto‚
1667 1693 1927 1768 Habert,
1963 1693 2196 1769 lucino,
2230 1693 2612 1759 Merbesio...
2662 1697 2725 1760 et
2755 1693 2910 1758 aliis
2945 1694 3172 1774 paneis

698 1797 806 1879 qui
843 1797 934 1860 ita
981 1796 1151 1859 enixe
1198 1814 1375 1859 suam
1424 1796 1795 1859 sententiam
1842 1798 2116 1873 tuentur,
2151 1797 2225 1859 ut
2269 1797 2487 1861 multis
2552 1797 2845 1863 conviciis
2895 1797 3174 1862 afficiant

699 1898 1028 1963 secundam
1074 1896 1464 1971 sententiam,
1515 1912 1617 1960 cm
1649 1912 1764 1960 Nos
1796 1912 2283 1961 SUSCRIBEMUS...
2319 1896 2607 1962 Secunda
2629 1899 2949 1963 sententia
2973 1898 3170 1974 docet,

697 2001 941 2065 licitum
974 2018 1104 2063 esse
1142 1999 1237 2062 uti
1286 1998 1568 2081 opinione
1616 1997 1809 2062 solide
1849 1998 2172 2081 probabili,
2214 1999 2630 2082 probabiliori
2680 2001 2931 2065 omissa.
2983 2002 3170 2065 Ita...

701 2122 889 2185 quam
914 2101 1229 2185 plurimi„
1271 2100 1529 2182 denique
1554 2100 1925 2164 sententiam
1949 2104 2230 2164 nostram
2251 2103 2476 2166 vocant
2499 2121 2896 2167 communem
2922 2101 3171 2176 Suarez,

701 2204 950 2279 Palam,
976 2204 1210 2267 Aversa
1243 2205 1401 2266 etc...
1430 2200 1717 2266 Sinamus
1742 2203 2086 2266 contrarios
2109 2203 2398 2281 clamare,
2425 2204 2590 2285 quod
2615 2206 2840 2269 nostra
2863 2198 3173 2269 sententia

700 2308 785 2372 sit
814 2325 975 2371 nova
1022 2309 1084 2369 et
1129 2323 1446 2386 nunquam
1485 2303 1794 2386 prioribus
1833 2304 2053 2368 seculis
2087 2304 2320 2370 audita.
2356 2305 2614 2371 Veritas
2647 2309 2773 2385 est,
2805 2305 2968 2387 quod
3015 2305 3168 2369 olim

702 2428 1019 2491 nunquam
1036 2408 1186 2472 haec
1211 2406 1491 2488 quaestio
1518 2406 1581 2469 in
1606 2407 1886 2470 terminis
1911 2407 2210 2488 expressis
2234 2406 2478 2491 agitata
2499 2407 2661 2484 suin
2690 2408 2795 2473 sed
2812 2426 2951 2472 ann.
2971 2407 3168 2470 1577.

701 2514 972 2598 primum
1002 2512 1277 2575 discussa
1310 2509 1433 2575 fuit
1464 2528 1500 2573 a
1532 2509 1619 2572 M.
1670 2508 1937 2586 Medma,
1974 2509 2082 2593 qui
2113 2510 2442 2596 benignam
2486 2511 2864 2577 sententiam
2895 2529 3177 2595 expresse

700 2617 913 2681 docuit
943 2617 1005 2679 et
1029 2616 1178 2678 haec
1205 2614 1281 2677 ab
1306 2632 1375 2677 eo
1409 2614 1685 2697 tempore
1708 2614 2233 2691 communissime‚
2263 2616 2336 2678 nt
2358 2613 2477 2697 ipsi
2503 2614 2851 2679 adversarii
2873 2615 3171 2688 fatentur,

702 2718 824 2782 fuit
858 2717 1207 2799 amplexata
1240 2740 1300 2778 ».

798 2819 900 2882 73.
932 2817 1209 2897 Denique
1241 2815 1405 2897 quod
1445 2835 1664 2898 scopus
1712 2836 1759 2881 s.
1801 2817 2088 2881 Doctoris
2119 2818 2184 2881 in
2231 2816 2349 2882 hac
2384 2818 2841 2884 Dissertatione
2890 2817 3172 2901 apposite

702 2921 939 2986 feratur
977 2918 1052 2982 ad
1090 2916 1602 3001 propugnandam
1633 2918 1792 2983 hanc
1829 2918 2144 2982 doctrinae
2176 2919 2524 2984 communis
2561 2921 2823 3003 partem,
2860 2918 3173 2983 evidenter

703 3025 947 3092 constat
994 3044 1064 3088 ex
1103 3023 1595 3087 adversariorum
1644 3022 2109 3098 obiectionibus,
2145 3041 2301 3106 quas
2332 3022 2560 3088 ibidem
2613 3042 2662 3088 s.
2702 3024 2943 3089 Doctor
2989 3022 3172 3088 refert

699 3132 762 3194 et
797 3127 1049 3193 refutat.
1084 3127 1177 3190 lta
1214 3145 1271 3188 v.
1308 3145 1431 3209 gr.:
1467 3149 1501 3182 «
1533 3123 1781 3188 Dicant
1810 3124 2252 3207 (adversarii),
2283 3124 2454 3207 qnod
2495 3125 2721 3191 saltem
2768 3125 3038 3190 tenenda
3083 3128 3172 3189 est

700 3229 927 3310 opinio,
970 3248 1127 3309 quae
1174 3227 1376 3308 maye's
1426 3246 1569 3289 vera
1615 3246 1754 3290 cum
1798 3226 2018 3308 aliqua
2063 3227 2410 3308 sufficienti
2441 3227 3028 3309 praeponderantia
3069 3248 3173 3307 ap-

695 3336 879 3413 paret
914 3357 973 3394 ».
1008 3330 1091 3394 Et
1126 3328 1318 3393 infra:
1354 3353 1388 3388 «
1421 3327 1689 3392 Falsum
1733 3333 1829 3392 est
1862 3328 2083 3403 dicere,
2118 3328 2287 3410 quod
2328 3332 2533 3393 maior
2566 3329 2997 3411 probabilitas
3043 3348 3176 3393 sen-

706 3435 931 3498 tentiae
978 3433 1168 3494 nnius
1213 3430 1410 3494 elidat
1453 3434 1513 3493 et
1557 3429 1844 3493 destruat
1884 3432 2239 3494 contrariae
2272 3429 2809 3510 probabilitatem,
2840 3434 3056 3511 prout,
3087 3428 3176 3492 di-

703 3540 869 3607 cant,
912 3535 1114 3597 maias
1136 3532 1385 3612 pondus
1417 3531 1655 3596 lancem
1689 3552 1813 3611 pro
1850 3552 1915 3596 se
1952 3532 2313 3597 inclinato».
2348 3533 2431 3598 Et
2460 3532 2659 3598 infra:
2693 3557 2730 3592 ⁴<
2760 3532 2898 3598 Nec
2917 3533 3175 3613 penitus

703 3657 918 3701 verum
969 3639 1078 3708 est,
1126 3635 1475 3714 opinionem
1516 3634 2010 3714 probabiliorem
2057 3639 2338 3714 respectu
2391 3636 2602 3699 minu-s
2637 3634 2995 3716 probabilis
3049 3654 3176 3699 esse

706 3738 1028 3804 moraliter
1072 3742 1305 3802 certam
1334 3764 1395 3801 ».
1430 3738 1513 3802 Et
1556 3738 1745 3802 infra:
1780 3762 1816 3795 ι
1857 3736 2038 3818 Quod
2081 3735 2268 3801 liceat
2310 3739 2665 3819 opinionem
2708 3738 2921 3802 minus
2952 3738 3178 3818 proba·

706 3843 890 3908 bilem
934 3842 1129 3923 sequi,
1156 3839 1573 3921 probabiliori
1616 3839 1858 3913 relicta,
1898 3843 2142 3904 constat
2185 3860 2263 3903 ex
2310 3838 2578 3904 Decreto
2623 3843 2734 3904 etc.
2771 3866 2831 3903 ».
2865 3839 2951 3904 Et
2979 3840 3172 3904 infra:

713 3973 747 4005 ‹
773 3945 953 4019 Peto,
980 3945 1089 4008 nbi
1116 3942 1471 4008 adversarii
1492 3941 1775 4005 indicare
1787 3945 2075 4022 possunt,
2103 3941 2299 4023 leyem
2321 3940 2483 4005 hanc
2513 3960 2647 4006 esse
2668 3943 2992 4021 scriptam,
3017 3939 3181 4023 quod

706 4069 819 4113 nos
852 4052 1188 4118 teneamur,
1216 4047 1384 4109 inter
1408 4045 1728 4125 opiniones
1752 4043 2132 4124 probabiles,
2148 4042 2612 4123 probabiliores
2633 4043 2860 4125 sequi?
2883 4042 2965 4107 Et
2987 4041 3170 4107 infra:

712 4179 747 4211 α
779 4151 1059 4216 Dicunt:
1099 4149 1346 4231 qnando
1380 4168 1504 4228 pro
1552 4146 1681 4229 leye
1716 4147 2113 4227 probabilior
2157 4147 2367 4226 opinio
2407 4165 2518 4210 eeu
2564 4146 2734 4211 ratio
2762 4145 3024 4218 assistit,
3070 4148 3175 4208 sat

708 4253 823 4315 illa
870 4253 1063 4334 leyem
1110 4250 1381 4314 elucidat
1425 4254 1488 4314 et
1527 4249 1616 4314 acl
1659 4249 1853 4332 leqem
1897 4249 2260 4330 adstrinyit.
2297 4246 2742 4329 Rae-spondetur
2774 4249 3021 4327 prinw:
3053 4247 3178 4313 Ne·

708 4357 897 4436 yatur
942 4354 1211 4425 omnino,
1252 4351 1419 4434 quod
1445 4350 1800 4416 huiusmodi
1838 4350 1993 4432 lepis
2039 4348 2379 4414 declaratio
2414 4348 2632 4424 dubia,
2671 4352 2882 4429 utpote
2918 4352 3062 4413 orta
3104 4369 3179 4413 ex

709 4455 995 4535 opinione
1040 4454 1317 4533 frillibili,
1359 4455 1479 4519 etsi
1509 4453 1951 4534 probabiliori,
1984 4453 2074 4517 acl
2105 4452 2300 4535 leyem
2345 4450 2625 4534 obliyare
2648 4449 2860 4531 possit
2891 4476 2954 4515 ».
2985 4451 3175 4534 Atqui

712 4555 1037 4621 manifeste
1083 4556 1436 4621 huiusmodi
1494 4556 1866 4622 obiectiones
1913 4576 2034 4622 non
2082 4556 2272 4620 aliam
2328 4554 2555 4620 thesim
2607 4554 2942 4637 impetunt,
2992 4572 3175 4636 qnam
