3529 5158
728 378 853 418 mm
1594 376 1805 415 smum&
1843 372 2317 413 CHRONOLOGICA

1571 561 1669 606 DE
1718 559 2026 607 DUPLICI
2077 558 2336 606 AMORE

1086 691 1185 750 De
1230 698 1396 767 gyrat.
1434 692 1493 767 ξ.
1534 694 1593 750 8.

815 782 921 840 23.
956 780 1282 841 Doctrina
1329 780 1578 857 Synodi
1627 780 1712 840 (16
1755 780 2011 855 duplici
2057 796 2280 841 amore
2316 780 2748 855 (dominantis
2794 780 3190 856 cupiditatu‘s

724 873 797 931 et
831 870 1131 931 caritatis
1176 870 1606 942 dominantis)
1654 870 2040 943 enuntians,
2076 870 2411 930 hominem
2445 869 2590 929 sine
2624 869 2844 946 gratia
2890 884 3035 930 esse
3067 870 3192 931 sub

726 960 1055 1021 servitute
1088 960 1342 1035 peccati
1377 960 1731 1034 ipsumque
1780 959 1850 1018 in
1882 975 1960 1018 eo
2008 962 2190 1019 statu
2224 975 2343 1034 per
2390 959 2764 1035 generalem
2800 959 3192 1033 cupiditatis

729 1048 1139 1109 dominantis
1170 1048 1503 1108 influxum
1534 1065 1763 1108 omnes
1803 1065 1958 1107 snas
2005 1049 2302 1107 actiones
2350 1048 2618 1108 inficere
2648 1052 2719 1107 et
2749 1064 3190 1125 corrumpere,

822 1138 1171 1210 Quatenus
1217 1138 1537 1213 insinuat,
1586 1137 1656 1195 in
1703 1137 1989 1209 homine,
2041 1137 2198 1196 dum
2247 1140 2352 1197 est
2396 1138 2522 1197 sub
2568 1137 2898 1198 servitute
2946 1136 3091 1198 sive
3121 1138 3191 1196 in

729 1230 915 1287 statu
945 1227 1204 1303 peccati
1234 1227 1604 1288 destitutus
1637 1226 1859 1301 gratia
1902 1226 2039 1301 illa,
2075 1243 2210 1301 qua
2257 1227 2581 1286 liberatur
2612 1243 2653 1286 a
2684 1226 3013 1287 servitute
3045 1243 3193 1302 pec-

730 1316 861 1375 cati
909 1320 979 1376 et
1025 1316 1458 1377 constituitur
1504 1315 1682 1375 filius
1729 1315 1879 1392 Dei,
1930 1315 2027 1375 sic
2074 1312 2399 1375 dominari
2448 1315 2907 1391 cupiditatem,
2949 1318 3029 1375 nt
3073 1332 3193 1391 per

731 1406 1109 1480 generalem
1141 1406 1342 1465 huius
1388 1405 1713 1465 inflmmm
1749 1421 1979 1463 omnes
2019 1404 2201 1464 illius
2247 1405 2545 1464 actiones
2583 1405 2653 1463 in
2704 1421 2773 1464 se
2808 1404 3194 1465 inficiantur

730 1498 799 1553 et
830 1500 1342 1571 corrumpantur
1371 1501 1491 1556 aut
1521 1511 1721 1569 opera
1751 1493 1995 1569 omnia,
2022 1511 2192 1568 quae
2225 1498 2383 1553 ante
2415 1493 2955 1554 iustificationem
2995 1494 3187 1570 fiunt,

728 1600 1151 1659 quacumque
1196 1584 1454 1643 ratione
1503 1585 1687 1659 fiant,
1740 1582 1878 1642 sint
1923 1587 2225 1658 peccata,

820 1672 1026 1745 Quasi
1063 1673 1131 1731 in
1179 1674 1487 1732 omnibus
1529 1673 1670 1731 suis
1716 1673 1980 1732 actibus
2027 1677 2336 1748 peccator
2373 1672 2625 1731 serviat
2671 1671 3044 1731 dominanti
3076 1690 3193 1733 cu-

729 1760 1035 1835 piditati:

820 1850 1036 1926 Falsa,
1071 1852 1460 1926 perniciosa,
1496 1851 1824 1911 inducens
1874 1851 1943 1910 in
1974 1867 2258 1911 errorem
2293 1868 2334 1910 a
2366 1850 2760 1910 Tridentino
2803 1849 3194 1911 damnatum

910 1943 987 1998 ut
1030 1940 1460 2015 haereticum,
1497 1943 1736 2000 iterum
1790 1943 1857 2000 in
1908 1941 2073 1999 Baio
2121 1941 2509 2000 damnatum
2558 1942 2683 1999 art.
2719 1942 2822 1999 40.
2865 1940 2923 2016 ἓ.
2962 1941 3067 1999 12.

823 2065 927 2121 24.
964 2065 1114 2136 Qua
1141 2081 1303 2125 vero
1335 2069 1525 2140 parte
1559 2065 1733 2124 inter
1764 2066 2223 2126 dominantem
2260 2064 2700 2140 cupiditatem
2738 2067 2809 2124 et
2845 2065 3194 2124 caritatem

731 2151 1184 2213 dominantem
1231 2155 1401 2214 nulli
1449 2160 1799 2229 ponuntur
1845 2154 2127 2213 affectus
2175 2153 2377 2213 medii
2424 2171 2465 2213 a
2512 2158 2757 2214 natura
2811 2153 2958 2228 ipsa
3004 2153 3193 2214 insiti

731 2246 1105 2318 suapteque
1160 2246 1401 2303 natura
1461 2243 1853 2319 laudabiles,
1904 2243 2018 2319 qni
2078 2261 2212 2302 una
2259 2260 2408 2303 cum
2475 2259 2697 2303 amore
2752 2243 3194 2303 beatitudinis

731 2332 1161 2408 naturalique
1206 2334 1649 2417 propensione
1697 2333 1781 2393 ad
1831 2333 2078 2393 bonum
2126 2338 2564 2391 remanserunt
2599 2333 2765 2391 velut
2804 2338 3084 2391 extrema
3118 2333 3195 2392 zi-

734 2428 1063 2481 ncamcnta
1093 2429 1153 2481 ec
1183 2423 1489 2499 reliquiae
1519 2424 1838 2499 imayinis,

823 2511 927 2570 Ex
975 2528 1025 2571 s.
1062 2514 1355 2589 August.
1391 2511 1473 2571 de
1513 2512 1685 2589 Spir.
1722 2517 1793 2572 et
1837 2512 1970 2572 litt.
2003 2530 2145 2588 cap.
2183 2514 2287 2571 28.

820 2601 1108 2662 Perinde
1152 2619 1229 2661 ac
1275 2602 1331 2661 si
1379 2603 1545 2661 inter
1604 2602 1996 2662 dilectionem
2043 2603 2344 2678 divinam,
2396 2619 2552 2678 quae
2607 2618 2720 2660 nos
2766 2601 3063 2678 perducit
3109 2602 3193 2660 acl

731 2707 991 2767 reymtm
1029 2696 1088 2749 ct
1117 2690 1509 2749 dilectionem
1559 2692 1898 2750 humanam
1951 2691 2265 2766 illicitam,
2302 2709 2459 2767 quac
2489 2692 2856 2764 damnatur,
2891 2706 3027 2749 non
3076 2690 3190 2773 da-

727 2782 915 2838 retur
960 2779 1211 2838 dilectio
1260 2780 1537 2838 humana
1586 2781 1785 2856 licita,
1839 2798 1996 2856 quac
2031 2797 2155 2839 mm
2207 2780 2721 2858 reprehenditur.-

822 2868 924 2927 ΕΚ
971 2884 1021 2927 a.
1065 2872 1358 2944 August.
1401 2886 1592 2929 serm.
1629 2873 1779 2930 349.
1822 2871 1902 2929 de
1951 2870 2162 2946 carit.,
2196 2870 2355 2930 edit.
2390 2869 2675 2928 mantin.

1623 2960 1840 3036 Falsa,
1890 2960 2058 3018 alias
2106 2959 2438 3018 damnata.

1562 3135 1660 3181 DE
1709 3134 1994 3181 TIMORE
2047 3133 2348 3181 SERVILI

1088 3266 1189 3326 De
1222 3267 1461 3344 poenit.
1504 3267 1563 3344 ξ.
1604 3268 1665 3325 3.

822 3356 927 3414 25.
954 3356 1295 3430 Doctrina,
1330 3373 1502 3432 quae
1533 3355 1839 3416 timorem
1878 3372 2241 3432 poenarum
2275 3354 2644 3430 generatim
2693 3354 3005 3430 perhibet
3036 3356 3196 3414 dun-

732 3449 916 3503 taoeat
968 3462 1096 3503 non
1147 3462 1330 3521 posse
1386 3445 1511 3503 (lici
1567 3446 1825 3522 malum,
1893 3445 1949 3503 si
2005 3445 2227 3503 saltem
2282 3443 2589 3520 pertinyit
2652 3445 2735 3503 ad
2793 3443 3197 3504 cohibendam

734 3549 1009 3606 manum,

821 3620 1028 3694 Quasi
1091 3623 1289 3683 timor
1343 3624 1487 3698 ipse
1542 3623 1908 3698 gehennae,
1959 3639 2160 3697 quam
2217 3622 2381 3682 fides
2438 3623 2632 3682 docet
2687 3629 2960 3697 peccato
3018 3622 3193 3681 infli-

731 3712 1034 3790 gendam,
1071 3729 1204 3772 non
1236 3714 1326 3773 sit
1357 3713 1427 3772 in
1461 3728 1530 3772 se
1562 3712 1780 3771 bonus
1826 3717 1898 3771 et
1926 3711 2136 3784 utilis,
2172 3713 2364 3772 velut
2395 3712 2642 3770 donum
2684 3712 3194 3787 supernaturale

729 3816 806 3860 ac
854 3810 1071 3863 motus
1119 3819 1159 3861 a
1206 3803 1350 3862 Deo
1396 3802 1786 3877 inspiratus,
1837 3817 2244 3876 praeparans
2291 3801 2376 3860 ad
2426 3817 2715 3860 amorem
2764 3799 3102 3860 iustitiae:

827 3894 1042 3968 Falsa,
1091 3892 1463 3968 temeraria,
1513 3891 1906 3968 perniciosa,
1943 3890 2196 3950 divinis
2245 3889 2439 3949 donis
2489 3889 2830 3966 iniuriosa,
2867 3889 3035 3949 alias
3077 3888 3192 3949 da-

906 3988 1151 4057 mnata,
1202 3981 1535 4043 contraria
1580 3980 1923 4041 doctrinae
1974 3980 2255 4040 Concilii
2306 3978 2701 4056 Tridentini,
2732 3984 2876 4038 tum
2908 3981 2979 4039 et
3021 3995 3195 4039 com-

906 4074 1092 4132 muni
1126 4073 1403 4132 Patrnm
1437 4071 1837 4131 sententiae:
1866 4087 2020 4146 opus
2053 4086 2210 4129 aesc.-
2239 4070 2432 4129 iuxta
2463 4072 2856 4128 consuetum
2888 4068 3188 4129 ordinem

907 4161 1436 4237 praeparationis
1485 4160 1568 4220 ad
1620 4159 1965 4236 iustitiam,
2016 4165 2086 4217 ut
2135 4160 2330 4219 intret
2362 4160 2555 4217 timor
2589 4159 2828 4235 primO,
2861 4174 2981 4233 per
3018 4176 3195 4236 quem

910 4251 1120 4309 veniat
1156 4252 1429 4308 caritas.-
1466 4250 1658 4307 timor
1690 4249 2226 4318 medicamentum,
2278 4249 2518 4307 caritas
2565 4248 2829 4306 sanitas.

822 4343 923 4402 Ex
956 4357 1005 4398 s.
1043 4342 1335 4410 August.
1372 4339 1441 4397 in
1475 4339 1668 4413 epist.
1711 4339 1806 4397 10.
1842 4356 1985 4413 cap.
2031 4342 2088 4397 4.
2126 4343 2320 4398 tract.
2362 4341 2420 4396 9.
2455 4356 2634 4396 num.
2674 4341 2732 4396 4.
2772 4340 2830 4396 5.
2863 4370 2942 4380 —
2979 4337 3063 4395 In
3095 4338 3190 4396 Io.

730 4448 970 4506 evang.
1021 4434 1213 4488 tract.
1266 4430 1368 4486 41.
1420 4443 1599 4486 num.
1653 4432 1755 4486 10.
1813 4460 1886 4471 -
1945 4428 2174 4487 Enarr.
2227 4428 2294 4486 in
2346 4428 2508 4502 psal.
2563 4427 2710 4486 127.
2763 4443 2942 4484 1111111.
3001 4428 3056 4485 7.
3113 4460 3188 4469 -

732 4521 940 4582 Serm.
980 4520 1125 4577 157.
1163 4518 1244 4578 (16
1292 4516 1513 4576 verbis
1561 4517 1870 4591 Apostoli
1922 4534 2101 4577 num.
2140 4519 2242 4576 13.
2282 4550 2361 4560 -
2401 4517 2607 4576 Serm.
2647 4518 2793 4575 161.
2835 4515 2917 4574 (16
2967 4516 3195 4575 verbis

732 4608 1046 4687 Apostoli
1096 4625 1273 4666 num.
1311 4617 1369 4665 11.
1415 4638 1497 4649 -
1532 4607 1735 4665 Serm.
1773 4609 1924 4667 349.
1961 4608 2044 4666 de
2092 4608 2371 4666 caritate
2420 4623 2598 4664 num.
2640 4607 2696 4664 7.
