3529 5158
724 378 837 434 460
1266 390 1482 433 'ram-r.
1523 390 1602 432 ιν.
1643 389 1728 429 nn
1764 388 2070 430 nnooxrrs.
2108 387 2308 430 capur-
2342 392 2384 431 1.
2421 389 2565 433 nun.
2602 391 2643 430 1.
3046 376 3190 444 [486]

821 485 999 560 488.
1026 489 1299 554 Dimissa
1322 487 1521 570 igitur
1544 486 1793 551 fallacia
1824 487 1967 562 ista,
1993 504 2188 550 unum
2221 485 2588 551 adnotemus
2618 506 2760 551 cum
2790 505 2839 551 S.
2865 487 3092 551 Thom.
3119 486 3192 550 de

737 592 907 659 Mal.
936 612 993 673 q.
1023 594 1083 655 2.
1112 593 1231 656 art.
1261 592 1344 665 1.,
1370 609 1587 672 nempe
1610 590 1932 671 peceatum
1964 589 2319 672 contingere
2341 607 2413 652 ex
2436 589 2573 666 hoc,
2598 587 2764 670 quod
2787 588 3139 653 declinatur
3161 609 3197 655 a

723 713 1028 760 mensura
1059 694 1269 758 debita
1309 692 1704 776 operationis.
1738 690 1830 755 Ex
1866 709 1989 772 quo
2020 690 2407 774 intelligetiS‚
2441 691 2674 773 peccati
2721 692 3043 755 notionem
3074 692 3198 756 tra-

729 796 932 861 ditam
973 815 1009 859 a
1058 795 1287 860 scholis
1333 813 1454 859 non
1501 793 1777 858 recedere
1817 812 1851 856 a
1891 792 2204 856 communi
2248 791 2622 869 definitione,
2656 792 2822 875 quod
2867 794 3195 876 peccatum

726 900 813 964 sit
842 893 1066 971 άνῡμία
1099 918 1208 964 seu
1245 898 1403 982 legis
1438 896 1869 980 transgressio.

821 1003 922 1065 Ita
957 1021 1006 1066 s.
1042 1002 1285 1065 Thom.:
1327 1025 1362 1057 «
1386 1000 1737 1072 Peccatum,
1774 999 1847 1061 ut
1877 997 2028 1062 dicit
2058 998 2537 1081 Philosophus...
2562 998 2873 1082 contingit
2901 1000 2969 1063 et
2998 999 3064 1062 in
3096 998 3192 1063 his

733 1122 895 1185 quae
942 1105 1091 1168 sunt
1136 1101 1473 1166 secundum
1519 1101 1811 1164 naturam
1848 1102 1912 1164 et
1947 1100 2011 1163 in
2041 1100 2139 1163 his
2185 1117 2344 1181 quae
2389 1101 2539 1165 sunt
2582 1100 2921 1164 secundum
2967 1101 3188 1178 artem,

740 1205 986 1286 quando
1018 1224 1140 1269 non
1172 1203 1571 1285 consequitur
1601 1202 1786 1266 finem
1815 1204 2043 1266 natura
2074 1202 2172 1266 vel
2203 1220 2323 1279 am,
2362 1204 2613 1285 propter
2658 1220 2842 1283 quem
2874 1204 3189 1284 operatur.

651 1315 655 1319 ’
734 1306 913 1386 Quod
938 1309 1152 1372 autem
1175 1308 1357 1371 finem
1381 1325 1503 1370 non
1534 1306 1950 1387 consequatur
1981 1323 2238 1387 operans
2262 1324 2369 1387 per
2400 1306 2599 1369 artem
2623 1304 2721 1368 vel
2743 1324 2849 1386 per
2871 1307 3188 1380 naturam,

727 1409 1037 1492 contingit
1073 1428 1144 1472 ex
1190 1409 1325 1486 hoc,
1359 1408 1523 1489 quod
1555 1405 1907 1469 declinatur
1937 1427 1978 1468 a
2007 1426 2303 1469 mensura
2339 1409 2402 1469 et
2433 1405 2654 1486 reqala
2690 1405 2932 1470 debitae
2979 1426 3192 1485 opera-

728 1512 917 1574 tionis
936 1532 957 1588 ,·
995 1531 1154 1594 quae
1187 1510 1435 1592 quidem
1483 1510 1546 1573 in
1578 1509 1973 1573 naturalibus
2019 1511 2115 1573 est
2158 1509 2296 1592 ipsa
2325 1512 2587 1573 naturae
2633 1509 2954 1574 inclinatio
2988 1530 3194 1574 conse-

734 1633 926 1695 quens
954 1614 1230 1695 aliquam
1260 1613 1554 1690 formam3
1588 1613 1651 1675 in
1686 1611 2115 1676 artificialibus
2146 1630 2291 1676 vero
2339 1614 2434 1676 est
2463 1612 2598 1694 ipsa
2629 1612 2847 1696 regula
2881 1612 3062 1677 artis.
3096 1611 3195 1677 Sic

731 1737 879 1801 ergo
911 1718 973 1781 in
1008 1720 1259 1802 peccato
1293 1716 1417 1781 duo
1455 1717 1716 1799 possunt
1749 1714 2007 1791 attendi,
2040 1714 2173 1778 scil.
2206 1733 2478 1778 recessus
2511 1733 2548 1777 a
2578 1715 2796 1798 regula
2826 1714 2928 1778 vel
2961 1734 2999 1779 a
3032 1734 3196 1778 men-

730 1838 897 1896 sura,
934 1823 998 1886 et
1032 1839 1306 1885 recessus
1342 1837 1378 1882 a
1409 1818 1548 1882 fine.
1582 1815 1906 1900 Contingit
1953 1817 2164 1881 autem
2195 1816 2563 1898 quandoque
2598 1807 2874 1881 recedere
2907 1836 2944 1880 a
2977 1817 3101 1881 fine
3132 1819 3194 1881 et

736 1941 855 1986 non
887 1922 1164 1986 recedere
1203 1942 1240 1985 a
1270 1921 1487 2004 regula
1520 1920 1616 1983 vel
1651 1939 1685 1982 a
1718 1938 2025 1994 mensura,
2053 1939 2176 2000 qua
2208 1919 2348 2000 quis
2379 1921 2672 2001 operatur
2700 1921 2954 2002 propter
2986 1919 3192 2000 finem,

730 2025 882 2089 etin
914 2027 1141 2089 natura
1173 2028 1237 2087 et
1265 2024 1329 2086 in
1363 2024 1515 2086 arte.
1543 2023 1615 2086 In
1646 2025 1873 2086 natura
1898 2021 2165 2102 quidem,
2192 2022 2356 2085 sicut
2385 2021 2437 2085 si
2475 2021 2540 2084 in
2563 2021 2886 2086 stomacho
2921 2024 3194 2103 ponatur

738 2126 972 2207 aliquid
1005 2145 1126 2190 non
1159 2125 1529 2208 digestibile‚
1557 2126 1629 2188 ut
1657 2123 1891 2187 ferrum
1917 2123 2012 2186 vel
2036 2124 2229 2206 lapis3
2257 2123 2530 2190 defectus
2561 2123 2927 2208 digestionis
2962 2125 3194 2206 absque

731 2231 982 2314 peccato
1029 2232 1291 2294 naturae
1338 2228 1663 2312 contingit.
1705 2226 2006 2291 Similiter
2042 2227 2313 2291 medicus
2361 2229 2414 2292 si
2459 2228 2794 2293 secundum
2833 2229 3037 2292 artem
3084 2229 3194 2293 dat

734 2333 1049 2415 potionem
1081 2335 1145 2398 et
1176 2332 1457 2396 infirmus
1482 2349 1603 2395 non
1634 2333 1907 2405 sanetur,
1936 2330 2033 2394 vel
2064 2332 2210 2411 quia
2234 2331 2424 2395 habet
2443 2332 2733 2396 morbum
2761 2333 3192 2407 incurabilem,

733 2437 831 2500 vel
863 2437 1010 2517 quia
1059 2434 1293 2517 aliquid
1331 2436 1546 2499 contra
1584 2452 1763 2496 suam
1810 2433 2198 2497 sanationem
2245 2435 2413 2516 agit;
2452 2434 2724 2498 medicus
2771 2435 3023 2516 quidem
3070 2455 3191 2501 non

735 2540 966 2623 peccat,
1000 2539 1146 2603 licet
1176 2538 1361 2602 finem
1393 2555 1515 2602 non
1548 2537 1980 2617 consequatur.
2015 2534 2081 2600 Si
2119 2536 2331 2601 autem
2366 2555 2398 2601 e
2429 2555 2722 2603 converso
2770 2537 2956 2602 finem
2990 2557 3198 2604 conse-

736 2646 1049 2726 queretur,
1084 2642 1188 2706 sed
1220 2644 1429 2706 tamen
1461 2660 1495 2704 a
1534 2640 1752 2723 regula
1800 2639 1953 2702 artis
1991 2639 2351 2716 diverteret3
2378 2641 2779 2706 nihilominus
2825 2661 3081 2725 peccare
3112 2643 3198 2706 di-

735 2748 995 2810 ceretur.
1030 2744 1121 2807 Ex
1168 2763 1289 2824 quo
1338 2745 1531 2826 patet,
1571 2741 1736 2824 quod
1782 2741 1984 2825 magis
2030 2744 2127 2806 est
2170 2743 2245 2807 de
2289 2742 2530 2808 ratione
2575 2744 2810 2826 peccati
2857 2746 3195 2828 praeterire

736 2848 1019 2931 regulam
1053 2848 1333 2924 actionis,
1368 2865 1556 2928 quam
1595 2845 1786 2908 etiam
1833 2843 2085 2908 deficere
2122 2845 2203 2908 ab
2241 2846 2500 2910 actionis
2547 2846 2684 2909 fine.
2716 2846 2853 2911 Hoc
2899 2849 3001 2912 est
3047 2868 3192 2933 ergo

733 2950 809 3014 de
854 2950 1094 3014 ratione
1131 2949 1385 3031 peccati,
1422 2948 1550 3012 sive
1598 2947 1660 3008 in
1706 2948 1934 3010 natura
1972 2946 2101 3011 sive
2137 2947 2201 3011 in
2233 2950 2366 3011 arte
2412 2949 2540 3011 sive
2577 2949 2639 3011 in
2677 2949 2978 3027 moribus,
3029 2950 3192 3032 quod

731 3052 1065 3136 opponitur
1100 3052 1352 3135 regulae
1385 3049 1644 3114 actionis
1670 3074 1730 3110 ».

817 3155 899 3219 Et
927 3155 1001 3219 de
1032 3154 1129 3217 his
1161 3154 1333 3217 satis.

822 3252 999 3326 487.
1035 3257 1382 3339 Diligenter
1429 3252 1802 3317 attendenda
1834 3255 1929 3317 est
1976 3254 2109 3319 heic
2155 3255 2435 3319 doctrina
2478 3254 2790 3328 Auctoris,
2823 3256 2887 3320 in
2936 3276 3088 3339 qua,
3120 3260 3193 3322 ut

733 3359 1003 3423 diximus
1037 3378 1172 3441 sup.
1206 3378 1266 3421 n.
1306 3357 1384 3433 1.,
1420 3356 1740 3420 exhibetur
1771 3374 2016 3420 summa
2047 3356 2245 3421 totius
2275 3357 2590 3421 doctrinae
2621 3357 2781 3421 circa
2813 3359 3195 3427 voluntarie-

730 3462 929 3524 tatem
964 3480 1033 3523 ac
1063 3459 1485 3524 moralitatem
1519 3460 1793 3522 actuum.

826 3561 1033 3645 Negat
1064 3562 1318 3639 Auctor,
1360 3561 1437 3624 ad
1485 3560 1858 3642 peccandum
1904 3561 2183 3625 sufficere
2229 3560 2576 3625 libertatem
2621 3564 2685 3627 et
2733 3562 3190 3631 advertentiam

736 3813 890 3866 origo.
912 3810 1064 3853 Porro
1081 3809 1123 3851 ei
1144 3808 1231 3850 isti
1259 3805 1542 3860 philosophi
1563 3805 1614 3847 id
1632 3808 1838 3848 tanturn
1859 3807 2136 3849 voluerunt
2150 3805 2332 3857 dicere,
2352 3808 2498 3848 actus
2517 3805 2809 3849 huiusmodi
2827 3807 3193 3854 indeliberata»

739 3877 1025 3921 voluntatis
1040 3888 1144 3919 esse
1173 3874 1266 3917 hoo
1285 3885 1436 3916 sensu
1454 3877 1676 3926 peecata,
1689 3875 1945 3926 quatenus
1971 3876 2117 3915 actus
2129 3876 2251 3915 sunt
2279 3872 2692 3916 inconvenientes
2707 3880 2927 3917 naturae
2945 3877 3193 3921 rationali

750 3943 1047 3999 praesertim
1068 3942 1297 3984 elevatae
1311 3942 1363 3981 et
1382 3952 1443 3982 ex
1463 3944 1667 3993 peceato
1690 3946 1861 3980 ortum
1882 3939 2078 3981 ducunt
2093 3942 2143 3981 et
2162 3939 2225 3981 ad
2245 3942 2509 3993 peccatum
2527 3929 2782 3982 inclinant
2806 3944 2968 3995 atque
2988 3946 3195 3997 peccata

740 4025 846 4055 esse
873 4009 1171 4060 necessaris,
1188 4018 1245 4049 eo
1272 4005 1405 4060 quod
1434 4010 1576 4049 aetus
1604 4007 1725 4048 sunt
1752 4005 2020 4048 necessarii
2049 4018 2148 4047 non
2177 4004 2339 4058 liberi,
2361 4016 2461 4048 non
2489 4006 2732 4048 videntur
2760 4008 3193 4061 reprehendendi3

743 4096 859 4127 oum
890 4087 941 4126 et
969 4094 1009 4123 s.
1029 4079 1243 4122 Thomas
1269 4076 1545 4121 identidem
1575 4089 1635 4120 ex
1665 4077 1952 4131 Augustino
1977 4076 2148 4119 eodem
2173 4078 2322 4130 pacto
2349 4077 2607 4130 loquatur.
2635 4077 2695 4120 In
2723 4077 2766 4120 8.
2796 4077 2935 4121 enim
2965 4092 3018 4133 p.
3048 4095 3097 4135 q.
3123 4081 3194 4123 41.

752 4164 799 4196 ι».
828 4154 869 4195 1.
900 4150 1149 4193 rationem
1178 4146 1409 4198 reddens,
1437 4158 1528 4189 cur
1553 4158 1655 4189 non
1683 4144 1913 4187 debuerit
1939 4143 2172 4187 Christus
2198 4144 2389 4187 tentari
2416 4156 2447 4186 a
2476 4143 2732 4196 carne,ait
2759 4144 2825 4187 ad
2853 4143 2895 4186 3.
2924 4146 3197 4190 «Tenatio

742 4231 873 4275 quae
900 4220 976 4260 est
997 4230 1027 4259 a
1053 4228 1223 4267 carne.
1242 4227 1341 4258 non
1360 4217 1526 4268 potest
1553 4225 1657 4255 esse
1685 4213 1793 4255 sine
1821 4215 2047 4266 peecat05
2070 4211 2191 4265 quia
2206 4211 2496 4254 huiusmodi
2523 4211 2741 4254 tentatio
2771 4211 2830 4253 fit
2855 4224 2949 4265 per
2977 4214 3196 4258 delecta·

736 4288 927 4329 tionem
948 4287 999 4327 et
1027 4281 1485 4337 concupiscentiam
1506 4281 1556 4321 et
1583 4280 1718 4322 siout
1744 4279 2063 4333 Augustinus
2089 4278 2231 4330 dicit,
2250 4277 2556 4321 nonnullum
2583 4281 2849 4331 peccatum
2870 4284 2966 4331 est,
2987 4280 3195 4335 qnando

741 4366 858 4396 caro
886 4350 1194 4406 concupiscit
1214 4350 1455 4393 adversus
1482 4347 1718 4400 spiritum
1741 4365 1781 4391 ι.
1802 4346 2218 4400 Reprehendendi
2240 4359 2357 4389 vero
2373 4349 2496 4388 sunt
2513 4346 2601 4388 isti
2621 4345 2738 4399 viri,
2757 4347 2800 4389 si
2828 4348 2954 4400 quid
2965 4349 3195 4404 ampliu·

742 4421 1019 4463 voluerunt
1057 4418 1222 4460 dicere
1264 4419 1315 4458 et
1342 4415 1435 4457 hoc
1472 4425 1670 4468 quoque
1698 4414 1930 4467 seposito,
1957 4418 2162 4468 propter
2197 4425 2346 4455 usum
2384 4413 2467 4456 vel
2502 4412 2716 4455 abusum
2756 4413 2981 4457 nominis
3010 4418 3196 4470 peu-nti

731 4489 1007 4533 necoeaarii:
1037 4498 1156 4529 nam
1186 4496 1324 4527 nuno
1356 4486 1492 4525 certo
1520 4493 1637 4524 cum
1663 4481 1726 4525 de
1754 4481 1956 4524 homine
1983 4481 2173 4535 agitur,
2201 4481 2402 4523 nonu'ne
2429 4479 2620 4534 peceati
2648 4480 2964 4536 intelligitur
2992 4494 3194 4536 sempe-r

732 4557 879 4599 aetus
907 4552 1090 4604 malus,
1121 4549 1437 4604 imputabilis
1464 4549 1635 4603 agenti
1661 4548 1872 4602 ideoque
1899 4548 2208 4591 deliberatus
2234 4548 2358 4601 sive,
2389 4550 2446 4590 ut
2476 4546 2702 4602 loquitur
2729 4546 3022 4599 &Theman
3041 4554 3193 4592 actu·

732 4621 990 4664 humanus
1016 4617 1197 4660 malus.
1222 4617 1278 4659 Ε.
