3529 5158
316 323 458 401 [424]
768 339 849 379 An
885 338 1287 381 msmusxno
1322 340 1565 382 vanam
1601 342 1657 383 su
1694 343 1983 385 mamma
2019 344 2083 384 m
2121 343 2318 386 causa
2661 332 2768 387 411

317 458 487 505 error
515 439 614 504 est
642 438 804 503 circa
848 437 1303 503 sufficientiam.
1349 438 1433 502 Et
1467 459 1609 504 cum
1645 440 2024 523 reperiamus
2060 441 2125 505 in
2156 460 2279 507 uno
2316 443 2771 508 consentientes

318 562 460 608 cum
497 560 547 607 s.
578 540 898 624 Alphonso
944 540 1137 604 etiam
1165 540 1327 617 11103,
1376 559 1533 623 quos
1576 542 1707 625 ipse
1754 547 1828 607 ut
1858 544 1977 607 sibi
2013 544 2357 609 contrarios
2388 545 2662 609 traducit
2708 548 2772 610 et

318 663 474 727 quos
505 644 706 726 reipsa
753 642 903 707 alibi
946 642 1142 707 eidem
1187 642 1251 707 in
1299 643 1423 708 alio
1470 662 1616 709 casu
1665 646 1983 728 oppositos
2021 646 2347 725 cernimus,
2380 646 2521 712 inde
2557 646 2778 711 confir-

317 750 548 823 matur,
570 745 1011 810 dissensionem
1026 746 1183 809 hanc
1205 745 1532 810 doctorum
1548 765 1678 811 esse
1704 750 2122 831 apparentem,
2149 748 2298 831 quia
2318 769 2442 815 non
2467 750 2540 814 de
2559 748 2771 815 eadem

320 870 382 916 re
412 850 758 932 disputant.

407 951 643 1015 Tamen
673 950 904 1014 sincere
948 949 1271 1016 dicendum
1315 953 1430 1029 est,
1463 970 1512 1017 s.
1545 952 1937 1036 Alphonsum
1966 953 2158 1020 fuisse
2186 955 2511 1039 deceptum
2546 975 2583 1020 a
2628 975 2778 1021 non-

321 1054 528 1131 nullis,
562 1053 672 1136 qui
701 1055 846 1118 ante
875 1072 1018 1118 eum
1048 1053 1356 1136 duplicem
1391 1054 1573 1119 illum
1604 1074 1818 1121 casum
1855 1057 2285 1124 confudenmt.

408 1156 584 1221 Talis
608 1158 704 1220 est
724 1156 976 1232 Palaus,
1003 1156 1109 1238 qui
1133 1155 1208 1218 de
1250 1155 1381 1220 Vot.
1406 1155 1561 1240 disp.
1591 1159 1649 1221 2.
1678 1160 1889 1240 punct.
1917 1160 1977 1223 9.
1998 1179 2057 1223 n.
2086 1160 2147 1223 4.
2174 1161 2238 1223 et
2259 1179 2475 1224 rursus
2500 1162 2684 1224 tract.
2711 1160 2774 1222 3.

321 1259 392 1325 de
421 1258 644 1341 Leyfb.
671 1259 827 1342 disp.
862 1259 921 1322 6.
956 1279 1014 1341 p.
1050 1260 1110 1322 8.
1147 1258 1204 1341 ς.
1241 1260 1301 1322 2.
1335 1280 1394 1323 11.
1432 1261 1492 1323 5.
1527 1261 1770 1325 scribit:
1812 1284 1848 1320 «
1879 1261 2271 1345 Temperant‚
2313 1263 2435 1328 nisi
2465 1263 2627 1326 bona
2660 1261 2783 1325 fide

322 1362 572 1428 inferior
608 1363 937 1427 Praelatus
967 1360 1278 1444 procedat,
1311 1362 1671 1428 existimans
1703 1363 1914 1428 adesse
1944 1383 2199 1429 causam
2228 1365 2599 1449 legitimam,
2633 1383 2779 1429 cum

325 1468 530 1530 tamen
578 1482 703 1529 non
749 1464 896 1530 sit...
935 1464 1023 1528 At
1068 1464 1218 1527 haee
1261 1463 1558 1528 limitatio
1594 1464 1750 1529 mihi
1782 1483 1905 1530 non
1942 1467 2259 1548 probatur.
2295 1466 2457 1530 Tum
2508 1466 2655 1548 quia
2703 1464 2776 1528 ad

325 1569 554 1632 rectam
585 1566 1100 1651 gubernationem
1124 1565 1430 1630 Ecclesiae
1460 1585 1582 1630 non
1613 1567 1881 1651 pertinet
1904 1566 2267 1632 confirmare
2291 1567 2781 1650 dispensationes

326 1671 454 1734 sine
483 1690 700 1747 causa,
725 1669 831 1734 sed
867 1669 1010 1733 illas
1047 1687 1361 1745 excusare3
1404 1669 1559 1733 alias
1591 1669 1925 1752 pertineret
1955 1670 2147 1734 etiam
2184 1670 2264 1733 ad
2294 1673 2527 1736 rectam
2559 1671 2781 1755 guber-

326 1771 660 1849 nationem,
693 1773 770 1835 ut
796 1770 1042 1853 quoties
1088 1770 1479 1854 dispensandi
1524 1773 1819 1854 putarent
1850 1771 2011 1836 bona
2033 1770 2172 1849 fide,
2206 1772 2447 1837 nullam
2476 1773 2789 1856 dispensa·

328 1874 555 1939 tionem
604 1874 726 1940 sibi
771 1893 901 1939 esse
946 1873 1372 1950 neeessariam,
1422 1873 1660 1938 validos
1708 1876 1887 1938 actus
1917 1875 2246 1953 efficerent,
2288 1875 2464 1940 nulla
2504 1875 2789 1940 adhibita

326 1977 781 2061 dispensatione
797 1978 859 2040 et
890 1976 979 2040 sic
1002 1976 1433 2041 contrahentes
1458 1976 1617 2040 bona
1641 1975 1758 2040 fide
1789 1975 1854 2041 in
1885 1977 2182 2061 gradibus
2213 1978 2542 2060 prohibitis
2575 1978 2778 2042 valide

327 2078 824 2143 contraherent...
851 2078 1013 2142 Tum
1035 2077 1183 2159 quia
1215 2078 1575 2162 allegantes,
1610 2077 1989 2161 superiorem
2023 2080 2252 2161 absque
2282 2079 2567 2164 legitima
2592 2098 2785 2145 eausa

331 2180 731 2265 dispensasse,
780 2180 1139 2258 audiuntur,
1189 2181 1436 2245 etiamsi
1481 2181 1761 2264 superior
1791 2181 1953 2246 bona
1997 2181 2117 2246 fide
2153 2183 2518 2265 processerit
2549 2208 2610 2246 ».
2660 2182 2788 2248 Ubi

328 2286 483 2349 ratio
507 2283 892 2349 confusionis
923 2285 1039 2361 est,
1065 2283 1231 2365 quod
1254 2282 1540 2348 videatur
1569 2283 1889 2366 disputare
1912 2284 1986 2348 de
2011 2284 2467 2368 dispensatione
2498 2303 2789 2351 concessa

329 2388 456 2452 sine
485 2406 688 2451 causa
732 2388 796 2451 et
840 2385 981 2451 dein
1027 2385 1363 2468 aequivoca
1407 2385 1720 2451 locutione
1757 2406 1982 2450 causae
2013 2385 2327 2467 leyitimae
2373 2387 2664 2452 extendat
2711 2386 2791 2449 ad

331 2510 536 2556 casum
581 2489 1003 2574 dispensantis
1048 2509 1191 2554 oum
1237 2509 1428 2553 causa
1457 2487 1570 2553 sed
1602 2508 1729 2552 non
1764 2488 2127 2569 sufficienti,
2161 2491 2224 2554 et
2257 2489 2344 2554 sic
2375 2490 2665 2555 extendat
2712 2490 2792 2553 ad

335 2613 538 2660 casum
570 2593 849 2659 Sanchez
895 2593 1110 2675 (quem
1155 2593 1416 2677 allegat)
1462 2592 1672 2669 etiam,
1699 2593 1946 2674 quando
1994 2592 2067 2659 de
2098 2594 2470 2658 sufficientia
2516 2593 2795 2658 dubitari

336 2699 595 2778 poterat.

420 2798 590 2879 Quae
641 2798 921 2864 confusio
966 2799 1168 2863 multo
1216 2798 1442 2864 clarius
1490 2799 1746 2882 apparet
1794 2799 1957 2883 apud
1995 2799 2289 2865 Ioannem
2337 2798 2534 2877 Salas,
2586 2820 2623 2865 a
2668 2820 2793 2883 quo

339 2901 456 2966 fere
485 2902 916 2985 transscripsit
950 2902 1199 2966 Palaus.
1247 2900 1411 2965 Nam
1442 2900 1541 2964 hic
1588 2900 1661 2964 de
1706 2900 1925 2984 Leqib.
1976 2901 2131 2984 disp.
2168 2903 2272 2966 20.
2308 2905 2456 2968 sect.
2492 2905 2554 2967 4.
2589 2925 2649 2968 11.
2684 2906 2793 2968 34.

308 3005 507 3087 ,ponit
551 3003 1016 3087 quaestionem:
1073 3028 1108 3062 ‹
1147 3002 1307 3084 Quid
1355 3003 1409 3067 si
1453 3003 1782 3068 Praelatus
1828 3004 2081 3068 inferior
2139 3004 2301 3068 bona
2357 3005 2474 3068 fide
2521 3007 2792 3088 putavit,

341 3126 585 3172 causam
617 3126 753 3172 esse
781 3107 1008 3170 iustam
1044 3110 1106 3169 et
1131 3106 1561 3185 sufficientem,
1594 3124 1751 3186 quae
1784 3107 1993 3169 tamen
2023 3105 2194 3169 iusta
2225 3108 2288 3169 et
2313 3104 2638 3184 sufficiens
2669 3128 2797 3171 non

345 3213 564 3272 erat».
606 3210 692 3274 Et
718 3209 910 3273 allata
942 3208 1221 3272 doctrina
1254 3206 1543 3282 SancheZ,
1577 3205 1788 3270 subdit
1812 3226 1870 3269 n.
1913 3206 2048 3268 35.:
2090 3229 2125 3262 «
2164 3205 2280 3269 Sed
2311 3207 2461 3268 haec
2493 3209 2804 3274 sententia

347 3309 529 3375 dubia
558 3314 681 3387 est;
711 3311 859 3393 quia
891 3311 1050 3374 bona
1080 3309 1230 3374 fides
1254 3327 1376 3373 non
1408 3308 1567 3371 solet
1599 3309 1739 3371 acta
1769 3305 2053 3386 alioquin
2077 3306 2260 3369 nulla
2290 3306 2536 3372 reddere
2569 3308 2799 3389 valida,

344 3413 444 3477 sed
483 3433 835 3479 excusare...
883 3412 1159 3496 alioquin
1207 3412 1258 3475 si
1305 3409 1645 3493 Episcopus
1690 3409 1827 3472 sine
1874 3406 2011 3471 ulla
2040 3409 2291 3472 omnino
2328 3429 2521 3473 causa
2558 3409 2802 3494 dispen-

345 3517 507 3580 saret
536 3517 599 3580 in
636 3517 886 3601 legibus
921 3517 1147 3598 Papae,
1182 3514 1280 3578 vel
1326 3513 1388 3576 in
1423 3512 1586 3577 votis
1634 3513 1746 3576 aut
1790 3511 2175 3588 iuramentiS,
2212 3515 2439 3594 putans
2472 3514 2634 3578 bona
2680 3515 2802 3582 fide

349 3617 440 3681 vel
462 3619 706 3683 nullam
737 3638 991 3682 causam
1013 3616 1242 3701 requiri
1275 3617 1372 3680 vel
1404 3634 1657 3680 eausam
1682 3614 1950 3689 subesse,
1977 3612 2354 3696 dispensatio
2375 3618 2539 3680 esset
2569 3616 2801 3697 valida,

347 3720 506 3801 quod
531 3721 748 3785 nullus
776 3720 1083 3784 admittet.
1120 3719 1282 3783 Item
1305 3718 1359 3781 si
1384 3717 1578 3798 aliqui
1608 3717 1770 3780 bona
1800 3715 1918 3780 fide
1943 3716 2377 3781 contraherent
2407 3718 2471 3780 in
2508 3718 2808 3801 gradibus

349 3823 676 3904 prohibitis
725 3822 824 3886 vel
869 3841 1009 3885 cum
1058 3821 1180 3885 alio
1229 3819 1665 3902 impedimento
1713 3817 1867 3882 iuris
1914 3817 2172 3881 humani
2210 3819 2543 3882 autetiam
2590 3819 2806 3897 divini,

353 3924 626 3989 validum
659 3926 824 3989 esset
853 3923 1324 3988 matrimonium
1354 3923 1468 3986 etc.
1504 3945 1565 3984 ».

436 4027 608 4093 Haec
647 4046 903 4111 prorsus
951 4025 1408 4108 indisciplinata
1446 4026 1611 4088 sunt.
1645 4024 1753 4089 Ac.
1810 4026 1875 4087 1⁰
1906 4022 2243 4106 NegamuS,
2278 4021 2443 4102 quod
2491 4024 2807 4104 supponit,

350 4130 524 4193 nulla
573 4149 708 4194 esse
756 4132 819 4191 et
862 4129 1051 4191 irrita
1095 4130 1256 4201 acta,
1304 4128 1356 4192 si
1404 4127 1779 4209 dispensatio
1828 4128 1890 4190 in
1937 4144 2001 4189 re
2055 4123 2242 4187 dubia
2294 4125 2408 4188 fiat
2463 4124 2622 4188 bona
2670 4125 2810 4190 fide.

353 4233 417 4295 2ο
453 4232 775 4313 Quorsum
808 4250 843 4294 a
875 4232 1232 4313 quaestione
1270 4229 1344 4294 de
1375 4250 1564 4293 causa
1599 4249 1723 4292 non
1753 4227 2096 4308 sufficienti
2131 4226 2408 4290 transilit
2440 4226 2701 4310 abrupte
2735 4230 2813 4294 ad

353 4353 561 4399 casum
602 4334 718 4396 ubi
748 4330 928 4396 nulla
957 4353 1147 4396 causa
1176 4332 1373 4406 adest,
1405 4332 1532 4397 imo
1567 4331 1642 4395 ad
1680 4350 1896 4395 casum
1927 4330 2034 4394 ubi
2066 4349 2140 4391 ne
2173 4329 2303 4393 ulla
2350 4328 2599 4410 quidem
2633 4350 2817 4412 quae-

353 4437 511 4501 ritur
555 4435 983 4519 dispensatio‘?
1027 4433 1346 4516 Numquid
1392 4454 1570 4518 pares
1617 4436 1764 4498 sunt
1811 4432 2223 4515 quaestiones,
2260 4431 2333 4495 ut
2380 4432 2456 4494 ab
2493 4432 2691 4496 altera
2739 4434 2816 4497 ad

355 4538 620 4603 alteram
664 4537 855 4601 liceat
886 4541 1182 4620 arguere?
1229 4536 1726 4600 Intolerabiliora
1758 4553 1903 4598 vero
1952 4535 2098 4597 sunt
2132 4533 2273 4610 ista,
2308 4535 2618 4615 quatenus
2668 4535 2819 4600 haec
