3529 5158
315 325 458 400 [513]
749 343 830 382 Ax
870 341 1267 382 nmmc‘rxro
1304 341 1574 382 mecm-o
1614 341 2011 384 moriana-run
2049 343 2328 387 causum
2672 334 2777 388 477

316 438 754 522 peccaminosi;
774 458 905 504 esse
935 439 1099 503 enim
1129 440 1368 503 malum
1392 443 1489 503 est
1518 439 1840 522 procedere
1863 460 1899 503 a
1933 441 2256 506 voluntate
2287 443 2455 506 mala
2481 447 2545 507 et
2570 463 2780 527 pecca-

314 541 578 605 minosa.
613 542 779 626 Ergo
811 545 1018 607 status
1055 561 1341 626 praesens
1382 542 1747 618 voluntatiS.
1785 543 1892 623 qni
1931 562 2050 607 non
2083 544 2291 607 influit
2320 544 2384 608 in
2432 546 2595 610 hunc
2641 547 2777 610 effe-

318 646 511 718 ctum,
551 663 673 708 non
722 646 929 727 potest
956 645 1054 709 illi
1091 645 1543 710 communicare
1591 645 1687 708 vel
1735 644 1974 709 auferre
2020 645 2581 713 denominationem
2626 648 2780 712 mali

318 748 382 810 et
414 747 669 829 peccati.

407 849 542 923 511.
583 854 753 918 Haec
800 855 1005 938 Lug0,·
1034 858 1109 919 ut
1139 855 1400 930 evincat,
1441 855 1605 935 quod
1644 873 1832 938 supra
1869 875 1929 918 n.
1970 857 2119 920 440.
2164 859 2619 936 mundaverat,
2654 879 2775 924 non

315 974 446 1019 esse
468 956 531 1020 in
557 956 937 1021 confessione
960 957 1386 1040 explicandum
1417 955 1700 1034 effectum
1722 960 2061 1022 externum.
2097 959 2330 1024 Deinde
2355 981 2414 1023 n.
2443 962 2774 1024 4472460.

312 1058 532 1122 multis
579 1060 821 1141 probat,
857 1078 979 1124 non
1011 1061 1185 1142 sequi
1231 1059 1461 1137 exinde,
1496 1059 1659 1124 idem
1691 1059 2014 1124 dicendum
2056 1060 2130 1124 de
2175 1065 2322 1124 actu
2358 1066 2615 1127 externo
2647 1083 2780 1145 pec-

314 1161 467 1236 cati3
508 1162 656 1243 quia
703 1165 880 1226 actus
927 1163 1212 1226 externus
1259 1165 1354 1226 est
1400 1181 1538 1225 vere
1585 1164 1649 1226 et
1695 1163 1940 1245 proprie
1987 1165 2327 1245 peccatum,
2368 1165 2533 1246 quod
2567 1185 2602 1228 a
2638 1166 2772 1249 lege

310 1263 674 1344 prohibetur
719 1265 905 1328 simul
951 1285 1094 1329 cum
1155 1266 1303 1329 actu
1347 1265 1608 1341 interno,
1659 1265 1911 1329 effectus
1958 1267 2170 1330 autem
2217 1267 2454 1349 peccati
2514 1286 2634 1331 non
2682 1268 2776 1332 ita

312 1383 377 1428 se
422 1365 642 1429 habet:
684 1366 747 1430 in
778 1366 1155 1431 confessione
1184 1385 1328 1431 vero
1368 1349 1582 1431 omnia
1608 1369 1671 1430 et
1702 1368 1838 1431 sola
1869 1369 2121 1450 peccata
2153 1367 2400 1450 (utique
2447 1369 2774 1444 mortalia)

311 1487 553 1532 necesse
601 1471 696 1533 est
738 1469 1153 1535 manifestare.
1203 1470 1365 1534 Tum
1402 1470 1652 1534 demum
1698 1490 1756 1533 n.
1799 1470 1949 1533 460.
1986 1471 2100 1535 hoc
2146 1473 2386 1536 monet:
2428 1497 2464 1530 «
2496 1473 2772 1536 Adverto

310 1570 538 1635 ultimo
587 1590 728 1635 cum
773 1572 844 1635 Ρ.
878 1572 1091 1654 Vasq„
1139 1572 1509 1655 regulariter
1555 1572 1866 1651 expedire,
1906 1574 2069 1654 quod
2117 1574 2367 1638 effectus
2406 1576 2768 1657 consequuti

310 1672 599 1737 dicantur
632 1676 818 1756 atque
850 1673 986 1737 ideo
1018 1693 1139 1737 non
1172 1693 1301 1736 esse
1332 1672 1751 1752 impediendos
1764 1675 2172 1752 poenitentes,
2206 1675 2310 1738 sed
2342 1676 2774 1758 relinquendos

310 1776 377 1838 in
400 1777 522 1840 hoc
546 1796 699 1849 usur,
734 1776 882 1857 quia
913 1776 1029 1840 hoc
1051 1776 1235 1840 modo
1268 1776 1609 1859 explicatur
1630 1777 1856 1840 melius
1879 1778 2123 1841 malitia
2149 1780 2326 1842 actus
2357 1781 2777 1862 praecedentis

310 1881 375 1942 et
406 1879 786 1962 intelligitur
832 1879 1054 1943 melius
1086 1880 1291 1943 status
1323 1879 1692 1962 poenitentis
1730 1881 1795 1943 et
1825 1900 1902 1943 an
1936 1881 2163 1945 habeat
2193 1880 2635 1964 obliyationem
2665 1882 2781 1946 ali-

305 2001 501 2062 quam
529 1980 921 2058 restituendi,
972 2001 1049 2046 an
1096 1983 1441 2045 incurrerit
1473 2001 1821 2055 censuram,
1870 2002 2083 2046 casum
2126 1987 2512 2048 reservatum
2558 1986 2673 2049 etc.
2710 2011 2769 2049 >›.

406 2080 565 2155 512.
614 2084 698 2147 Et
757 2084 1070 2149 adnotatis
1128 2085 1316 2150 velim
1370 2086 1684 2168 postrema
1737 2084 1926 2149 verba
1970 2110 2007 2145 «
2036 2107 2124 2149 (ιη
2168 2086 2519 2150 incurrerit
2562 2107 2773 2152 censu-

304 2210 455 2252 ram
484 2214 545 2251 >›.
580 2188 654 2252 In
701 2207 824 2269 quo
871 2189 1003 2252 eius
1050 2188 1355 2253 sententia
1400 2188 1606 2252 differt
1652 2208 1690 2252 a
1735 2190 2043 2253 sententia
2090 2187 2678 2254 Salmanticensium
2710 2194 2776 2255 et

312 2311 361 2356 s,
413 2290 741 2374 Alphonsi.

398 2394 649 2459 Etenim
696 2392 748 2455 si
794 2393 1111 2458 reiiciatur
1156 2393 1461 2456 sententia
1510 2391 2115 2464 Salmanticensium,
2149 2394 2280 2457 scil.
2322 2394 2486 2476 quod
2519 2398 2770 2477 peccata

312 2496 555 2562 dicendi
602 2496 728 2560 sint
773 2495 1024 2559 effectus
1062 2495 1311 2576 sequuti
1344 2496 1487 2558 ante
1517 2495 1924 2559 retractatam
1972 2496 2382 2571 voluntatem,
2422 2515 2596 2561 secus
2635 2516 2780 2561 vero

311 2603 564 2686 sequuti
597 2603 740 2686 post
769 2602 1175 2666 retractatam
1206 2601 1623 2677 voluntatem;
1658 2602 1895 2665 corruit
1926 2602 2112 2665 simul
2145 2601 2628 2667 fundamentum
2655 2603 2781 2686 opi-

314 2706 520 2770 nionis
569 2705 809 2779 aientis,
844 2722 966 2768 non
1011 2702 1243 2766 incurri
1288 2722 1595 2780 censuraS,
1630 2703 1876 2785 quando
1926 2704 2068 2769 ante
2115 2704 2398 2768 effectum
2445 2707 2781 2787 sequutum

312 2809 610 2873 voluntas
635 2806 1032 2883 retractetur3
1051 2824 1240 2887 quam
1265 2808 1707 2887 consequenter
1730 2826 1795 2870 se
1821 2806 2146 2870 admittere
2171 2808 2503 2890 profitetur
2527 2828 2573 2872 s.
2592 2808 2775 2892 Alph.

314 2912 422 2975 lib.
460 2913 520 2974 5.
554 2932 615 2975 n.
653 2911 755 2974 10.
795 2910 860 2974 in
892 2909 995 2973 fin.
1023 2909 1103 2972 Et
1127 2909 1327 2993 reipsa
1358 2909 1536 2993 Lugo
1569 2909 1723 2992 disp.
1764 2911 1866 2973 16.
1901 2930 1961 2972 n.
1998 2908 2147 2973 445.
2186 2911 2278 2973 uti
2317 2913 2557 2973 certum
2590 2912 2781 2974 habet

309 3033 602 3079 censuras
634 3014 699 3076 in
730 3013 996 3094 utroque
1027 3031 1175 3076 casu
1209 3012 1437 3075 incurri
1476 3012 1540 3074 et
1570 3010 1843 3093 idipsum
1872 3010 2107 3074 indicat
2153 3010 2378 3073 Suarez
2412 3010 2487 3072 dc
2519 3011 2772 3075 Peccat.

312 3116 471 3199 disp.
513 3117 573 3178 3.
608 3116 755 3179 sect.
790 3115 851 3177 4.
878 3135 937 3177 n.
969 3115 1026 3176 7.
1061 3114 1284 3189 dicem,
1318 3113 1547 3176 incurri
1580 3112 2128 3194 irregularitatem.
2171 3136 2204 3167 ⁴<
2243 3109 2536 3183 Censura.
2569 3112 2777 3193 inquit

309 3217 495 3303 Lugo
544 3218 697 3300 disp.
742 3217 844 3279 16.
880 3237 938 3280 n.
980 3216 1130 3279 453.
1170 3215 1507 3277 incurritur
1539 3232 1705 3275 nemo
1736 3212 1896 3293 (scil.
1932 3212 2150 3276 effectu
2188 3213 2482 3296 sequuto)
2530 3218 2781 3295 propter

313 3322 643 3404 peccatum
685 3319 1118 3404 praeteritum3
1153 3316 1319 3399 quod
1350 3316 1557 3379 tamen
1590 3314 1864 3379 Ecclesia
1911 3334 2030 3379 non
2080 3314 2219 3377 vult
2257 3314 2493 3397 punire,
2528 3316 2648 3379 nisi
2680 3335 2784 3399 po-

312 3423 444 3487 sita
492 3422 608 3487 tali
653 3421 1001 3486 conditione
1048 3419 1299 3484 effectus
1346 3418 1689 3499 sequuti».

407 3524 539 3589 Nec
583 3525 856 3588 multum
903 3522 1187 3605 ponderis
1235 3521 1423 3584 habet
1465 3520 1628 3584 ratio
1676 3520 2040 3604 deprompta
2088 3540 2122 3584 a
2171 3540 2218 3585 S.
2259 3520 2444 3604 Alph.
2479 3522 2521 3584 l.
2558 3542 2646 3585 c.:
2680 3521 2786 3587 ho·

313 3629 550 3692 minem
573 3629 716 3711 post
745 3626 1150 3691 retractatam
1181 3624 1570 3688 voluntatem
1602 3643 1729 3686 non
1761 3642 1891 3686 esse
1915 3627 2346 3687 contumacem.
2377 3622 2784 3688 Contumacia

313 3731 485 3795 enim
507 3729 953 3803 consideratur,
979 3727 1168 3812 prout
1191 3726 1450 3790 scienter
1481 3728 1695 3790 contra
1718 3726 1920 3809 legem
1945 3727 2197 3807 ponitur
2219 3745 2426 3799 causa,
2453 3746 2575 3789 non
2599 3728 2788 3807 prout

310 3853 511 3916 prava
542 3832 836 3897 voluntas
873 3830 1060 3894 durat
1089 3848 1284 3910 usque
1318 3828 1394 3892 ad
1426 3828 1675 3892 effectus
1714 3829 2235 3911 complementum
2268 3847 2304 3891 a
2337 3827 2663 3891 voluntate
2696 3826 2787 3889 in-

311 3935 682 4020 dependens.
724 3933 841 3998 Sed
872 3933 946 3997 de
977 3933 1072 3997 his
1105 3931 1327 3997 melius
1364 3930 1471 3994 ubi
1504 3931 1578 3994 de
1617 3929 1927 3994 Censuris.

406 4036 562 4110 513.
604 4037 694 4101 Ex
741 4037 857 4100 hac
904 4054 1045 4100 vero
1084 4034 1504 4117 disputatione
1537 4032 1804 4116 intelligi
1836 4032 2086 4114 poterit,
2120 4031 2269 4111 quid
2318 4030 2434 4094 sibi
2472 4029 2627 4093 velit
2662 4030 2785 4093 alia

304 4143 615 4209 resolutio
650 4161 700 4206 s,
734 4140 1056 4224 Alphonsi.
1090 4138 1253 4203 Nam
1298 4138 1405 4203 lib.
1441 4139 1503 4202 4.
1537 4158 1596 4201 n.
1635 4138 1782 4200 149.
1835 4135 2110 4217 quaerit:
2153 4159 2189 4194 <
2212 4134 2380 4214 Quot
2426 4134 2786 4199 committat

306 4246 588 4330 peccata,
639 4244 745 4326 qui
796 4242 1069 4307 officium
1112 4241 1177 4305 in
1224 4260 1393 4304 mare
1438 4240 1784 4324 proficiens,
1832 4238 2109 4303 redditur
2156 4238 2462 4321 impotens
2515 4235 2592 4300 ad
2638 4237 2788 4301 reci-

306 4349 581 4413 tandum
615 4373 675 4410 ».
712 4346 795 4410 Et
839 4344 1192 4427 respondet:
1234 4368 1269 4401 ‹<
1301 4343 1724 4426 proiicientem
1773 4341 2045 4406 officinm
2079 4342 2175 4405 tot
2212 4343 2462 4423 peccata
2503 4340 2786 4404 commit-

305 4454 467 4525 tere,
501 4449 659 4531 quot
706 4450 855 4511 sunt
902 4445 1280 4519 omissiones
1331 4464 1485 4526 quas
1525 4443 1860 4528 praevidet,
1901 4444 2018 4507 nisi
2067 4443 2381 4525 poeniteat
2417 4441 2604 4524 primi
2653 4461 2787 4524 pec-

305 4553 480 4628 cati;
515 4570 662 4616 nam
696 4549 972 4632 alioquin
1006 4548 1354 4631 perseverat
1390 4547 1817 4612 voluntarium
1848 4546 2121 4628 positum
2153 4546 2216 4608 in
2250 4563 2436 4609 causa
2473 4568 2534 4606 >›.
