3529 5158
724 305 831 361 534
1115 318 1329 360 'rano-r.
1368 319 1448 360 iv.
1487 318 1574 357 nn
1609 316 1916 359 amenus.
1956 317 2154 360 carm·
2192 320 2232 359 1.
2268 318 2415 361 nun.
2449 319 2517 358 11.
2554 317 2691 357 aar.
2730 316 2795 356 11.
3041 298 3184 374 [592]

732 442 768 476 ‹
806 415 872 481 Si
908 417 1047 498 quis
1077 417 1207 479 sine
1253 434 1442 479 causa
1472 416 1536 478 et
1566 415 1930 478 necessitate
1962 415 2269 480 actionem
2299 416 2556 492 exercet,
2597 434 2667 478 ex
2706 432 2829 496 qua
2860 412 3184 495 intelligit,

724 517 1196 584 delectationem
1240 518 1441 581 carnis
1486 515 1870 579 naturaliter
1915 517 2220 582 orituram
2264 516 2352 600 (v.
2386 538 2482 603 gr.
2513 536 2586 583 ex
2630 516 2995 581 curiositate
3032 515 3190 600 legit

727 622 825 685 vel
869 620 1048 685 audit
1083 620 1340 702 turpia),
1373 622 1582 683 tamen
1627 619 1758 683 sine
1796 619 2029 683 directa
2073 620 2417 684 intentione
2462 622 2529 685 et
2562 619 2693 683 sine
2723 617 2998 701 periculo
3046 636 3187 682 con·

725 742 959 798 sensus,
992 724 1205 805 peccat
1236 721 1583 796 venialiter,
1611 721 1667 784 si
1698 740 1840 785 vero
1873 721 2104 785 iustam
2138 739 2392 786 causam
2428 721 2673 797 habeat,
2698 720 2858 784 nihil
2881 721 3096 803 peccat
3120 744 3181 784 ».

726 826 797 890 In
844 826 1069 907 quibus
1115 826 1427 908 postrema
1472 825 1659 888 verba
1696 825 1774 888 ad
1805 823 2265 907 praecedentem
2311 842 2567 888 causam
2600 822 2948 906 pertinent:
2981 822 3186 905 prim

725 946 871 992 vero
918 927 995 990 ad
1041 928 1446 1009 praesentem,
1494 925 1601 990 ubi
1662 945 1773 990 ceu
1834 926 2181 1008 exemplum
2228 925 2483 990 affertur
2526 925 2711 990 lectio
2771 924 3019 988 curiosa
3072 924 3187 987 aut

728 1030 965 1096 auditio
1011 1030 1257 1093 curiosa
1303 1029 1602 1111 turpium.

814 1132 1015 1212 Quam
1044 1133 1394 1196 doctrinam
1423 1132 1511 1195 sic
1540 1131 1768 1214 probat
1795 1150 1846 1195 s.
1884 1131 2069 1213 Alph.
2101 1131 2208 1195 lib.
2244 1132 2306 1194 3.
2346 1147 2405 1194 n.
2440 1131 2631 1194 484.:
2664 1155 2701 1188 ε(
2725 1130 2886 1193 Hinc
2915 1129 3181 1194 infertur

732 1236 797 1298 1ο
842 1254 964 1299 11011
1010 1254 1142 1299 0330
1186 1235 1307 1299 11131
1350 1234 1654 1298 venialem
1700 1233 2128 1316 pollutionem,
2177 1251 2337 1315 quae
2369 1233 2570 1297 oritur
2613 1250 2687 1295 ex
2716 1231 3026 1313 colloquio
3057 1250 3188 1296 11011

723 1336 1019 1402 diuturno
1062 1357 1205 1402 cum
1252 1338 1476 1419 puella,
1510 1338 1609 1401 vel
1644 1337 1768 1401 levi
1814 1336 1972 1418 (scil.
2006 1335 2229 1400 leviter
2262 1336 2462 1418 malo)
2492 1336 2748 1418 aspectu
2781 1335 2895 1399 aut
2931 1334 3183 1398 curiosa

725 1437 981 1503 lectione
1026 1439 1354 1503 venialiter
1402 1440 1603 1518 tum,-
1650 1440 1817 1522 quia,
1867 1441 1940 1502 ut
1986 1438 2223 1502 dictum
2267 1441 2383 1516 est,
2431 1456 2575 1502 cum
2620 1456 2844 1501 causae
2892 1437 3055 1501 istae
3103 1436 3188 1501 le-

726 1541 884 1606 viter
925 1541 1210 1618 influant,
1258 1541 1524 1624 pollutio
1561 1542 1940 1623 subsequens
1970 1541 2181 1624 potius
2226 1560 2264 1604 a
2310 1558 2499 1605 causa
2544 1540 2841 1617 naturali,
2880 1558 3074 1621 quam
3104 1540 3190 1604 ab

726 1645 853 1708 illis
899 1644 1175 1726 procedit
1205 1669 1265 1708 ».

816 1746 901 1810 Et
942 1746 1198 1811 inferius
1241 1747 1388 1811 ibid.
1421 1746 1588 1811 idem
1631 1746 1957 1811 dicendum
1993 1747 2286 1824 affirmat,
2331 1770 2369 1805 ‹
2399 1747 2453 1810 si
2497 1765 2723 1810 causae
2760 1746 2890 1810 31111
2936 1746 3188 1810 omnino

724 1849 890 1913 leves
936 1849 1126 1930 prout
1168 1851 1371 1913 essent
1417 1848 1588 1912 visus
1633 1849 1909 1930 partium
1955 1849 2358 1912 honestarum
2399 1848 2706 1925 mulieris,
2750 1848 2939 1913 100110
2969 1848 3191 1913 leviter

724 1951 946 2033 turpia,
981 1951 1362 2030 colloquium
1398 1970 1541 2014 cum
1571 1951 1803 2014 femina
1838 1968 1960 2014 non
1984 1950 2353 2014 diuturnum
2383 1950 2483 2014 vel
2512 1950 2735 2014 leviter
2766 1951 3104 2015 obscenum
3126 1975 3186 2015 ›.

818 2052 902 2115 Et
934 2054 1083 2115 haec
1121 2052 1312 2116 thesis
1342 2052 1528 2134 plana
1564 2053 1677 2116 est.
1719 2051 1969 2116 Subdit:
2004 2052 2238 2117 «Idem
2274 2052 2348 2115 de
2378 2052 2726 2135 pollutione
2763 2053 3186 2118 involuntarie

726 2155 862 2219 orta
908 2174 978 2218 ex
1026 2153 1279 2218 lectione
1337 2155 1511 2233 turpi
1549 2154 1719 2233 facta
1763 2154 1838 2218 ob
1884 2156 2310 2218 curiositatem
2366 2155 2503 2218 sine
2547 2175 2749 2235 pravo
2808 2156 3024 2219 animo
3079 2160 3194 2219 aut

721 2254 999 2336 periculo
1028 2276 1093 2319 se
1124 2254 1472 2320 delectandi
1502 2255 1577 2319 de
1606 2256 1764 2335 ipSis
1793 2255 1979 2319 rebus
2014 2256 2292 2320 obscenis
2321 2256 2535 2321 dicunt
2564 2256 2835 2335 Lessius,
2861 2255 2967 2333 Sa,
2993 2257 3194 2322 Bona-

727 2361 885 2434 cina,
911 2380 1053 2424 011111
1078 2359 1290 2442 Vasq.,
1316 2360 1715 2435 Tamburino‚
1743 2357 1984 2442 Sporer,
2011 2358 2300 2424 Sanchez.
2335 2358 2453 2424 Sed
2483 2359 2548 2423 in
2584 2361 2758 2442 praxi
2780 2360 2845 2424 id
2869 2379 3192 2443 nunquam

725 2463 1114 2528 concederem
1146 2468 1209 2527 et
1240 2464 1417 2527 tanto
1465 2462 1672 2526 minus
1704 2463 1757 2526 si
1792 2463 1870 2526 ob
1900 2463 2228 2527 lectionem
2257 2464 2522 2544 turpem,
2555 2463 2754 2527 solius
2798 2464 3190 2528 curiositatis

725 2585 933 2642 causa,
966 2566 1316 2647 frequenter
1345 2564 1568 2630 accidit
1598 2565 1865 2648 pollutio
1890 2590 1951 2629 2».
1986 2565 2111 2630 Ubi
2156 2564 2508 2650 distinguit,
2542 2564 2794 2646 quando
2823 2567 3043 2632 minus
3076 2565 3198 2646 fre·

727 2671 985 2747 quenter
1022 2670 1085 2729 et
1114 2666 1360 2747 quando
1398 2665 1756 2746 frequenter
1787 2668 1850 2731 id
1886 2668 2232 2753 contingat.

818 2768 905 2832 At
950 2769 1113 2831 enim
1158 2767 1377 2851 (dices)
1422 2788 1533 2832 cur
1577 2787 1699 2833 non
1753 2770 2077 2834 concedit?
2123 2770 2256 2835 Aut
2300 2772 2465 2835 enim
2508 2790 2633 2835 non
2693 2772 2996 2847 concedit,
3047 2773 3192 2854 quia

728 2871 1022 2953 supponit
1065 2889 1321 2955 gravem
1366 2871 1614 2953 culpam
1644 2872 1709 2935 in
1739 2872 2002 2937 lectione
2032 2873 2143 2937 illa
2181 2875 2246 2937 et
2281 2874 2431 2938 tunc
2475 2891 2598 2938 non
2643 2877 2859 2938 manet
2897 2875 2964 2938 in
3003 2875 3190 2959 hypo-

685 2963 691 2969 ’
725 2973 907 3038 111031.
939 2972 1072 3037 Α111
1100 2992 1223 3037 11011
1269 2973 1564 3050 00110οᾱ11,
1611 2974 1760 3038 11001
1793 2978 2102 3056 supponat
2131 2976 2381 3058 culpam
2417 2976 2635 3051 levem,
2669 2976 2734 3039 et
2766 2978 2916 3041 tunc
2948 2978 3189 3042 contra·

728 3075 880 3140 dicit
923 3075 1061 3153 sibi,
1109 3075 1259 3140 dum
1288 3076 1661 3159 generaliter
1691 3076 1752 3138 in
1793 3076 2120 3160 hypothesi
2152 3079 2370 3160 culpae
2399 3079 2554 3142 levis
2601 3079 2794 3143 etiam
2828 3080 2896 3143 in
2927 3080 3192 3147 lectione

730 3179 930 3243 levem
972 3178 1223 3260 culpam
1267 3178 1638 3243 intercedere
1684 3178 2015 3242 statuerat.

821 3280 1053 3345 Verum
1099 3281 1300 3362 aperit
1340 3281 1490 3363 ipse,
1539 3300 1662 3363 quo
1711 3280 1878 3345 dicta
1925 3282 2056 3345 eius
2102 3282 2398 3364 spectent,
2447 3283 2536 3347 sic
2589 3302 2886 3366 pergens:
2933 3311 2969 3343 «
3004 3286 3189 3351 Recte

727 3384 891 3448 enim
937 3384 1149 3447 dicunt
1202 3382 1717 3449 Salmanticenses
1766 3384 1830 3447 01
1873 3383 2181 3448 consentit
2225 3384 2588 3469 Roncaglia,
2640 3406 2760 3451 non
2829 3388 3109 3452 excusari
3154 3406 3192 3452 a

728 3485 981 3550 mortali
1027 3504 1189 3559 eum,
1239 3485 1345 3566 qui
1390 3486 1776 3568 frequentem
1821 3485 2232 3568 pollutionem
2290 3489 2574 3569 expertus
2622 3488 2708 3551 sit
2752 3508 2825 3553 ex
2873 3489 3186 3570 aliquibus

731 3587 934 3651 causis
979 3587 1043 3650 in
1090 3587 1304 3651 eodem
1361 3607 1581 3672 genere
1632 3588 1935 3664 luxuriae,
1982 3606 2141 3670 quae
2187 3587 2600 3654 vehementius
2654 3591 2733 3655 ad
2780 3591 3190 3675 pollutionem

731 3688 1003 3753 influunt
1045 3681 1111 3756 e't
1156 3690 1311 3754 alias
1357 3692 1706 3755 voluntarie
1754 3710 1826 3756 ac
1871 3690 2002 3755 sine
2047 3693 2411 3756 necessitate
2456 3693 2653 3776 ponit,
2685 3696 2975 3776 quamvis
3021 3696 3188 3778 ipsae

731 3810 837 3875 per
882 3811 945 3856 se
992 3810 1114 3857 non
1159 3793 1518 3877 pertingant
1562 3792 1641 3856 ad
1686 3792 2000 3868 mortalia,
2050 3794 2146 3856 uti
2190 3795 2338 3858 sunt
2383 3794 2678 3859 nimirum
2722 3797 2976 3861 curiosa
3015 3795 3188 3861 laceo

733 3896 952 3974 ωνριζς,
1002 3897 1284 3978 aspectus
1332 3896 1611 3978 picturae
1656 3896 1951 3960 obscenae
1998 3896 2096 3958 vel
2132 3897 2334 3960 coitus
2380 3896 2765 3973 animalium,
2803 3901 3021 3964 tactus
3059 3917 3189 3984 pro-

730 3998 1006 4080 priorum
1053 3998 1456 4063 verendorum
1506 4001 1617 4062 aut
1663 3992 1919 4062 alterius
1967 4018 2040 4063 ex
2085 3998 2342 4063 levitate
2387 4001 2453 4063 et
2487 4000 2736 4064 similia.
2779 4000 2993 4069 Ratio.
3042 4003 3184 4084 quia

728 4104 1009 4183 respectu
1054 4101 1238 4165 istius
1299 4120 1592 4183 personae
1637 4100 1712 4163 ob
1755 4119 1939 4163 suam
1971 4120 2242 4180 pravam
2288 4100 2754 4182 dispositionem
2799 4105 2954 4168 talis
3008 4123 3192 4171 causa

729 4220 851 4266 non
883 4202 1101 4266 leviter
1122 4202 1349 4266 influit.
1384 4201 1573 4267 Secus
1594 4222 1737 4267 vero
1762 4202 1982 4268 dicunt
2009 4202 2447 4289 (Salmantic.),
2483 4206 2533 4269 si
2567 4206 2834 4287 pollutio
2868 4226 2942 4271 ex
2981 4208 3189 4272 huius-

734 4304 903 4367 modi
940 4304 1143 4369 causis
1179 4323 1319 4368 raro
1352 4304 1597 4369 eveniat
1627 4330 1688 4369 ».

826 4400 1000 4475 592.
1034 4406 1228 4470 Porro
1260 4406 1407 4487 quid
1441 4407 1558 4470 sibi
1591 4406 1741 4470 velit
1777 4429 1824 4472 3.
1867 4411 2120 4486 Doctor,
2152 4409 2298 4473 licet
2327 4409 2486 4473 forte
2522 4409 2752 4473 discere
2782 4429 2854 4473 ex
2901 4411 3002 4487 iis,
3037 4430 3193 4493 quae

734 4505 964 4569 habent
980 4508 1321 4592 Roncaglia
1346 4512 1411 4572 et
1433 4508 1966 4576 SalmanticenseS.
1994 4512 2415 4595 Roncagliain
2434 4512 2568 4576 loco
2595 4510 2861 4576 adducto
2881 4532 2918 4576 a
2935 4533 2988 4577 s.
3008 4514 3190 4596 Alpa.
