<?xml version="1.0" encoding="UTF-8"?>
<!DOCTYPE html PUBLIC "-//W3C//DTD XHTML 1.0 Transitional//EN"
    "http://www.w3.org/TR/xhtml1/DTD/xhtml1-transitional.dtd">
<html xmlns="http://www.w3.org/1999/xhtml" xml:lang="en" lang="en">
 <head>
  <title>
</title>
<meta http-equiv="Content-Type" content="text/html;charset=utf-8" />
  <meta name='ocr-system' content='tesseract 3.04.00' />
  <meta name='ocr-capabilities' content='ocr_page ocr_carea ocr_par ocr_line ocrx_word'/>
</head>
<body>
  <div class='ocr_page' id='page_1' title='image "./opustheologicum00palmgoog/opustheologicum00palmgoog_0264.png"; bbox 0 0 3529 5158; ppageno 0'>
   <div class='ocr_carea' id='block_1_1' title="bbox 329 368 2798 444">
    <p class='ocr_par' dir='ltr' id='par_1_1' title="bbox 329 368 2798 444">
     <span class='ocr_line' id='line_1_1' title="bbox 329 368 2798 444; baseline 0.002 -20"><span class='ocrx_word' id='word_1_1' title='bbox 329 368 469 444; x_wconf 78' lang='lat'>[171]</span> <span class='ocrx_word' id='word_1_2' title='bbox 604 383 1007 425; x_wconf 61' lang='lat' dir='ltr'><strong>consumis-ru</strong></span> <span class='ocrx_word' id='word_1_3' title='bbox 1044 383 1465 426; x_wconf 68' lang='lat' dir='ltr'><strong>ermom-urm</strong></span> <span class='ocrx_word' id='word_1_4' title='bbox 1499 385 1713 428; x_wconf 58' lang='lat' dir='ltr'><strong>numa.</strong></span> <span class='ocrx_word' id='word_1_5' title='bbox 1750 385 2293 427; x_wconf 67' lang='lat' dir='ltr'><strong>mummolum</strong></span> <span class='ocrx_word' id='word_1_6' title='bbox 2332 385 2520 429; x_wconf 78' lang='lat' dir='ltr'><strong>omeo</strong></span> <span class='ocrx_word' id='word_1_7' title='bbox 2695 374 2798 429; x_wconf 81' lang='grc'><strong>167</strong></span> 
     </span>
    </p>
   </div>
   <div class='ocr_carea' id='block_1_2' title="bbox 332 479 2798 872">
    <p class='ocr_par' dir='ltr' id='par_1_2' title="bbox 332 479 2798 872">
     <span class='ocr_line' id='line_1_2' title="bbox 332 479 2798 564; baseline 0.002 -20"><span class='ocrx_word' id='word_1_8' title='bbox 332 479 688 564; x_wconf 84' lang='lat' dir='ltr'><strong>probabilis.</strong></span> <span class='ocrx_word' id='word_1_9' title='bbox 721 480 805 545; x_wconf 86' lang='lat' dir='ltr'><strong>Et</strong></span> <span class='ocrx_word' id='word_1_10' title='bbox 848 499 996 546; x_wconf 87' lang='lat' dir='ltr'><strong>sane</strong></span> <span class='ocrx_word' id='word_1_11' title='bbox 1042 481 1093 545; x_wconf 87' lang='lat' dir='ltr'><strong>si</strong></span> <span class='ocrx_word' id='word_1_12' title='bbox 1140 480 1219 544; x_wconf 88' lang='lat' dir='ltr'><strong>ad</strong></span> <span class='ocrx_word' id='word_1_13' title='bbox 1251 480 1678 564; x_wconf 88' lang='lat' dir='ltr'><strong>deponendum</strong></span> <span class='ocrx_word' id='word_1_14' title='bbox 1716 482 1977 547; x_wconf 89' lang='lat' dir='ltr'><strong>dubium</strong></span> <span class='ocrx_word' id='word_1_15' title='bbox 2011 482 2158 548; x_wconf 87' lang='lat' dir='ltr'><strong>licet</strong></span> <span class='ocrx_word' id='word_1_16' title='bbox 2203 502 2514 549; x_wconf 88' lang='lat' dir='ltr'><strong>recurrere</strong></span> <span class='ocrx_word' id='word_1_17' title='bbox 2548 484 2626 548; x_wconf 87' lang='lat' dir='ltr'><strong>ad</strong></span> <span class='ocrx_word' id='word_1_18' title='bbox 2658 504 2798 549; x_wconf 91' lang='lat' dir='ltr'><strong>con-</strong></span> 
     </span>
     <span class='ocr_line' id='line_1_3' title="bbox 332 583 2797 670; baseline 0.002 -23"><span class='ocrx_word' id='word_1_19' title='bbox 332 583 466 647; x_wconf 78' lang='lat' dir='ltr'><strong>silia</strong></span> <span class='ocrx_word' id='word_1_20' title='bbox 504 583 955 666; x_wconf 87' lang='lat' dir='ltr'><strong>sapientiorum</strong></span> <span class='ocrx_word' id='word_1_21' title='bbox 988 586 1051 647; x_wconf 87' lang='lat' dir='ltr'><strong>et</strong></span> <span class='ocrx_word' id='word_1_22' title='bbox 1086 583 1353 666; x_wconf 88' lang='lat' dir='ltr'><strong>piorum,</strong></span> <span class='ocrx_word' id='word_1_23' title='bbox 1392 583 1455 647; x_wconf 89' lang='lat' dir='ltr'><strong>id</strong></span> <span class='ocrx_word' id='word_1_24' title='bbox 1484 585 1691 667; x_wconf 88' lang='lat' dir='ltr'><strong>ipsum</strong></span> <span class='ocrx_word' id='word_1_25' title='bbox 1723 585 1930 651; x_wconf 86' lang='lat' dir='ltr'><strong>valere</strong></span> <span class='ocrx_word' id='word_1_26' title='bbox 1965 585 2147 650; x_wconf 90' lang='lat' dir='ltr'><strong>debet</strong></span> <span class='ocrx_word' id='word_1_27' title='bbox 2177 586 2382 668; x_wconf 89' lang='lat' dir='ltr'><strong>quoad</strong></span> <span class='ocrx_word' id='word_1_28' title='bbox 2414 587 2797 670; x_wconf 88' lang='lat' dir='ltr'><strong>probabilem</strong></span> 
     </span>
     <span class='ocr_line' id='line_1_4' title="bbox 332 685 2796 774; baseline 0.001 -23"><span class='ocrx_word' id='word_1_29' title='bbox 332 685 700 769; x_wconf 75' lang='lat' dir='ltr'><strong>opinionem.</strong></span> <span class='ocrx_word' id='word_1_30' title='bbox 748 685 821 749; x_wconf 92' lang='lat' dir='ltr'><strong>In</strong></span> <span class='ocrx_word' id='word_1_31' title='bbox 882 687 1149 768; x_wconf 88' lang='lat' dir='ltr'><strong>utroque</strong></span> <span class='ocrx_word' id='word_1_32' title='bbox 1194 705 1343 751; x_wconf 85' lang='lat' dir='ltr'><strong>casu</strong></span> <span class='ocrx_word' id='word_1_33' title='bbox 1391 686 1561 751; x_wconf 85' lang='lat' dir='ltr'><strong>aliud</strong></span> <span class='ocrx_word' id='word_1_34' title='bbox 1608 689 1704 752; x_wconf 84' lang='lat' dir='ltr'><strong>est</strong></span> <span class='ocrx_word' id='word_1_35' title='bbox 1749 689 1990 753; x_wconf 89' lang='lat' dir='ltr'><strong>certum</strong></span> <span class='ocrx_word' id='word_1_36' title='bbox 2037 691 2100 753; x_wconf 88' lang='lat' dir='ltr'><strong>et</strong></span> <span class='ocrx_word' id='word_1_37' title='bbox 2147 687 2340 753; x_wconf 85' lang='lat' dir='ltr'><strong>altius</strong></span> <span class='ocrx_word' id='word_1_38' title='bbox 2403 689 2796 774; x_wconf 87' lang='lat' dir='ltr'><strong>principium,</strong></span> 
     </span>
     <span class='ocr_line' id='line_1_5' title="bbox 332 787 1749 872; baseline -0.001 -19"><span class='ocrx_word' id='word_1_39' title='bbox 332 787 491 871; x_wconf 90' lang='lat' dir='ltr'><strong>quod</strong></span> <span class='ocrx_word' id='word_1_40' title='bbox 528 788 618 851; x_wconf 85' lang='lat' dir='ltr'><strong>sic</strong></span> <span class='ocrx_word' id='word_1_41' title='bbox 658 788 917 853; x_wconf 83' lang='lat' dir='ltr'>honeste</span> <span class='ocrx_word' id='word_1_42' title='bbox 955 790 1018 851; x_wconf 86' lang='lat' dir='ltr'><strong>et</strong></span> <span class='ocrx_word' id='word_1_43' title='bbox 1054 787 1225 852; x_wconf 89' lang='lat' dir='ltr'><strong>licite</strong></span> <span class='ocrx_word' id='word_1_44' title='bbox 1262 788 1402 870; x_wconf 88' lang='lat' dir='ltr'><strong>quis</strong></span> <span class='ocrx_word' id='word_1_45' title='bbox 1442 792 1749 872; x_wconf 79' lang='lat' dir='ltr'>operetur.</span> 
     </span>
    </p>
   </div>
   <div class='ocr_carea' id='block_1_3' title="bbox 696 1037 2440 1259">
    <p class='ocr_par' dir='ltr' id='par_1_3' title="bbox 696 1037 2440 1259">
     <span class='ocr_line' id='line_1_6' title="bbox 1412 1037 1707 1101; baseline -0.007 0"><span class='ocrx_word' id='word_1_46' title='bbox 1412 1038 1574 1101; x_wconf 76' lang='lat' dir='ltr'><strong>Due.</strong></span> <span class='ocrx_word' id='word_1_47' title='bbox 1625 1037 1707 1101; x_wconf 93' lang='lat' dir='ltr'><strong>II.</strong></span> 
     </span>
     <span class='ocr_line' id='line_1_7' title="bbox 696 1174 2440 1259; baseline -0.001 -19"><span class='ocrx_word' id='word_1_48' title='bbox 696 1176 867 1258; x_wconf 76' lang='lat' dir='ltr'><strong>Quid</strong></span> <span class='ocrx_word' id='word_1_49' title='bbox 890 1174 1203 1259; x_wconf 76' lang='lat' dir='ltr'><strong>ayendum</strong></span> <span class='ocrx_word' id='word_1_50' title='bbox 1238 1196 1379 1241; x_wconf 77' lang='lat' dir='ltr'><strong>cum</strong></span> <span class='ocrx_word' id='word_1_51' title='bbox 1407 1177 1788 1240; x_wconf 68' lang='lat' dir='ltr'><strong>cmv-scientia</strong></span> <span class='ocrx_word' id='word_1_52' title='bbox 1823 1175 2196 1258; x_wconf 76' lang='lat' dir='ltr'><em>speculative</em></span> <span class='ocrx_word' id='word_1_53' title='bbox 2227 1175 2440 1241; x_wconf 81' lang='lat' dir='ltr'><strong>dubia.</strong></span> 
     </span>
    </p>
   </div>
   <div class='ocr_carea' id='block_1_4' title="bbox 340 1374 2802 1620">
    <p class='ocr_par' dir='ltr' id='par_1_4' title="bbox 340 1374 2802 1620">
     <span class='ocr_line' id='line_1_8' title="bbox 433 1374 2800 1448; baseline -0.002 -11"><span class='ocrx_word' id='word_1_54' title='bbox 433 1385 519 1437; x_wconf 82' lang='grc' dir='ltr'><strong>ΧΙ.</strong></span> <span class='ocrx_word' id='word_1_55' title='bbox 546 1385 675 1436; x_wconf 79' lang='lat' dir='ltr'><strong>Sunt</strong></span> <span class='ocrx_word' id='word_1_56' title='bbox 698 1383 935 1448; x_wconf 77' lang='lat' dir='ltr'><strong>quaedam</strong></span> <span class='ocrx_word' id='word_1_57' title='bbox 962 1380 1010 1435; x_wconf 90' lang='lat' dir='ltr'><strong>in</strong></span> <span class='ocrx_word' id='word_1_58' title='bbox 1042 1374 1309 1445; x_wconf 63' lang='lat' dir='ltr'><strong>‘theologia</strong></span> <span class='ocrx_word' id='word_1_59' title='bbox 1338 1379 1594 1448; x_wconf 82' lang='lat' dir='ltr'><strong>opiniones</strong></span> <span class='ocrx_word' id='word_1_60' title='bbox 1622 1380 1804 1435; x_wconf 79' lang='lat' dir='ltr'>dubiae</span> <span class='ocrx_word' id='word_1_61' title='bbox 1831 1388 1881 1434; x_wconf 77' lang='lat' dir='ltr'><strong>et</strong></span> <span class='ocrx_word' id='word_1_62' title='bbox 1908 1388 2159 1447; x_wconf 58' lang='lat' dir='ltr'><strong>utramque</strong></span> <span class='ocrx_word' id='word_1_63' title='bbox 2184 1379 2458 1448; x_wconf 76' lang='lat' dir='ltr'><strong>in’partem</strong></span> <span class='ocrx_word' id='word_1_64' title='bbox 2501 1376 2800 1447; x_wconf 84' lang='lat' dir='ltr'><strong>probabiles,</strong></span> 
     </span>
     <span class='ocr_line' id='line_1_9' title="bbox 340 1464 2802 1535; baseline -0.001 -14"><span class='ocrx_word' id='word_1_65' title='bbox 340 1483 459 1535; x_wconf 77' lang='lat' dir='ltr'><strong>quae</strong></span> <span class='ocrx_word' id='word_1_66' title='bbox 484 1470 698 1521; x_wconf 82' lang='lat' dir='ltr'><strong>reddunt</strong></span> <span class='ocrx_word' id='word_1_67' title='bbox 726 1466 969 1520; x_wconf 87' lang='lat' dir='ltr'><strong>bominem</strong></span> <span class='ocrx_word' id='word_1_68' title='bbox 1007 1464 1308 1533; x_wconf 79' lang='lat' dir='ltr'><strong>speculative</strong></span> <span class='ocrx_word' id='word_1_69' title='bbox 1347 1465 1565 1519; x_wconf 89' lang='lat' dir='ltr'><strong>dubium.</strong></span> <span class='ocrx_word' id='word_1_70' title='bbox 1598 1466 1865 1534; x_wconf 79' lang='lat' dir='ltr'>Quaeritur</span> <span class='ocrx_word' id='word_1_71' title='bbox 1890 1480 2008 1531; x_wconf 81' lang='lat' dir='ltr'><strong>ergo</strong></span> <span class='ocrx_word' id='word_1_72' title='bbox 2037 1465 2162 1530; x_wconf 87' lang='lat' dir='ltr'><strong>beic,</strong></span> <span class='ocrx_word' id='word_1_73' title='bbox 2189 1481 2250 1519; x_wconf 82' lang='lat' dir='ltr'><strong>an</strong></span> <span class='ocrx_word' id='word_1_74' title='bbox 2289 1474 2336 1519; x_wconf 82' lang='lat' dir='ltr'><strong>et</strong></span> <span class='ocrx_word' id='word_1_75' title='bbox 2374 1468 2620 1533; x_wconf 88' lang='lat' dir='ltr'><strong>quomodo</strong></span> <span class='ocrx_word' id='word_1_76' title='bbox 2648 1480 2707 1518; x_wconf 83' lang='lat' dir='ltr'><strong>ex</strong></span> <span class='ocrx_word' id='word_1_77' title='bbox 2738 1473 2802 1518; x_wconf 78' lang='lat' dir='ltr'><strong>ta·</strong></span> 
     </span>
     <span class='ocr_line' id='line_1_10' title="bbox 344 1550 1679 1620; baseline -0.002 -13"><span class='ocrx_word' id='word_1_78' title='bbox 344 1554 470 1608; x_wconf 86' lang='lat' dir='ltr'><strong>libus</strong></span> <span class='ocrx_word' id='word_1_79' title='bbox 507 1552 667 1620; x_wconf 77' lang='lat' dir='ltr'><strong>possit</strong></span> <span class='ocrx_word' id='word_1_80' title='bbox 706 1550 903 1605; x_wconf 75' lang='lat' dir='ltr'><strong>formari</strong></span> <span class='ocrx_word' id='word_1_81' title='bbox 940 1550 1234 1605; x_wconf 72' lang='lat' dir='ltr'><strong>conscientia</strong></span> <span class='ocrx_word' id='word_1_82' title='bbox 1275 1550 1485 1617; x_wconf 78' lang='lat' dir='ltr'><strong>practice</strong></span> <span class='ocrx_word' id='word_1_83' title='bbox 1528 1558 1679 1604; x_wconf 73' lang='lat' dir='ltr'><strong>certa.</strong></span> 
     </span>
    </p>
   </div>
   <div class='ocr_carea' id='block_1_5' title="bbox 334 1637 2807 2046">
    <p class='ocr_par' dir='ltr' id='par_1_5' title="bbox 334 1637 2807 2046">
     <span class='ocr_line' id='line_1_11' title="bbox 434 1637 2805 1708; baseline -0 -15"><span class='ocrx_word' id='word_1_84' title='bbox 434 1642 585 1708; x_wconf 83' lang='lat' dir='ltr'><strong>Resp.</strong></span> <span class='ocrx_word' id='word_1_85' title='bbox 618 1642 820 1705; x_wconf 83' lang='lat' dir='ltr'>Absque</span> <span class='ocrx_word' id='word_1_86' title='bbox 857 1647 1059 1705; x_wconf 77' lang='lat' dir='ltr'><strong>peccato</strong></span> <span class='ocrx_word' id='word_1_87' title='bbox 1100 1638 1211 1693; x_wconf 73' lang='lat' dir='ltr'><strong>licet</strong></span> <span class='ocrx_word' id='word_1_88' title='bbox 1250 1638 1388 1704; x_wconf 83' lang='lat' dir='ltr'><strong>sequi</strong></span> <span class='ocrx_word' id='word_1_89' title='bbox 1430 1637 1712 1704; x_wconf 84' lang='lat' dir='ltr'><strong>opinionem</strong></span> <span class='ocrx_word' id='word_1_90' title='bbox 1752 1639 2087 1705; x_wconf 80' lang='lat' dir='ltr'><strong>probabilem,</strong></span> <span class='ocrx_word' id='word_1_91' title='bbox 2129 1639 2274 1693; x_wconf 84' lang='lat' dir='ltr'><strong>etiam</strong></span> <span class='ocrx_word' id='word_1_92' title='bbox 2314 1638 2517 1692; x_wconf 83' lang='lat' dir='ltr'><strong>alienam</strong></span> <span class='ocrx_word' id='word_1_93' title='bbox 2558 1645 2606 1692; x_wconf 82' lang='lat' dir='ltr'><strong>et</strong></span> <span class='ocrx_word' id='word_1_94' title='bbox 2645 1638 2805 1692; x_wconf 87' lang='lat' dir='ltr'><strong>minus</strong></span> 
     </span>
     <span class='ocr_line' id='line_1_12' title="bbox 339 1723 2807 1790; baseline -0.001 -12"><span class='ocrx_word' id='word_1_95' title='bbox 339 1731 486 1779; x_wconf 75' lang='lat' dir='ltr'><strong>tutam</strong></span> <span class='ocrx_word' id='word_1_96' title='bbox 529 1727 647 1789; x_wconf 85' lang='lat' dir='ltr'><strong>(boc</strong></span> <span class='ocrx_word' id='word_1_97' title='bbox 684 1732 776 1787; x_wconf 70' lang='lat' dir='ltr'><strong>est,</strong></span> <span class='ocrx_word' id='word_1_98' title='bbox 802 1738 927 1790; x_wconf 83' lang='lat' dir='ltr'><strong>quae</strong></span> <span class='ocrx_word' id='word_1_99' title='bbox 952 1724 1112 1778; x_wconf 83' lang='lat' dir='ltr'><strong>minus</strong></span> <span class='ocrx_word' id='word_1_100' title='bbox 1137 1732 1323 1777; x_wconf 77' lang='lat' dir='ltr'><strong>remota</strong></span> <span class='ocrx_word' id='word_1_101' title='bbox 1362 1723 1588 1777; x_wconf 78' lang='lat' dir='ltr'><strong>videatur</strong></span> <span class='ocrx_word' id='word_1_102' title='bbox 1613 1726 1673 1775; x_wconf 86' lang='lat' dir='ltr'><strong>ab</strong></span> <span class='ocrx_word' id='word_1_103' title='bbox 1713 1723 1848 1777; x_wconf 88' lang='lat' dir='ltr'><strong>omni</strong></span> <span class='ocrx_word' id='word_1_104' title='bbox 1887 1723 2051 1790; x_wconf 85' lang='lat' dir='ltr'><strong>specie</strong></span> <span class='ocrx_word' id='word_1_105' title='bbox 2091 1723 2294 1790; x_wconf 76' lang='lat' dir='ltr'><strong>peceati,</strong></span> <span class='ocrx_word' id='word_1_106' title='bbox 2322 1737 2467 1790; x_wconf 81' lang='lat' dir='ltr'><strong>quam</strong></span> <span class='ocrx_word' id='word_1_107' title='bbox 2496 1725 2690 1790; x_wconf 77' lang='lat' dir='ltr'><strong>altera),</strong></span> <span class='ocrx_word' id='word_1_108' title='bbox 2730 1738 2807 1776; x_wconf 84' lang='lat' dir='ltr'><strong>re·</strong></span> 
     </span>
     <span class='ocr_line' id='line_1_13' title="bbox 336 1807 2805 1876; baseline -0.001 -12"><span class='ocrx_word' id='word_1_109' title='bbox 336 1809 445 1864; x_wconf 75' lang='lat' dir='ltr'><strong>licta</strong></span> <span class='ocrx_word' id='word_1_110' title='bbox 471 1807 809 1876; x_wconf 71' lang='lat' dir='ltr'><strong>probabiliore</strong></span> <span class='ocrx_word' id='word_1_111' title='bbox 835 1816 884 1862; x_wconf 80' lang='lat' dir='ltr'><strong>et</strong></span> <span class='ocrx_word' id='word_1_112' title='bbox 911 1808 1093 1863; x_wconf 77' lang='lat' dir='ltr'><strong>tutiore</strong></span> <span class='ocrx_word' id='word_1_113' title='bbox 1120 1807 1349 1875; x_wconf 84' lang='lat' dir='ltr'><strong>propria:</strong></span> <span class='ocrx_word' id='word_1_114' title='bbox 1376 1811 1565 1862; x_wconf 77' lang='lat' dir='ltr'><strong>seclusa</strong></span> <span class='ocrx_word' id='word_1_115' title='bbox 1607 1814 1768 1862; x_wconf 81' lang='lat' dir='ltr'><strong>tamen</strong></span> <span class='ocrx_word' id='word_1_116' title='bbox 1801 1807 1934 1862; x_wconf 90' lang='lat' dir='ltr'><strong>omni</strong></span> <span class='ocrx_word' id='word_1_117' title='bbox 1971 1808 2151 1863; x_wconf 87' lang='lat' dir='ltr'><strong>iniuria</strong></span> <span class='ocrx_word' id='word_1_118' title='bbox 2177 1815 2227 1864; x_wconf 78' lang='lat' dir='ltr'><strong>et</strong></span> <span class='ocrx_word' id='word_1_119' title='bbox 2258 1807 2477 1875; x_wconf 81' lang='lat' dir='ltr'><strong>periculo</strong></span> <span class='ocrx_word' id='word_1_120' title='bbox 2515 1807 2729 1876; x_wconf 81' lang='lat' dir='ltr'><strong>proximi</strong></span> <span class='ocrx_word' id='word_1_121' title='bbox 2755 1815 2805 1862; x_wconf 74' lang='lat' dir='ltr'><strong>et</strong></span> 
     </span>
     <span class='ocr_line' id='line_1_14' title="bbox 336 1891 2804 1961; baseline 0 -14"><span class='ocrx_word' id='word_1_122' title='bbox 336 1896 602 1947; x_wconf 87' lang='lat' dir='ltr'><strong>dummodo</strong></span> <span class='ocrx_word' id='word_1_123' title='bbox 641 1891 828 1959; x_wconf 88' lang='lat' dir='ltr'><strong>opinio,</strong></span> <span class='ocrx_word' id='word_1_124' title='bbox 862 1907 987 1959; x_wconf 86' lang='lat' dir='ltr'><strong>quae</strong></span> <span class='ocrx_word' id='word_1_125' title='bbox 1025 1892 1241 1957; x_wconf 75' lang='lat' dir='ltr'><strong>eligitur,</strong></span> <span class='ocrx_word' id='word_1_126' title='bbox 1279 1894 1441 1947; x_wconf 79' lang='lat' dir='ltr'><strong>adbuc</strong></span> <span class='ocrx_word' id='word_1_127' title='bbox 1481 1892 1545 1946; x_wconf 77' lang='lat' dir='ltr'><strong>sit</strong></span> <span class='ocrx_word' id='word_1_128' title='bbox 1586 1892 1873 1959; x_wconf 84' lang='lat' dir='ltr'><strong>probabilis.</strong></span> <span class='ocrx_word' id='word_1_129' title='bbox 1915 1896 2000 1948; x_wconf 75' lang='lat' dir='ltr'><strong>Est</strong></span> <span class='ocrx_word' id='word_1_130' title='bbox 2040 1893 2311 1948; x_wconf 83' lang='lat' dir='ltr'><strong>communis</strong></span> <span class='ocrx_word' id='word_1_131' title='bbox 2351 1896 2637 1957; x_wconf 76' lang='lat' dir='ltr'><strong>Doctorum,</strong></span> <span class='ocrx_word' id='word_1_132' title='bbox 2680 1908 2804 1961; x_wconf 82' lang='lat' dir='ltr'><strong>quos</strong></span> 
     </span>
     <span class='ocr_line' id='line_1_15' title="bbox 334 1976 2401 2046; baseline -0.001 -15"><span class='ocrx_word' id='word_1_133' title='bbox 334 1977 449 2032; x_wconf 79' lang='lat' dir='ltr'><strong>citat</strong></span> <span class='ocrx_word' id='word_1_134' title='bbox 485 1985 535 2031; x_wconf 78' lang='lat' dir='ltr'><strong>et</strong></span> <span class='ocrx_word' id='word_1_135' title='bbox 574 1976 795 2043; x_wconf 81' lang='lat' dir='ltr'><strong>sequitur</strong></span> <span class='ocrx_word' id='word_1_136' title='bbox 831 1978 1001 2041; x_wconf 80' lang='lat' dir='ltr'><strong>Laym.</strong></span> <span class='ocrx_word' id='word_1_137' title='bbox 1024 1980 1056 2030; x_wconf 86' lang='grc' dir='ltr'><strong>Ι.</strong></span> <span class='ocrx_word' id='word_1_138' title='bbox 1089 1979 1127 2029; x_wconf 92' lang='grc' dir='ltr'><strong>Ι.</strong></span> <span class='ocrx_word' id='word_1_139' title='bbox 1153 1984 1213 2029; x_wconf 74' lang='lat' dir='ltr'><strong>tr.</strong></span> <span class='ocrx_word' id='word_1_140' title='bbox 1239 1979 1283 2029; x_wconf 80' lang='grc'><strong>1.</strong></span> <span class='ocrx_word' id='word_1_141' title='bbox 1308 1993 1349 2029; x_wconf 88' lang='lat' dir='ltr'><strong>c.</strong></span> <span class='ocrx_word' id='word_1_142' title='bbox 1378 1977 1427 2029; x_wconf 81' lang='lat'><strong>5.</strong></span> <span class='ocrx_word' id='word_1_143' title='bbox 1451 1993 1495 2030; x_wconf 92' lang='lat' dir='ltr'><strong>n.</strong></span> <span class='ocrx_word' id='word_1_144' title='bbox 1516 1978 1567 2030; x_wconf 89' lang='lat'><strong>7.</strong></span> <span class='ocrx_word' id='word_1_145' title='bbox 1591 1984 1639 2030; x_wconf 82' lang='lat' dir='ltr'><strong>et</strong></span> <span class='ocrx_word' id='word_1_146' title='bbox 1660 1979 1841 2032; x_wconf 85' lang='lat' dir='ltr'><strong>Bonae.</strong></span> <span class='ocrx_word' id='word_1_147' title='bbox 1869 1980 1899 2031; x_wconf 90' lang='grc'><strong>1.</strong></span> <span class='ocrx_word' id='word_1_148' title='bbox 1924 1981 1971 2031; x_wconf 77' lang='lat'><strong>2.</strong></span> <span class='ocrx_word' id='word_1_149' title='bbox 1999 1980 2045 2031; x_wconf 88' lang='lat' dir='ltr'><strong>d.</strong></span> <span class='ocrx_word' id='word_1_150' title='bbox 2069 1982 2117 2031; x_wconf 77' lang='lat'><strong>2.</strong></span> <span class='ocrx_word' id='word_1_151' title='bbox 2141 1994 2187 2044; x_wconf 87' lang='lat' dir='ltr'><strong>q.</strong></span> <span class='ocrx_word' id='word_1_152' title='bbox 2214 1977 2259 2031; x_wconf 68' lang='lat'><strong>4.</strong></span> <span class='ocrx_word' id='word_1_153' title='bbox 2282 1993 2329 2046; x_wconf 89' lang='lat' dir='ltr'><strong>p.</strong></span> <span class='ocrx_word' id='word_1_154' title='bbox 2351 1979 2401 2030; x_wconf 88' lang='lat'><strong>9.</strong></span> 
     </span>
    </p>
   </div>
   <div class='ocr_carea' id='block_1_6' title="bbox 342 2060 2805 2299">
    <p class='ocr_par' dir='ltr' id='par_1_6' title="bbox 342 2060 2805 2299">
     <span class='ocr_line' id='line_1_16' title="bbox 441 2060 2804 2127; baseline 0 -11"><span class='ocrx_word' id='word_1_155' title='bbox 441 2061 586 2116; x_wconf 78' lang='lat' dir='ltr'><strong>Ratio</strong></span> <span class='ocrx_word' id='word_1_156' title='bbox 614 2069 707 2127; x_wconf 78' lang='lat' dir='ltr'><strong>est,</strong></span> <span class='ocrx_word' id='word_1_157' title='bbox 737 2068 838 2116; x_wconf 80' lang='lat' dir='ltr'><strong>tum</strong></span> <span class='ocrx_word' id='word_1_158' title='bbox 877 2060 988 2127; x_wconf 86' lang='lat' dir='ltr'><strong>quia</strong></span> <span class='ocrx_word' id='word_1_159' title='bbox 1016 2061 1099 2127; x_wconf 82' lang='lat' dir='ltr'><strong>qui</strong></span> <span class='ocrx_word' id='word_1_160' title='bbox 1126 2061 1345 2127; x_wconf 82' lang='lat' dir='ltr'><strong>sequitur</strong></span> <span class='ocrx_word' id='word_1_161' title='bbox 1374 2061 1663 2115; x_wconf 75' lang='lat' dir='ltr'><strong>sententiam</strong></span> <span class='ocrx_word' id='word_1_162' title='bbox 1690 2062 1830 2127; x_wconf 78' lang='lat' dir='ltr'><strong>gravi</strong></span> <span class='ocrx_word' id='word_1_163' title='bbox 1857 2062 2149 2117; x_wconf 74' lang='lat' dir='ltr'><strong>auctoritate</strong></span> <span class='ocrx_word' id='word_1_164' title='bbox 2177 2064 2258 2117; x_wconf 82' lang='lat' dir='ltr'><strong>vel</strong></span> <span class='ocrx_word' id='word_1_165' title='bbox 2286 2078 2382 2116; x_wconf 90' lang='lat' dir='ltr'><strong>non</strong></span> <span class='ocrx_word' id='word_1_166' title='bbox 2411 2063 2534 2117; x_wconf 82' lang='lat' dir='ltr'><strong>levis</strong></span> <span class='ocrx_word' id='word_1_167' title='bbox 2574 2061 2804 2116; x_wconf 75' lang='lat' dir='ltr'><strong>momenti</strong></span> 
     </span>
     <span class='ocr_line' id='line_1_17' title="bbox 343 2145 2801 2215; baseline -0 -13"><span class='ocrx_word' id='word_1_168' title='bbox 343 2146 533 2202; x_wconf 75' lang='lat' dir='ltr'><strong>ratione</strong></span> <span class='ocrx_word' id='word_1_169' title='bbox 572 2145 737 2201; x_wconf 79' lang='lat' dir='ltr'><strong>nixam</strong></span> <span class='ocrx_word' id='word_1_170' title='bbox 779 2148 921 2211; x_wconf 66' lang='lat' dir='ltr'><strong>(llaec</strong></span> <span class='ocrx_word' id='word_1_171' title='bbox 960 2145 1087 2200; x_wconf 86' lang='lat' dir='ltr'><strong>enim</strong></span> <span class='ocrx_word' id='word_1_172' title='bbox 1114 2145 1289 2200; x_wconf 79' lang='lat' dir='ltr'><strong>dicitur</strong></span> <span class='ocrx_word' id='word_1_173' title='bbox 1322 2146 1629 2214; x_wconf 83' lang='lat' dir='ltr'><strong>probabilis),</strong></span> <span class='ocrx_word' id='word_1_174' title='bbox 1657 2162 1753 2201; x_wconf 86' lang='lat' dir='ltr'><strong>non</strong></span> <span class='ocrx_word' id='word_1_175' title='bbox 1781 2146 1877 2211; x_wconf 76' lang='lat' dir='ltr'><strong>agit</strong></span> <span class='ocrx_word' id='word_1_176' title='bbox 1906 2156 2105 2211; x_wconf 79' lang='lat' dir='ltr'><strong>temere,</strong></span> <span class='ocrx_word' id='word_1_177' title='bbox 2133 2150 2218 2203; x_wconf 85' lang='lat' dir='ltr'><strong>sed</strong></span> <span class='ocrx_word' id='word_1_178' title='bbox 2247 2150 2525 2215; x_wconf 78' lang='lat' dir='ltr'><strong>prudenter,</strong></span> <span class='ocrx_word' id='word_1_179' title='bbox 2552 2149 2801 2213; x_wconf 81' lang='lat' dir='ltr'><strong>sequendo</strong></span> 
     </span>
     <span class='ocr_line' id='line_1_18' title="bbox 342 2231 2805 2299; baseline 0 -13"><span class='ocrx_word' id='word_1_180' title='bbox 342 2232 568 2286; x_wconf 80' lang='lat' dir='ltr'><strong>nimirum</strong></span> <span class='ocrx_word' id='word_1_181' title='bbox 608 2231 829 2286; x_wconf 82' lang='lat' dir='ltr'><strong>virorum</strong></span> <span class='ocrx_word' id='word_1_182' title='bbox 869 2232 1163 2298; x_wconf 78' lang='lat' dir='ltr'><strong>prudentum</strong></span> <span class='ocrx_word' id='word_1_183' title='bbox 1200 2239 1250 2284; x_wconf 79' lang='lat' dir='ltr'><strong>et</strong></span> <span class='ocrx_word' id='word_1_184' title='bbox 1287 2231 1409 2285; x_wconf 76' lang='lat' dir='ltr'><strong>artis</strong></span> <span class='ocrx_word' id='word_1_185' title='bbox 1448 2233 1715 2298; x_wconf 76' lang='lat' dir='ltr'><strong>peritorum</strong></span> <span class='ocrx_word' id='word_1_186' title='bbox 1753 2231 2046 2287; x_wconf 74' lang='lat' dir='ltr'><strong>consilium:</strong></span> <span class='ocrx_word' id='word_1_187' title='bbox 2088 2240 2188 2286; x_wconf 77' lang='lat' dir='ltr'><strong>tum</strong></span> <span class='ocrx_word' id='word_1_188' title='bbox 2225 2233 2338 2299; x_wconf 78' lang='lat' dir='ltr'><strong>qnia</strong></span> <span class='ocrx_word' id='word_1_189' title='bbox 2364 2241 2495 2288; x_wconf 71' lang='lat' dir='ltr'><strong>esset</strong></span> <span class='ocrx_word' id='word_1_190' title='bbox 2520 2247 2645 2287; x_wconf 73' lang='lat' dir='ltr'><strong>onus</strong></span> <span class='ocrx_word' id='word_1_191' title='bbox 2683 2232 2805 2286; x_wconf 83' lang='lat' dir='ltr'><strong>into-</strong></span> 
     </span>
    </p>
   </div>
   <div class='ocr_carea' id='block_1_7' title="bbox 339 2314 2806 2458">
    <p class='ocr_par' dir='ltr' id='par_1_7' title="bbox 339 2314 2806 2458">
     <span class='ocr_line' id='line_1_19' title="bbox 339 2314 2806 2386; baseline -0.001 -14"><span class='ocrx_word' id='word_1_192' title='bbox 339 2316 541 2372; x_wconf 83' lang='lat' dir='ltr'><strong>lenbile</strong></span> <span class='ocrx_word' id='word_1_193' title='bbox 581 2316 843 2383; x_wconf 80' lang='lat' dir='ltr'><strong>multisque</strong></span> <span class='ocrx_word' id='word_1_194' title='bbox 894 2314 1139 2383; x_wconf 80' lang='lat' dir='ltr'><strong>scrupulis</strong></span> <span class='ocrx_word' id='word_1_195' title='bbox 1187 2316 1480 2383; x_wconf 80' lang='lat' dir='ltr'><strong>expositum,</strong></span> <span class='ocrx_word' id='word_1_196' title='bbox 1520 2316 1569 2370; x_wconf 91' lang='lat' dir='ltr'><strong>in</strong></span> <span class='ocrx_word' id='word_1_197' title='bbox 1620 2317 1752 2372; x_wconf 89' lang='lat' dir='ltr'><strong>omni</strong></span> <span class='ocrx_word' id='word_1_198' title='bbox 1790 2333 1844 2372; x_wconf 90' lang='lat' dir='ltr'><strong>re</strong></span> <span class='ocrx_word' id='word_1_199' title='bbox 1893 2318 2186 2382; x_wconf 79' lang='lat' dir='ltr'><strong>examinare,</strong></span> <span class='ocrx_word' id='word_1_200' title='bbox 2222 2317 2339 2384; x_wconf 86' lang='lat' dir='ltr'><strong>quid</strong></span> <span class='ocrx_word' id='word_1_201' title='bbox 2394 2317 2458 2373; x_wconf 76' lang='lat' dir='ltr'><strong>sit</strong></span> <span class='ocrx_word' id='word_1_202' title='bbox 2504 2316 2806 2386; x_wconf 74' lang='lat' dir='ltr'><strong>probabilius</strong></span> 
     </span>
     <span class='ocr_line' id='line_1_20' title="bbox 340 2401 597 2458; baseline -0.012 0"><span class='ocrx_word' id='word_1_203' title='bbox 340 2411 386 2458; x_wconf 77' lang='lat' dir='ltr'><strong>et</strong></span> <span class='ocrx_word' id='word_1_204' title='bbox 426 2401 597 2456; x_wconf 75' lang='lat' dir='ltr'><strong>tutius.</strong></span> 
     </span>
    </p>
   </div>
   <div class='ocr_carea' id='block_1_8' title="bbox 334 2520 2809 3426">
    <p class='ocr_par' dir='ltr' id='par_1_8' title="bbox 427 2520 2806 2609">
     <span class='ocr_line' id='line_1_21' title="bbox 427 2520 2806 2609; baseline -0.003 -12"><span class='ocrx_word' id='word_1_205' title='bbox 427 2520 584 2596; x_wconf 79' lang='lat'><strong>1¹1⁰.</strong></span> <span class='ocrx_word' id='word_1_206' title='bbox 626 2524 865 2591; x_wconf 81' lang='lat' dir='ltr'><strong>Auctor</strong></span> <span class='ocrx_word' id='word_1_207' title='bbox 915 2527 982 2588; x_wconf 85' lang='lat'><strong>1⁰</strong></span> <span class='ocrx_word' id='word_1_208' title='bbox 1012 2523 1386 2608; x_wconf 85' lang='lat' dir='ltr'><strong>praemittit,</strong></span> <span class='ocrx_word' id='word_1_209' title='bbox 1421 2524 1631 2591; x_wconf 82' lang='lat' dir='ltr'><strong>adesse</strong></span> <span class='ocrx_word' id='word_1_210' title='bbox 1680 2524 2033 2609; x_wconf 87' lang='lat' dir='ltr'><strong>opinionem</strong></span> <span class='ocrx_word' id='word_1_211' title='bbox 2078 2525 2140 2591; x_wconf 93' lang='lat' dir='ltr'><strong>in</strong></span> <span class='ocrx_word' id='word_1_212' title='bbox 2189 2528 2522 2609; x_wconf 87' lang='lat' dir='ltr'><strong>utramque</strong></span> <span class='ocrx_word' id='word_1_213' title='bbox 2567 2527 2806 2609; x_wconf 86' lang='lat' dir='ltr'><strong>partem</strong></span> 
     </span>
    </p>

    <p class='ocr_par' dir='ltr' id='par_1_9' title="bbox 336 2627 2808 2815">
     <span class='ocr_line' id='line_1_22' title="bbox 340 2627 2808 2713; baseline 0 -20"><span class='ocrx_word' id='word_1_214' title='bbox 340 2628 694 2713; x_wconf 84' lang='lat' dir='ltr'><strong>probabiles</strong></span> <span class='ocrx_word' id='word_1_215' title='bbox 739 2632 804 2694; x_wconf 90' lang='lat' dir='ltr'><strong>et</strong></span> <span class='ocrx_word' id='word_1_216' title='bbox 845 2629 913 2693; x_wconf 91' lang='lat' dir='ltr'><strong>in</strong></span> <span class='ocrx_word' id='word_1_217' title='bbox 961 2628 1214 2710; x_wconf 89' lang='lat' dir='ltr'><strong>obliquo</strong></span> <span class='ocrx_word' id='word_1_218' title='bbox 1259 2627 1496 2693; x_wconf 86' lang='lat' dir='ltr'><strong>indicat</strong></span> <span class='ocrx_word' id='word_1_219' title='bbox 1542 2629 1972 2694; x_wconf 81' lang='lat' dir='ltr'><strong>necessitatem</strong></span> <span class='ocrx_word' id='word_1_220' title='bbox 2019 2628 2328 2694; x_wconf 85' lang='lat' dir='ltr'><strong>formandi</strong></span> <span class='ocrx_word' id='word_1_221' title='bbox 2363 2628 2808 2695; x_wconf 77' lang='lat' dir='ltr'><strong>conscientiam</strong></span> 
     </span>
     <span class='ocr_line' id='line_1_23' title="bbox 336 2732 903 2815; baseline -0.005 -18"><span class='ocrx_word' id='word_1_222' title='bbox 336 2732 611 2815; x_wconf 79' lang='lat' dir='ltr'><strong>practice</strong></span> <span class='ocrx_word' id='word_1_223' title='bbox 646 2734 903 2797; x_wconf 77' lang='lat' dir='ltr'><strong>certam,</strong></span> 
     </span>
    </p>

    <p class='ocr_par' dir='ltr' id='par_1_10' title="bbox 334 2833 2809 3328">
     <span class='ocr_line' id='line_1_24' title="bbox 519 2833 2809 2918; baseline 0 -20"><span class='ocrx_word' id='word_1_224' title='bbox 519 2834 593 2898; x_wconf 85' lang='lat'><strong>2⁰</strong></span> <span class='ocrx_word' id='word_1_225' title='bbox 614 2835 688 2898; x_wconf 82' lang='lat' dir='ltr'><strong>ln</strong></span> <span class='ocrx_word' id='word_1_226' title='bbox 718 2833 1114 2917; x_wconf 82' lang='lat' dir='ltr'><strong>responsione</strong></span> <span class='ocrx_word' id='word_1_227' title='bbox 1145 2834 1375 2899; x_wconf 75' lang='lat' dir='ltr'><strong>statuit</strong></span> <span class='ocrx_word' id='word_1_228' title='bbox 1404 2834 1588 2899; x_wconf 88' lang='lat' dir='ltr'><strong>licere</strong></span> <span class='ocrx_word' id='word_1_229' title='bbox 1610 2835 1788 2917; x_wconf 85' lang='lat' dir='ltr'><strong>sequi</strong></span> <span class='ocrx_word' id='word_1_230' title='bbox 1811 2834 2163 2917; x_wconf 88' lang='lat' dir='ltr'><strong>opinionem</strong></span> <span class='ocrx_word' id='word_1_231' title='bbox 2185 2834 2571 2918; x_wconf 86' lang='lat' dir='ltr'><strong>probabilem</strong></span> <span class='ocrx_word' id='word_1_232' title='bbox 2601 2835 2809 2899; x_wconf 81' lang='lat' dir='ltr'><strong>minus</strong></span> 
     </span>
     <span class='ocr_line' id='line_1_25' title="bbox 334 2936 2809 3022; baseline -0.001 -20"><span class='ocrx_word' id='word_1_233' title='bbox 334 2939 567 3010; x_wconf 81' lang='lat' dir='ltr'><strong>tutam,</strong></span> <span class='ocrx_word' id='word_1_234' title='bbox 593 2936 811 3001; x_wconf 84' lang='lat' dir='ltr'><strong>relicta</strong></span> <span class='ocrx_word' id='word_1_235' title='bbox 833 2936 1026 3001; x_wconf 88' lang='lat' dir='ltr'><strong>etiam</strong></span> <span class='ocrx_word' id='word_1_236' title='bbox 1050 2936 1490 3018; x_wconf 71' lang='lat' dir='ltr'><strong>probabiliore,</strong></span> <span class='ocrx_word' id='word_1_237' title='bbox 1517 2936 1855 3002; x_wconf 87' lang='lat' dir='ltr'><strong>dummodo</strong></span> <span class='ocrx_word' id='word_1_238' title='bbox 1881 2938 2111 3020; x_wconf 92' lang='lat' dir='ltr'><strong>opinio,</strong></span> <span class='ocrx_word' id='word_1_239' title='bbox 2130 2956 2289 3018; x_wconf 86' lang='lat' dir='ltr'><strong>quae</strong></span> <span class='ocrx_word' id='word_1_240' title='bbox 2314 2938 2589 3022; x_wconf 86' lang='lat' dir='ltr'><strong>eligitur,</strong></span> <span class='ocrx_word' id='word_1_241' title='bbox 2608 2937 2809 3001; x_wconf 89' lang='lat' dir='ltr'><strong>adhuc</strong></span> 
     </span>
     <span class='ocr_line' id='line_1_26' title="bbox 334 3037 2807 3124; baseline -0.001 -19"><span class='ocrx_word' id='word_1_242' title='bbox 334 3040 419 3105; x_wconf 79' lang='lat' dir='ltr'><strong>sit</strong></span> <span class='ocrx_word' id='word_1_243' title='bbox 441 3038 806 3124; x_wconf 77' lang='lat' dir='ltr'><strong>probabilis,</strong></span> <span class='ocrx_word' id='word_1_244' title='bbox 838 3037 1032 3103; x_wconf 83' lang='lat' dir='ltr'><strong>Addit</strong></span> <span class='ocrx_word' id='word_1_245' title='bbox 1055 3037 1119 3101; x_wconf 93' lang='lat' dir='ltr'><strong>id</strong></span> <span class='ocrx_word' id='word_1_246' title='bbox 1140 3038 1411 3122; x_wconf 79' lang='lat' dir='ltr'><strong>intelligi</strong></span> <span class='ocrx_word' id='word_1_247' title='bbox 1446 3039 1520 3104; x_wconf 89' lang='lat' dir='ltr'><strong>de</strong></span> <span class='ocrx_word' id='word_1_248' title='bbox 1553 3039 1862 3122; x_wconf 81' lang='lat' dir='ltr'><strong>probabili</strong></span> <span class='ocrx_word' id='word_1_249' title='bbox 1897 3040 2184 3121; x_wconf 89' lang='lat' dir='ltr'><strong>opinione</strong></span> <span class='ocrx_word' id='word_1_250' title='bbox 2209 3058 2330 3104; x_wconf 92' lang='lat' dir='ltr'><strong>non</strong></span> <span class='ocrx_word' id='word_1_251' title='bbox 2356 3039 2539 3104; x_wconf 90' lang='lat' dir='ltr'><strong>modo</strong></span> <span class='ocrx_word' id='word_1_252' title='bbox 2573 3041 2807 3114; x_wconf 81' lang='lat' dir='ltr'><strong>nostra,</strong></span> 
     </span>
     <span class='ocr_line' id='line_1_27' title="bbox 335 3140 2807 3223; baseline -0.002 -16"><span class='ocrx_word' id='word_1_253' title='bbox 335 3143 435 3207; x_wconf 88' lang='lat' dir='ltr'><strong>sed</strong></span> <span class='ocrx_word' id='word_1_254' title='bbox 478 3142 708 3207; x_wconf 87' lang='lat' dir='ltr'><strong>aliena.</strong></span> <span class='ocrx_word' id='word_1_255' title='bbox 732 3142 826 3205; x_wconf 90' lang='lat' dir='ltr'><strong>De</strong></span> <span class='ocrx_word' id='word_1_256' title='bbox 855 3140 1082 3223; x_wconf 84' lang='lat' dir='ltr'><strong>quibus</strong></span> <span class='ocrx_word' id='word_1_257' title='bbox 1112 3140 1328 3206; x_wconf 86' lang='lat' dir='ltr'><strong>deinde</strong></span> <span class='ocrx_word' id='word_1_258' title='bbox 1360 3142 1668 3206; x_wconf 87' lang='lat' dir='ltr'><strong>rationem</strong></span> <span class='ocrx_word' id='word_1_259' title='bbox 1700 3141 2028 3204; x_wconf 84' lang='lat' dir='ltr'><strong>seiunctim</strong></span> <span class='ocrx_word' id='word_1_260' title='bbox 2061 3140 2284 3203; x_wconf 83' lang='lat' dir='ltr'><strong>reddit.</strong></span> <span class='ocrx_word' id='word_1_261' title='bbox 2313 3141 2401 3204; x_wconf 88' lang='lat' dir='ltr'><strong>De</strong></span> <span class='ocrx_word' id='word_1_262' title='bbox 2433 3141 2807 3221; x_wconf 82' lang='lat' dir='ltr'><strong>exceptione,</strong></span> 
     </span>
     <span class='ocr_line' id='line_1_28' title="bbox 336 3241 2079 3328; baseline -0.004 -18"><span class='ocrx_word' id='word_1_263' title='bbox 336 3245 439 3310; x_wconf 90' lang='lat' dir='ltr'><strong>ubi</strong></span> <span class='ocrx_word' id='word_1_264' title='bbox 480 3243 833 3328; x_wconf 88' lang='lat' dir='ltr'><strong>periculum</strong></span> <span class='ocrx_word' id='word_1_265' title='bbox 868 3243 953 3308; x_wconf 80' lang='lat' dir='ltr'><strong>sit</strong></span> <span class='ocrx_word' id='word_1_266' title='bbox 989 3242 1203 3307; x_wconf 84' lang='lat' dir='ltr'><strong>damni</strong></span> <span class='ocrx_word' id='word_1_267' title='bbox 1240 3243 1520 3308; x_wconf 80' lang='lat' dir='ltr'><strong>alterius,</strong></span> <span class='ocrx_word' id='word_1_268' title='bbox 1564 3245 1782 3324; x_wconf 82' lang='lat' dir='ltr'><strong>postea</strong></span> <span class='ocrx_word' id='word_1_269' title='bbox 1819 3241 2079 3306; x_wconf 85' lang='lat' dir='ltr'><strong>dicetur.</strong></span> 
     </span>
    </p>

    <p class='ocr_par' dir='ltr' id='par_1_11' title="bbox 518 3343 1792 3426">
     <span class='ocr_line' id='line_1_29' title="bbox 518 3343 1792 3426; baseline -0.004 -16"><span class='ocrx_word' id='word_1_270' title='bbox 518 3343 591 3410; x_wconf 85' lang='lat'><strong>3⁰</strong></span> <span class='ocrx_word' id='word_1_271' title='bbox 621 3344 852 3412; x_wconf 84' lang='lat' dir='ltr'><strong>Reddit</strong></span> <span class='ocrx_word' id='word_1_272' title='bbox 886 3345 1193 3410; x_wconf 85' lang='lat' dir='ltr'><strong>rationem</strong></span> <span class='ocrx_word' id='word_1_273' title='bbox 1231 3345 1427 3409; x_wconf 78' lang='lat' dir='ltr'><strong>thesis</strong></span> <span class='ocrx_word' id='word_1_274' title='bbox 1465 3343 1792 3426; x_wconf 79' lang='lat' dir='ltr'><strong>generalis.</strong></span> 
     </span>
    </p>
   </div>
   <div class='ocr_carea' id='block_1_9' title="bbox 431 3559 2706 3652">
    <p class='ocr_par' dir='ltr' id='par_1_12' title="bbox 431 3559 2706 3652">
     <span class='ocr_line' id='line_1_30' title="bbox 431 3559 2706 3652; baseline -0.003 -21"><span class='ocrx_word' id='word_1_275' title='bbox 431 3569 492 3652; x_wconf 68' lang='lat' dir='ltr'><strong>g.</strong></span> <span class='ocrx_word' id='word_1_276' title='bbox 538 3568 596 3631; x_wconf 89' lang='lat'><strong>1.</strong></span> <span class='ocrx_word' id='word_1_277' title='bbox 632 3564 733 3629; x_wconf 87' lang='lat' dir='ltr'><strong>De</strong></span> <span class='ocrx_word' id='word_1_278' title='bbox 765 3566 1126 3628; x_wconf 71' lang='lat' dir='ltr'><strong>necessitate</strong></span> <span class='ocrx_word' id='word_1_279' title='bbox 1160 3563 1381 3627; x_wconf 78' lang='lat' dir='ltr'><strong>iudicii</strong></span> <span class='ocrx_word' id='word_1_280' title='bbox 1400 3564 1679 3643; x_wconf 73' lang='lat' dir='ltr'><strong>practice</strong></span> <span class='ocrx_word' id='word_1_281' title='bbox 1709 3563 1868 3625; x_wconf 76' lang='lat' dir='ltr'><strong>certi</strong></span> <span class='ocrx_word' id='word_1_282' title='bbox 1895 3562 2068 3625; x_wconf 81' lang='lat' dir='ltr'><strong>cirea</strong></span> <span class='ocrx_word' id='word_1_283' title='bbox 2096 3565 2277 3625; x_wconf 68' lang='lat' dir='ltr'><strong>actus</strong></span> <span class='ocrx_word' id='word_1_284' title='bbox 2306 3559 2706 3625; x_wconf 64' lang='lat' dir='ltr'><strong>kmoesmtem.</strong></span> 
     </span>
    </p>
   </div>
   <div class='ocr_carea' id='block_1_10' title="bbox 328 3754 2818 4649">
    <p class='ocr_par' dir='ltr' id='par_1_13' title="bbox 328 3754 2818 4649">
     <span class='ocr_line' id='line_1_31' title="bbox 424 3754 2812 3841; baseline -0.005 -12"><span class='ocrx_word' id='word_1_285' title='bbox 424 3758 563 3833; x_wconf 87' lang='grc'><strong>171.</strong></span> <span class='ocrx_word' id='word_1_286' title='bbox 599 3762 859 3834; x_wconf 77' lang='lat' dir='ltr'><strong>Auctor,</strong></span> <span class='ocrx_word' id='word_1_287' title='bbox 894 3759 989 3823; x_wconf 84' lang='lat' dir='ltr'><strong>uti</strong></span> <span class='ocrx_word' id='word_1_288' title='bbox 1036 3763 1230 3841; x_wconf 86' lang='lat' dir='ltr'><strong>patet,</strong></span> <span class='ocrx_word' id='word_1_289' title='bbox 1264 3757 1561 3840; x_wconf 85' lang='lat' dir='ltr'><strong>supponit</strong></span> <span class='ocrx_word' id='word_1_290' title='bbox 1598 3757 1828 3840; x_wconf 79' lang='lat' dir='ltr'><strong>potius,</strong></span> <span class='ocrx_word' id='word_1_291' title='bbox 1863 3775 2054 3838; x_wconf 82' lang='lat' dir='ltr'><strong>quam</strong></span> <span class='ocrx_word' id='word_1_292' title='bbox 2101 3756 2354 3822; x_wconf 78' lang='lat' dir='ltr'><strong>studeat</strong></span> <span class='ocrx_word' id='word_1_293' title='bbox 2403 3756 2698 3826; x_wconf 77' lang='lat' dir='ltr'><strong>evincere,</strong></span> <span class='ocrx_word' id='word_1_294' title='bbox 2734 3754 2812 3818; x_wconf 88' lang='lat' dir='ltr'><strong>ad</strong></span> 
     </span>
     <span class='ocr_line' id='line_1_32' title="bbox 336 3856 2812 3948; baseline -0.005 -17"><span class='ocrx_word' id='word_1_295' title='bbox 336 3867 600 3931; x_wconf 74' lang='lat' dir='ltr'><strong>honeste</strong></span> <span class='ocrx_word' id='word_1_296' title='bbox 646 3862 959 3948; x_wconf 83' lang='lat' dir='ltr'><strong>agendum</strong></span> <span class='ocrx_word' id='word_1_297' title='bbox 1000 3860 1231 3942; x_wconf 86' lang='lat' dir='ltr'><strong>requiri</strong></span> <span class='ocrx_word' id='word_1_298' title='bbox 1268 3859 1711 3925; x_wconf 79' lang='lat' dir='ltr'><strong>conscientiam</strong></span> <span class='ocrx_word' id='word_1_299' title='bbox 1740 3860 2010 3942; x_wconf 81' lang='lat' dir='ltr'><strong>practice</strong></span> <span class='ocrx_word' id='word_1_300' title='bbox 2045 3865 2302 3932; x_wconf 87' lang='lat' dir='ltr'><strong>certam,</strong></span> <span class='ocrx_word' id='word_1_301' title='bbox 2354 3857 2512 3922; x_wconf 78' lang='lat' dir='ltr'><strong>idest</strong></span> <span class='ocrx_word' id='word_1_302' title='bbox 2559 3856 2812 3937; x_wconf 83' lang='lat' dir='ltr'><strong>requiri,</strong></span> 
     </span>
     <span class='ocr_line' id='line_1_33' title="bbox 336 3957 2812 4052; baseline -0.006 -17"><span class='ocrx_word' id='word_1_303' title='bbox 336 3974 406 4035; x_wconf 86' lang='lat' dir='ltr'><strong>ut</strong></span> <span class='ocrx_word' id='word_1_304' title='bbox 442 3969 555 4052; x_wconf 91' lang='lat' dir='ltr'><strong>qui</strong></span> <span class='ocrx_word' id='word_1_305' title='bbox 606 3966 765 4052; x_wconf 84' lang='lat' dir='ltr'><strong>agit,</strong></span> <span class='ocrx_word' id='word_1_306' title='bbox 798 3969 967 4030; x_wconf 86' lang='lat' dir='ltr'><strong>certo</strong></span> <span class='ocrx_word' id='word_1_307' title='bbox 1014 3969 1214 4048; x_wconf 87' lang='lat' dir='ltr'><strong>putet,</strong></span> <span class='ocrx_word' id='word_1_308' title='bbox 1248 3985 1312 4028; x_wconf 85' lang='lat' dir='ltr'><strong>se</strong></span> <span class='ocrx_word' id='word_1_309' title='bbox 1358 3965 1612 4028; x_wconf 76' lang='lat' dir='ltr'><strong>honeste</strong></span> <span class='ocrx_word' id='word_1_310' title='bbox 1659 3982 1863 4046; x_wconf 81' lang='lat' dir='ltr'><strong>agere.</strong></span> <span class='ocrx_word' id='word_1_311' title='bbox 1913 3959 2218 4044; x_wconf 86' lang='lat' dir='ltr'><strong>Supponit</strong></span> <span class='ocrx_word' id='word_1_312' title='bbox 2267 3963 2515 4026; x_wconf 83' lang='lat' dir='ltr'><strong>autem:</strong></span> <span class='ocrx_word' id='word_1_313' title='bbox 2556 3957 2700 4040; x_wconf 84' lang='lat' dir='ltr'><strong>quia</strong></span> <span class='ocrx_word' id='word_1_314' title='bbox 2753 3957 2812 4020; x_wconf 88' lang='lat' dir='ltr'><strong>id</strong></span> 
     </span>
     <span class='ocr_line' id='line_1_34' title="bbox 332 4061 2812 4150; baseline -0.005 -14"><span class='ocrx_word' id='word_1_315' title='bbox 332 4072 630 4136; x_wconf 83' lang='lat' dir='ltr'><strong>innuerat</strong></span> <span class='ocrx_word' id='word_1_316' title='bbox 660 4069 726 4132; x_wconf 86' lang='lat' dir='ltr'><strong>in</strong></span> <span class='ocrx_word' id='word_1_317' title='bbox 759 4068 1179 4150; x_wconf 79' lang='lat' dir='ltr'><strong>Responsione</strong></span> <span class='ocrx_word' id='word_1_318' title='bbox 1226 4066 1487 4129; x_wconf 80' lang='lat' dir='ltr'><strong>secunda</strong></span> <span class='ocrx_word' id='word_1_319' title='bbox 1524 4066 1711 4129; x_wconf 88' lang='lat' dir='ltr'><strong>Dubii</strong></span> <span class='ocrx_word' id='word_1_320' title='bbox 1742 4062 2183 4147; x_wconf 72' lang='lat' dir='ltr'><strong>praecedentis,</strong></span> <span class='ocrx_word' id='word_1_321' title='bbox 2219 4061 2468 4145; x_wconf 88' lang='lat' dir='ltr'><strong>quando</strong></span> <span class='ocrx_word' id='word_1_322' title='bbox 2507 4061 2812 4125; x_wconf 81' lang='lat' dir='ltr'><strong>rationem</strong></span> 
     </span>
     <span class='ocr_line' id='line_1_35' title="bbox 332 4164 2811 4254; baseline -0.004 -16"><span class='ocrx_word' id='word_1_323' title='bbox 332 4174 627 4250; x_wconf 87' lang='lat' dir='ltr'><strong>reddidit,</strong></span> <span class='ocrx_word' id='word_1_324' title='bbox 662 4192 776 4237; x_wconf 82' lang='lat' dir='ltr'><strong>eur</strong></span> <span class='ocrx_word' id='word_1_325' title='bbox 812 4183 1019 4254; x_wconf 83' lang='lat' dir='ltr'><strong>peccet</strong></span> <span class='ocrx_word' id='word_1_326' title='bbox 1054 4170 1337 4252; x_wconf 71' lang='lat' dir='ltr'><strong>quisquis</strong></span> <span class='ocrx_word' id='word_1_327' title='bbox 1370 4173 1663 4252; x_wconf 86' lang='lat' dir='ltr'><strong>operatur</strong></span> <span class='ocrx_word' id='word_1_328' title='bbox 1694 4189 1834 4232; x_wconf 87' lang='lat' dir='ltr'><strong>cum</strong></span> <span class='ocrx_word' id='word_1_329' title='bbox 1873 4167 2248 4231; x_wconf 77' lang='lat' dir='ltr'><strong>conscientia</strong></span> <span class='ocrx_word' id='word_1_330' title='bbox 2299 4166 2565 4249; x_wconf 75' lang='lat' dir='ltr'><strong>practice</strong></span> <span class='ocrx_word' id='word_1_331' title='bbox 2602 4164 2811 4236; x_wconf 82' lang='lat' dir='ltr'><strong>dubia,</strong></span> 
     </span>
     <span class='ocr_line' id='line_1_36' title="bbox 334 4269 2814 4351; baseline -0.004 -11"><span class='ocrx_word' id='word_1_332' title='bbox 334 4277 493 4343; x_wconf 81' lang='lat' dir='ltr'><strong>idest</strong></span> <span class='ocrx_word' id='word_1_333' title='bbox 528 4277 667 4341; x_wconf 85' lang='lat' dir='ltr'><strong>sine</strong></span> <span class='ocrx_word' id='word_1_334' title='bbox 698 4273 930 4337; x_wconf 85' lang='lat' dir='ltr'><strong>iudicio</strong></span> <span class='ocrx_word' id='word_1_335' title='bbox 965 4277 1135 4337; x_wconf 77' lang='lat' dir='ltr'><strong>certo</strong></span> <span class='ocrx_word' id='word_1_336' title='bbox 1182 4272 1257 4337; x_wconf 82' lang='lat' dir='ltr'><strong>de</strong></span> <span class='ocrx_word' id='word_1_337' title='bbox 1300 4273 1629 4336; x_wconf 58' lang='lat' dir='ltr'><strong>honestate</strong></span> <span class='ocrx_word' id='word_1_338' title='bbox 1678 4270 1940 4334; x_wconf 77' lang='lat' dir='ltr'><strong>aetionis</strong></span> <span class='ocrx_word' id='word_1_339' title='bbox 1987 4288 2156 4334; x_wconf 69' lang='lat' dir='ltr'><strong>suae.</strong></span> <span class='ocrx_word' id='word_1_340' title='bbox 2193 4269 2270 4333; x_wconf 77' lang='lat' dir='ltr'><strong>Et</strong></span> <span class='ocrx_word' id='word_1_341' title='bbox 2303 4269 2502 4351; x_wconf 66' lang='lat' dir='ltr'><strong>reipsa</strong></span> <span class='ocrx_word' id='word_1_342' title='bbox 2543 4285 2814 4332; x_wconf 80' lang='lat' dir='ltr'><strong>commu·</strong></span> 
     </span>
     <span class='ocr_line' id='line_1_37' title="bbox 334 4371 2818 4455; baseline -0.004 -11"><span class='ocrx_word' id='word_1_343' title='bbox 334 4380 495 4445; x_wconf 88' lang='lat' dir='ltr'><strong>niter</strong></span> <span class='ocrx_word' id='word_1_344' title='bbox 532 4379 845 4444; x_wconf 66' lang='lat' dir='ltr'><strong>Doctores</strong></span> <span class='ocrx_word' id='word_1_345' title='bbox 876 4374 954 4439; x_wconf 87' lang='lat' dir='ltr'><strong>ad</strong></span> <span class='ocrx_word' id='word_1_346' title='bbox 999 4374 1403 4440; x_wconf 61' lang='lat' dir='ltr'><strong>eximendum</strong></span> <span class='ocrx_word' id='word_1_347' title='bbox 1450 4381 1693 4438; x_wconf 86' lang='lat' dir='ltr'><strong>reatum</strong></span> <span class='ocrx_word' id='word_1_348' title='bbox 1733 4373 2046 4455; x_wconf 79' lang='lat' dir='ltr'><strong>operantis</strong></span> <span class='ocrx_word' id='word_1_349' title='bbox 2076 4392 2220 4437; x_wconf 85' lang='lat' dir='ltr'><strong>cum</strong></span> <span class='ocrx_word' id='word_1_350' title='bbox 2267 4371 2642 4436; x_wconf 66' lang='lat' dir='ltr'><strong>conscientia</strong></span> <span class='ocrx_word' id='word_1_351' title='bbox 2683 4389 2818 4452; x_wconf 73' lang='lat' dir='ltr'><strong>pra-</strong></span> 
     </span>
     <span class='ocr_line' id='line_1_38' title="bbox 331 4473 2818 4557; baseline -0.007 -9"><span class='ocrx_word' id='word_1_352' title='bbox 331 4482 488 4547; x_wconf 80' lang='lat' dir='ltr'><strong>ctice</strong></span> <span class='ocrx_word' id='word_1_353' title='bbox 526 4479 745 4554; x_wconf 84' lang='lat' dir='ltr'><strong>dubia,</strong></span> <span class='ocrx_word' id='word_1_354' title='bbox 788 4478 901 4541; x_wconf 85' lang='lat' dir='ltr'><strong>hae</strong></span> <span class='ocrx_word' id='word_1_355' title='bbox 930 4478 1199 4541; x_wconf 80' lang='lat' dir='ltr'><strong>maxime</strong></span> <span class='ocrx_word' id='word_1_356' title='bbox 1244 4477 1485 4540; x_wconf 81' lang='lat' dir='ltr'><strong>ratione</strong></span> <span class='ocrx_word' id='word_1_357' title='bbox 1532 4479 1820 4542; x_wconf 77' lang='lat' dir='ltr'><strong>utuntur,</strong></span> <span class='ocrx_word' id='word_1_358' title='bbox 1861 4474 2024 4557; x_wconf 84' lang='lat' dir='ltr'><strong>quod</strong></span> <span class='ocrx_word' id='word_1_359' title='bbox 2071 4501 2102 4528; x_wconf 71' lang='lat' dir='ltr'><em>a</em></span> <span class='ocrx_word' id='word_1_360' title='bbox 2139 4476 2252 4556; x_wconf 74' lang='lat' dir='ltr'><strong>qui</strong></span> <span class='ocrx_word' id='word_1_361' title='bbox 2293 4476 2448 4556; x_wconf 68' lang='lat' dir='ltr'><strong>affl,</strong></span> <span class='ocrx_word' id='word_1_362' title='bbox 2483 4473 2658 4538; x_wconf 52' lang='lat' dir='ltr'><strong>debat</strong></span> <span class='ocrx_word' id='word_1_363' title='bbox 2687 4491 2818 4534; x_wconf 53' lang='lat' dir='ltr'><strong>eme</strong></span> 
     </span>
     <span class='ocr_line' id='line_1_39' title="bbox 328 4579 1443 4649; baseline -0.005 -1"><span class='ocrx_word' id='word_1_364' title='bbox 328 4590 539 4649; x_wconf 70' lang='lat' dir='ltr'><strong>certa-s</strong></span> <span class='ocrx_word' id='word_1_365' title='bbox 569 4581 651 4644; x_wconf 74' lang='lat' dir='ltr'><strong>&lt;le</strong></span> <span class='ocrx_word' id='word_1_366' title='bbox 688 4579 1007 4644; x_wconf 55' lang='lat' dir='ltr'><strong>honestae</strong></span> <span class='ocrx_word' id='word_1_367' title='bbox 1035 4582 1142 4644; x_wconf 66' lang='lat' dir='ltr'><strong>aaa·</strong></span> <span class='ocrx_word' id='word_1_368' title='bbox 1168 4584 1347 4643; x_wconf 66' lang='lat' dir='ltr'><strong>actus</strong></span> <span class='ocrx_word' id='word_1_369' title='bbox 1382 4609 1443 4642; x_wconf 62' lang='lat' dir='ltr'><strong>n.</strong></span> 
     </span>
    </p>
   </div>
  </div>
 </body>
</html>
