3529 5158
348 373 490 449 [106]
691 389 776 430 Art
813 389 1025 432 nmmae
1060 391 1252 433 actus
1289 389 1714 431 rumpamus.
1756 388 2048 430 nmmpna
2085 388 2166 429 nx
2204 387 2250 429 s.
2285 385 2498 426 mona
2738 369 2808 424 99

351 489 443 551 est
473 487 814 551 secundum
846 504 909 551 se
938 486 1231 551 illicitum
1255 506 1364 551 nec
1395 489 1542 551 sunt
1564 486 1627 550 in
1652 488 1827 550 statu
1852 486 2106 569 peccati,
2131 483 2462 548 dummodo
2494 480 2807 546 moderate

350 588 494 652 ludo
532 590 817 663 utantur,
859 587 1017 653 idest
1070 589 1135 650 1ο
1180 607 1303 654 non
1350 588 1579 652 utendo
1626 588 1939 668 aliquibus
1984 587 2221 650 illicitis
2269 585 2468 650 verbis
2501 585 2598 648 vel
2626 582 2807 646 factis

354 693 429 756 ad
457 691 678 756 ludum
705 694 767 756 et
797 693 867 755 2ο
890 710 1013 756 non
1038 692 1380 757 adhibendo
1410 691 1629 755 ludum
1652 692 1921 776 negotiis
1954 694 2016 755 et
2040 690 2420 772 temporibus
2445 686 2730 752 indebitis
2747 710 2809 748 ».

354 793 433 857 Et
462 796 522 857 4.
559 793 724 857 Dist.
767 793 867 856 16.
903 813 961 875 q.
1004 796 1063 857 2.
1100 813 1155 858 a.
1193 795 1253 857 2.
1289 813 1346 875 q.
1387 795 1444 857 1.
1470 819 1506 851 »
1545 792 1811 873 Quidam
1855 793 1988 857 ludi
2027 794 2174 856 sunt
2209 791 2448 854 nullam
2484 786 2816 870 turpitudi-

358 914 493 959 nem
528 895 848 961 habentes.
876 913 1032 976 quos
1062 894 1477 978 Philosophus
1506 896 1791 960 liberales
1822 896 2005 959 vocat
2043 896 2105 959 et
2135 894 2201 957 hi
2232 894 2380 957 sunt
2407 891 2670 955 materia
2700 889 2818 952 vir-

354 997 531 1070 tutis,
558 996 802 1060 scilicet
834 997 1209 1079 eutrapeliae
1233 1000 1296 1061 et
1324 997 1461 1063 ideo
1493 998 1754 1061 servatis
1787 996 2009 1060 debitis
2041 993 2541 1068 circumstantiis,
2560 992 2819 1075 possunt

356 1102 751 1165 laudabiliter
811 1101 946 1166 fieri
993 1102 1070 1166 ad
1125 1104 1396 1185 quietem
1453 1105 1762 1188 propriam
1818 1106 1880 1168 et
1928 1103 2066 1167 aliis
2121 1100 2567 1166 delectabiliter
2611 1098 2819 1162 convi-

359 1203 622 1267 vendum
663 1228 722 1265 ».

446 1300 600 1374 106.
642 1302 759 1370 Sed
813 1304 891 1368 ad
936 1305 1403 1391 intelligendam
1438 1308 1691 1372 virtutis
1738 1307 2026 1383 indolem,
2062 1307 2311 1372 omnino
2360 1303 2619 1381 videnda
2666 1320 2822 1385 quae

361 1406 547 1470 habet
580 1407 640 1468 2.
670 1406 731 1468 2.
759 1424 817 1486 q.
849 1407 906 1469 1.
953 1407 1100 1470 168.
1132 1408 1240 1471 ubi
1273 1409 1406 1493 agit
1437 1409 1510 1473 de
1541 1410 1757 1473 iisdem
1787 1409 1970 1473 ludis.
2006 1408 2288 1490 Namque
2322 1427 2376 1471 a.
2405 1409 2465 1471 2.
2493 1407 2823 1489 postquam

364 1508 610 1575 statuit.
639 1526 863 1591 corpus
886 1509 1217 1594 defatigari
1247 1529 1368 1575 non
1399 1511 1582 1575 modo
1614 1512 1931 1576 laboribus
1955 1512 2243 1593 corporiS,
2272 1508 2375 1573 sed
2397 1507 2600 1571 multo
2623 1505 2826 1589 magis

364 1611 650 1695 operibus
700 1611 962 1675 rationis
1010 1614 1197 1693 atque
1233 1613 1554 1689 conclusit,
1589 1613 1753 1694 quod
1791 1614 1953 1676 sicut
1989 1612 2282 1696 fatigatio
2330 1608 2664 1692 corporalis
2711 1606 2828 1670 sol-

367 1714 533 1778 vitur
572 1732 679 1796 per
709 1713 980 1795 corporis
1011 1714 1301 1794 quietem,
1343 1713 1434 1777 ita
1481 1716 1671 1778 etiam
1719 1715 1964 1798 oportet
2000 1714 2164 1795 quod
2201 1711 2493 1795 fatigatio
2544 1708 2827 1773 animalis

368 1817 651 1881 solvatur
682 1834 790 1898 per
822 1816 1062 1879 animae
1094 1816 1395 1896 quietem3
1423 1816 1511 1879 sic
1534 1816 1748 1880 deinde
1781 1816 2045 1898 explicat
2074 1814 2231 1879 hanc
2255 1814 2527 1895 quietem
2559 1811 2827 1874 animae:

375 1945 407 1975 «
432 1918 620 1997 Quies
655 1921 865 1981 autem
893 1919 1134 1982 animae
1165 1920 1260 1982 est
1290 1918 1684 1983 delectatio...
1705 1918 1787 1982 Et
1817 1918 1953 1982 ideo
1988 1919 2230 2001 oportet
2254 1915 2592 1981 remedium
2616 1915 2830 1978 contra

369 2021 811 2105 fatigationem
845 2021 1176 2085 animalem
1209 2021 1494 2085 adhibere
1528 2041 1634 2104 per
1665 2021 1941 2102 aliquam
1965 2020 2455 2093 delectationem,
2480 2016 2832 2081 intermissa

370 2123 716 2188 intentione
749 2122 827 2185 ad
849 2122 1260 2186 insistendum
1285 2122 1491 2186 studio
1513 2123 1772 2187 rationis
1791 2148 1850 2186 ».
1871 2123 1950 2186 Et
1977 2123 2167 2187 allato
2191 2141 2482 2205 responso
2507 2141 2556 2185 s.
2585 2118 2834 2183 Ioannis

374 2224 611 2307 Evang.
649 2223 726 2287 ad
758 2242 881 2300 e08,
916 2224 1023 2305 qui
1056 2224 1651 2301 scandalizabantur,
1687 2224 1851 2306 quod
1881 2225 2087 2307 ipsum
2117 2224 2491 2288 invenissent
2519 2221 2833 2285 ludentem

375 2344 518 2390 cum
551 2324 891 2408 discipulis,
927 2326 1170 2390 subdit:
1204 2352 1239 2385 «
1275 2326 1654 2392 Huiusmodi
1701 2329 1913 2390 autem
1959 2325 2124 2389 dicta
2155 2326 2252 2389 vel
2298 2325 2482 2397 facta,
2516 2324 2580 2386 in
2612 2322 2837 2404 quibus

375 2447 494 2492 non
527 2427 857 2509 quaeritur
888 2428 1008 2492 nisi
1037 2428 1366 2494 delectatio
1410 2429 1715 2500 animalis,
1752 2429 2053 2491 vocantur
2088 2425 2325 2490 ludicra
2371 2426 2468 2489 vel
2496 2425 2722 2489 iocosa.
2757 2422 2838 2485 Et

374 2531 508 2596 ideo
544 2549 792 2595 necesse
832 2533 930 2596 est
964 2531 1276 2596 interdum
1307 2531 1540 2596 talibus
1585 2532 1701 2604 uti,
1737 2530 1916 2613 quasi
1947 2529 2024 2594 ad
2056 2529 2365 2611 quandam
2404 2528 2643 2592 animae
2675 2526 2841 2609 quie-

377 2637 500 2698 tem
536 2659 598 2696 ».
636 2632 871 2697 Deinde
907 2633 1078 2697 addit
1126 2634 1247 2697 tria
1279 2634 1343 2697 in
1377 2634 1472 2697 his
1504 2633 1793 2710 cavenda,
1832 2635 1898 2696 1⁰
1929 2653 2004 2697 ne
2037 2632 2363 2697 delectatio
2397 2632 2731 2712 quaeratur
2775 2629 2838 2692 in

381 2737 672 2818 turpibus
722 2737 833 2799 aut
868 2736 1122 2812 nocivis,
1159 2737 1228 2799 2ο
1258 2755 1333 2800 ne
1364 2737 1648 2800 totaliter
1677 2736 2027 2800 resolvatur
2060 2736 2299 2799 animae
2336 2733 2632 2818 gravitas,
2669 2734 2738 2795 3⁰
2771 2733 2843 2795 ut

382 2837 563 2900 ludus
606 2839 912 2921 congruat
949 2856 1259 2919 personae,
1295 2839 1560 2921 tempori
1607 2841 1669 2902 et
1714 2839 1851 2902 loco
1899 2840 1961 2902 et
2007 2837 2343 2902 secundum
2390 2825 2545 2900 alias
2591 2835 2844 2899 circum-

384 2940 656 3003 stantias
686 2938 873 3002 ludus
906 2938 1108 3003 debite
1141 2938 1455 3004 ordinetur
1485 2939 1822 3004 secundum
1870 2941 2151 3025 regulam
2180 2939 2441 3003 rationis
2490 2957 2558 3001 ac
2598 2937 2845 3001 demum

391 3039 746 3105 concludit:
794 3065 828 3096 «
867 3039 948 3103 Et
993 3040 1129 3104 ideo
1177 3042 1336 3104 circa
1388 3041 1567 3106 ludos
1624 3043 1831 3125 potest
1877 3061 2005 3106 esse
2051 3040 2268 3121 aliqua-
2323 3041 2524 3101 virtus
2568 3037 2846 3110 morali&

390 3160 577 3223 quam
633 3140 1049 3223 Philosophus
1095 3143 1502 3225 eutrapeliam
1538 3145 1822 3207 nominat
1859 3143 1922 3206 et
1958 3142 2184 3205 dicitur
2231 3139 2454 3221 aliquis
2494 3139 2848 3220 eutrapelus

396 3261 431 3305 a
478 3243 643 3306 bona
691 3243 1112 3319 conversione,
1153 3245 1299 3324 quia
1332 3244 1566 3308 scilicet
1595 3245 1746 3308 bene
1779 3243 2084 3307 convertit
2122 3241 2330 3323 aliqua
2363 3238 2528 3303 dicta
2561 3240 2656 3303 vel
2688 3240 2852 3302 facta

392 3344 453 3407 in
499 3343 799 3407 solatium
848 3345 911 3406 et
958 3344 1023 3408 in
1072 3348 1377 3426 quantum
1423 3365 1528 3430 per
1574 3346 1731 3410 hanc
1778 3346 2076 3409 virtutem
2122 3343 2307 3408 homo
2353 3342 2735 3407 refraenatus
2776 3342 2852 3406 ab

395 3446 875 3511 immoderantia
908 3445 1217 3522 ludorum,
1252 3450 1367 3513 sub
1398 3449 1701 3513 modestia
1733 3448 2084 3512 continetur
2115 3472 2175 3509 ».

488 3548 627 3613 Hoc
661 3547 816 3612 alibi
847 3547 939 3628 (in
973 3567 1105 3631 cap.
1141 3549 1256 3613 ΠΙ.
1292 3551 1492 3614 Isaiae
1525 3549 1600 3614 ad
1636 3550 1850 3632 finem)
1884 3549 2155 3632 applicat
2185 3548 2373 3612 etiam
2411 3547 2573 3612 ludis
2612 3547 2855 3610 chorea-

394 3648 573 3714 libus.

483 3751 769 3815 Tandem
810 3752 869 3816 2.
911 3752 1073 3817 Dist.
1124 3752 1229 3817 40.
1281 3773 1339 3835 q.
1384 3755 1442 3819 1.
1479 3773 1533 3819 a.
1586 3757 1644 3819 5.
1687 3781 1721 3812 «
1754 3755 1894 3820 Non
1942 3757 2149 3840 potest
2195 3774 2324 3820 esse
2389 3754 2614 3837 aliquis
2663 3755 2856 3822 actus,

403 3854 734 3938 procedens
772 3855 850 3917 ab
884 3855 1092 3937 aliquo
1130 3856 1526 3933 deliberante,
1576 3857 1705 3922 sine
1749 3859 2092 3923 intentione
2138 3857 2277 3920 finis
2309 3877 2379 3919 »t
2414 3855 2553 3920 dein
2599 3854 2864 3935 explicat

401 3957 535 4038 quis
584 3956 670 4019 sit
715 3955 836 4020 iste
889 3956 1048 4020 finis.
1094 3982 1129 4015 «
1162 3958 1336 4021 Finis
1385 3960 1594 4022 autem
1640 3960 1744 4023 ille
1792 3961 1887 4023 est
1930 3960 2162 4023 bonum
2209 3957 2572 4021 conveniens
2627 3954 2864 4018 homini

401 4059 497 4122 vel
544 4056 891 4122 secundum
942 4059 1213 4122 animam
1260 4060 1360 4123 vel
1405 4060 1742 4125 secundum
1775 4080 1995 4144 corpus
2031 4060 2129 4124 vel
2168 4060 2358 4124 etiam
2397 4056 2732 4124 secundum
2768 4074 2864 4120 res

403 4161 755 4235 exteriores,
789 4178 948 4241 quae
1000 4161 1077 4224 ad
1114 4162 1450 4243 utrumque
1499 4163 1863 4227 ordinantur
1901 4163 1964 4227 et
1993 4163 2110 4227 hoc
2147 4161 2393 4244 quidem
2439 4162 2689 4236 bonum,
2739 4160 2868 4222 nisi

402 4264 487 4324 sit
536 4263 934 4325 contrarium
969 4261 1074 4325 illi
1104 4262 1278 4336 bono,
1312 4264 1479 4346 quod
1506 4269 1600 4330 est
1627 4264 1896 4330 hominis
1928 4265 2152 4330 bomem
2197 4264 2532 4330 secundum
2567 4264 2868 4327 rationem

408 4365 591 4445 (satis
624 4381 776 4448 ergo
810 4365 907 4428 est
938 4383 1061 4429 non
1095 4384 1224 4430 esse
1255 4370 1471 4433 contra
1505 4369 1779 4435 ordinem
1810 4369 2121 4454 rationis),
2147 4368 2579 4434 rectitudinem
2617 4366 2869 4429 virtutis

411 4465 612 4530 civilis
644 4465 865 4542 habet3
902 4467 1049 4548 quia
1082 4468 1283 4533 virtus
1316 4470 1516 4536 civilis
1549 4472 1762 4558 dirigit
1795 4474 1856 4536 in
1892 4473 2196 4546 omnibuS,
2232 4490 2389 4552 quae
2421 4470 2568 4533 sunt
2599 4468 2870 4549 corporis

409 4569 473 4632 et
516 4569 711 4633 etiam
749 4587 907 4651 quae
942 4571 1193 4654 propter
1236 4591 1458 4657 corpus
1488 4576 1892 4656 quaeruntur.
1934 4572 2111 4636 Unde
2148 4573 2201 4635 si
2237 4572 2334 4634 his
2383 4569 2608 4650 aliquis
2639 4568 2871 4632 medio-
