3529 5158
685 293 799 348 520
1071 306 1285 347 mor.
1324 306 1406 347 iv.
1447 306 1533 345 nn
1572 304 1883 347 Paconns.
1921 304 2122 350 carm·
2161 307 2201 346 1.
2241 306 2388 349 nun.
2429 307 2495 348 11.
2533 307 2672 346 ΛΒΤ.
2710 305 2775 346 11.
3017 287 3161 366 [572]

683 405 847 471 rales
895 404 973 468 ad
1017 404 1181 468 bona
1227 401 1565 485 adiaphora
1602 422 1710 486 per
1740 422 1805 466 se
1836 402 1986 467 mali
2027 421 2149 467 non
2181 403 2347 480 sunt,
2381 402 2630 467 etiamsi
2675 403 2824 468 voto
2858 402 2961 467 vel
2989 422 3161 486 prae—

684 509 862 590 cepto
896 506 1164 589 positivo
1197 505 1579 587 prohibearis
1615 505 1727 569 illa
1760 506 2002 582 sectari,
2036 506 2133 569 uti
2165 506 2422 571 affectus
2454 505 2573 569 cibi
2606 506 2885 588 tempore
2921 506 3156 583 ieiunii,

685 611 942 675 affectus
991 628 1180 692 opum
1238 608 1338 672 vel
1391 607 1797 692 dignitatum,
1845 608 2171 686 honorum,
2221 609 2389 673 vitae
2441 608 2908 693 longaevitatis.
2960 608 3155 686 Unde,

681 713 888 795 inquit
918 711 1171 778 Lessius
1203 711 1246 774 1.
1273 731 1323 774 6.
1350 731 1410 774 11.
1444 712 1611 786 115.,
1641 711 1799 775 tales
1832 711 2086 776 affectus
2111 711 2423 776 interdum
2456 711 2586 775 sine
2618 712 2870 794 peccato
2896 714 3159 792 possunt

679 815 912 880 directe
944 814 1153 897 appeti
1184 815 1248 877 et
1284 813 1563 891 excitari,
1604 815 1679 877 ut
1710 813 1763 877 si
1796 814 1936 894 quis
1968 814 2224 896 appetat
2259 812 2490 878 famem
2525 813 2624 878 vel
2660 812 2854 890 sitim,
2896 814 2973 876 ut
3003 812 3161 877 diffi-

684 917 919 982 cultate
949 914 1186 992 ieiunii,
1227 915 1369 997 plus
1417 915 1750 979 mereatur.
1786 913 1886 979 Sic
1923 916 2228 981 Dominus
2266 915 2330 979 in
2378 934 2442 980 se
2488 916 2622 998 ipso
2669 914 3027 979 naturalem
3074 914 3160 979 af-

681 1019 916 1083 fectum
962 1018 1129 1081 vitae
1175 1019 1239 1081 et
1292 1018 1609 1081 horrorem
1662 1017 1885 1082 mortis
1931 1019 2244 1089 excitavit,
2295 1018 2581 1099 quamvis
2636 1019 3035 1099 praeceptum
3079 1017 3156 1082 de

683 1124 886 1187 morte
924 1120 1241 1186 subeunda
1279 1121 1553 1185 haberet.
1589 1121 1690 1184 Ita
1722 1122 1805 1203 pl.
1841 1141 1925 1184 m.
1959 1122 2208 1186 Lessius
2238 1122 2282 1184 l.
2316 1141 2368 1185 c.
2401 1142 2462 1185 n.
2503 1122 2828 1185 114.-115.

775 1223 939 1286 Hinc
980 1222 1307 1306 Laymann
1335 1223 1443 1286 lib.
1485 1224 1541 1285 1.
1577 1224 1759 1286 tract.
1796 1224 1856 1285 3.
1890 1243 2023 1307 cap.
2060 1225 2120 1287 6.
2162 1244 2223 1287 n.
2260 1225 2350 1287 9.:
2384 1248 2420 1282 α
2450 1222 2517 1288 Si
2548 1223 2800 1308 cognita
2845 1223 3155 1289 Ecclesiae

686 1324 1102 1407 prohibitione
1133 1325 1361 1389 habeas
1408 1324 1801 1389 voluntatem
1832 1344 1940 1390 seu
1987 1325 2377 1408 propositum
2410 1325 2765 1389 comedendi
2796 1344 3015 1389 carnes
3061 1326 3153 1389 die

686 1427 945 1503 veneriS,
985 1427 1174 1492 habes
1212 1446 1457 1508 quoque
1504 1427 1895 1491 voluntatem
1935 1427 2397 1510 praevaricandi
2428 1428 2631 1512 legem
2669 1429 2733 1492 et
2780 1447 3015 1509 peccas.
3050 1427 3154 1492 Sin

687 1530 899 1593 autem
947 1528 1199 1612 cognita
1244 1529 1380 1612 lege
1418 1529 1850 1607 ecclesiastica,
1885 1529 2099 1594 eadem
2135 1529 2234 1593 die
2264 1530 2502 1614 cogites
2534 1529 2897 1594 etoblectes
2936 1532 2999 1594 te
3027 1548 3154 1593 car-

686 1632 863 1696 nium
909 1650 1018 1696 esu
1066 1632 1349 1696 absolute
1396 1633 1458 1694 et
1497 1631 1787 1712 praecise,
1820 1650 1943 1696 non
1991 1632 2434 1715 praevaricaris
2478 1631 2693 1696 ieiunii
2732 1631 2963 1715 legem3
3003 1630 3182 1712 quia·

686 1732 786 1797 lex
815 1732 1143 1815 prohibens
1180 1733 1459 1796 carnium
1492 1752 1685 1808 esum,
1720 1752 1844 1798 non
1875 1732 2163 1814 prohibet
2192 1733 2383 1798 etiam
2414 1732 2859 1815 cogitationem
2891 1733 2958 1796 et
2989 1732 3160 1796 oble-

687 1835 1026 1899 ctationem
1073 1835 1148 1898 de
1193 1836 1474 1898 carnium
1505 1854 1677 1899 esu...
1713 1833 1908 1917 Saepe
1938 1836 2077 1916 quis
2124 1835 2256 1900 sine
2286 1836 2470 1918 culpa
2500 1835 2794 1899 tristatur
2832 1835 2906 1898 de
2946 1834 3161 1898 ieiunii

686 1938 1013 2019 praecepto
1063 1936 1163 2000 vel
1193 1937 1341 1999 voto
1376 1936 1562 2012 edito,
1595 1936 1761 2018 quod
1795 1938 2005 2000 tamen
2044 1937 2368 2017 observare
2400 1937 2693 2019 proponit
2722 1938 2787 1999 et
2817 1936 3161 2018 poenitenti

688 2057 869 2120 saepe
892 2037 1178 2120 displicet
1200 2037 1581 2121 poenitentia
1614 2057 1650 2101 a
1687 2039 2058 2103 confessario
2091 2040 2389 2116 iniuncta,
2417 2058 2608 2120 quam
2639 2040 2849 2102 tamen
2875 2039 3162 2121 perficere

689 2139 892 2202 vult...
927 2136 1217 2203 Ceterum
1263 2140 1556 2205 delectari
1602 2140 1675 2204 de
1725 2159 1903 2223 opere
1952 2161 2009 2204 v.
2049 2161 2144 2224 gr.
2178 2141 2458 2206 carnium
2505 2160 2634 2217 esu,
2668 2145 2981 2221 quatenus
3011 2141 3160 2224 legi·

689 2242 847 2306 timo
879 2243 1204 2325 praecepto
1228 2243 1556 2326 repugnat,
1585 2262 1825 2325 semper
1860 2244 1956 2307 est
1992 2245 2349 2326 peccatum;
2377 2244 2525 2324 quia
2557 2262 2666 2325 pro
2702 2243 2945 2307 obiecto
2970 2242 3160 2306 habet

688 2344 1018 2408 formalem
1047 2345 1547 2420 inobedientiam,
1581 2345 1703 2409 iuri
1735 2345 2011 2409 naturali
2049 2346 2499 2429 repugnantem
2531 2370 2591 2408 ».

782 2442 955 2516 572.
995 2447 1459 2511 Advertendum
1490 2447 1771 2528 denique,
1797 2448 1963 2528 quod
1993 2466 2042 2511 s.
2067 2447 2426 2530 Alphonsus
2456 2447 2563 2511 lib.
2593 2450 2653 2511 5.
2682 2469 2741 2511 n.
2767 2448 2869 2510 27.
2899 2447 3047 2511 licet
3078 2446 3155 2510 de

686 2549 965 2635 generali
1001 2549 1292 2614 Auctoris
1330 2550 1446 2614 hac
1483 2550 1643 2615 thesi
1681 2549 1866 2627 dicat,
1901 2551 1994 2613 ita
2028 2549 2357 2614 tenendum
2402 2570 2542 2613 cum
2585 2549 2892 2613 communi
2931 2552 3156 2613 contra

700 2652 935 2728 armins,-
968 2655 1176 2719 tamen
1213 2674 1356 2719 mox
1402 2656 1679 2719 subiicit:
1714 2680 1749 2713 «
1782 2654 1921 2720 Non
1953 2656 2099 2718 licet
2147 2656 2356 2719 autem
2388 2654 2678 2720 delectari
2717 2655 2789 2719 de
2832 2653 3034 2718 Missa
3082 2654 3158 2718 ob

694 2756 1069 2820 oblivionem
1106 2759 1321 2822 relicta
1354 2760 1418 2822 et
1449 2759 1671 2831 simili3
1707 2759 1856 2838 quia
1890 2758 2141 2822 omissio
2174 2758 2270 2822 est
2307 2758 2607 2822 obiective
2643 2759 2831 2836 mala,
2860 2759 2936 2822 ut
2965 2758 3155 2823 Ronc.

693 2860 875 2923 tract.
918 2861 977 2923 2.
1012 2880 1069 2942 q.
1118 2863 1174 2924 1.
1209 2881 1340 2944 cap.
1383 2863 1444 2925 3.
1479 2882 1537 2943 q.
1575 2864 1634 2924 5.
1661 2880 1819 2944 resp.
1859 2862 1914 2923 1.
1953 2860 2043 2925 ait
2074 2880 2217 2924 cum
2246 2861 2411 2924 Azor
2442 2863 2506 2925 et
2543 2860 2811 2925 Sanchez
2845 2885 2907 2925 ».
2951 2861 3156 2925 Huius

690 2962 1088 3028 limitationis
1117 2966 1282 3029 ratio
1318 2965 1586 3029 occurrit
1619 2983 1834 3046 reapse
1866 2963 2030 3046 apud
2062 2962 2332 3027 Sanchez
2365 2962 2605 3026 Moral.
2639 2964 2680 3026 l.
2713 2965 2769 3025 1.
2797 2981 2848 3026 c.
2880 2965 2943 3026 2.
2964 2983 3024 3027 n.
3057 2965 3156 3026 10.

690 3064 799 3129 ubi
839 3069 1094 3149 apparet
1139 3067 1443 3149 quaedam
1490 3066 1824 3141 anomalia,
1857 3085 2046 3147 quam
2091 3066 2274 3130 iuvat
2303 3065 2556 3130 innuere
2593 3068 2657 3129 et
2692 3085 2762 3129 ex
2810 3085 2937 3147 qua
2986 3066 3159 3149 origo

690 3168 932 3248 patebit
959 3169 1358 3233 resolutionis
1391 3169 1713 3234 anomalae
1748 3168 2090 3251 Roncaglia
2122 3167 2302 3232 citati
2334 3188 2373 3231 a
2402 3187 2452 3233 s.
2486 3168 2825 3251 Alphons0.

792 3269 1097 3336 Videlicet
1141 3273 1340 3354 primo
1388 3272 1474 3335 ibi
1535 3273 1842 3336 memorat
1888 3271 2257 3335 sententiam
2303 3270 2614 3347 Auctoris,
2662 3271 2912 3336 dicens:
2957 3297 2991 3329 «
3033 3270 3160 3335 Alii

688 3372 946 3435 eandem
995 3372 1342 3439 doctrinam
1379 3374 1481 3456 (de
1527 3375 1748 3438 illicita
1786 3373 2194 3438 delectatione
2231 3372 2321 3436 rei
2357 3391 2583 3455 pravae
2630 3373 2976 3457 cogitatae)
3008 3376 3163 3437 tem-

691 3474 930 3554 perant,
981 3478 1055 3538 ut
1106 3476 1515 3560 intelligatur,
1564 3475 1812 3557 quando
1869 3476 2153 3557 capiatur
2206 3474 2533 3538 delectatio
2580 3473 2654 3538 de
2705 3474 2891 3537 rebus
2927 3495 3049 3554 per
3090 3494 3157 3538 se

692 3578 895 3655 malis,
929 3581 1143 3661 quales
1176 3584 1324 3645 sunt
1366 3582 1502 3665 lege
1550 3581 1828 3645 naturali
1862 3580 2128 3656 vetitae;
2170 3599 2344 3644 secus
2375 3581 2429 3644 si
2466 3581 2551 3644 sit
2585 3579 2660 3645 de
2697 3580 2795 3656 iis,
2830 3601 2993 3662 quae
3025 3581 3159 3645 sola

692 3679 828 3763 lege
875 3681 1147 3749 humana
1193 3684 1667 3761 interdicuntur,
1702 3686 1777 3748 ut
1807 3683 1861 3746 si
1898 3683 2038 3764 quis
2070 3683 2286 3747 ieiunii
2329 3682 2426 3747 die
2472 3682 2817 3748 delectatur
2864 3682 2939 3747 de
2971 3702 3160 3748 coena

693 3784 808 3847 aut
853 3803 963 3849 esu
1007 3786 1288 3851 carnium
1334 3786 1648 3871 cogitatis,
1698 3804 1820 3850 non
1877 3785 2174 3868 peccabit,
2223 3784 2327 3850 sed
2386 3787 2535 3848 tunc
2590 3786 2858 3861 tantum,
2910 3786 3157 3867 quando

691 3883 1037 3952 delectatur
1065 3890 1131 3954 in
1168 3890 1274 3965 eiS,
1309 3890 1383 3954 ut
1412 3890 1549 3971 lege
1579 3888 1924 3953 interdictis
1963 3916 2022 3952 ».

782 3989 997 4055 AUata
1022 3991 1161 4056 dein
1186 3993 1511 4069 sententia,
1539 4011 1698 4074 quae
1721 3992 1924 4073 quoad
1959 3995 2295 4073 utrumque
2326 4011 2533 4055 rerum
2563 4010 2760 4075 genus
2783 3993 3156 4075 culpabilem

689 4093 919 4173 reperit
964 4095 1454 4173 delectationem,
1494 4097 1625 4178 ipse
1672 4094 1954 4179 assignat
1998 4095 2324 4159 discrimen
2369 4094 2531 4159 inter
2575 4094 2916 4176 utrumque
2962 4116 3157 4181 genus

691 4193 809 4259 hoc
854 4197 1058 4275 modo,
1099 4198 1265 4280 quod
1311 4199 1372 4262 in
1423 4198 1751 4280 prohibitis
1793 4198 1923 4261 iure
1967 4201 2247 4273 naturae,
2283 4216 2461 4262 nemo
2500 4197 2697 4280 possit
2743 4197 3042 4263 delectari
3084 4197 3156 4262 de

692 4295 1047 4363 substantia
1094 4302 1200 4378 rei,
1235 4301 1384 4382 quin
1432 4300 1622 4365 simul
1667 4300 1741 4364 de
1788 4300 2032 4364 malitia
2077 4301 2166 4364 rei
2214 4300 2402 4365 insita
2448 4300 2805 4377 delectetur,
2842 4320 2899 4365 v.
2940 4322 3036 4385 gr.
3083 4301 3155 4364 de

692 4396 1128 4477 fornicatione;
1157 4406 1372 4468 contra
1404 4422 1547 4468 vero
1579 4404 1640 4466 in
1676 4403 1857 4467 rebus
1889 4404 2020 4467 solo
2055 4403 2325 4468 humano
2363 4404 2499 4467 iure
2537 4403 2748 4467 vetitis
2781 4404 2980 4485 possit
3017 4404 3152 4486 quis

691 4499 985 4566 delectari
1040 4504 1113 4568 de
1175 4506 1262 4570 rei
1308 4506 1682 4583 substantia,
1729 4506 1880 4587 quin
1935 4506 2007 4570 de
2054 4506 2298 4571 malitia
2351 4506 2707 4570 delectetur.
2759 4505 2992 4569 Verum
3039 4507 3152 4571 hoc
