3529 5158
727 358 834 413 656
1552 374 1864 415 Appmtmx
1901 375 1941 414 1.
1980 374 2379 416 DlsstTA‘rJo

723 469 819 533 uti
851 470 1137 552 opinione
1163 471 1471 554 probabili
1505 473 1697 536 etiam
1728 472 1792 536 in
1826 490 2126 535 concursu
2160 470 2594 555 probabilioris
2627 489 2738 555 pro
2771 472 2950 555 lege?
2973 471 3192 537 Nonne

718 570 783 634 id
813 572 1021 654 ipsum
1043 573 1246 638 fassus
1264 576 1360 639 est
1393 574 1693 638 affirmari
1726 593 1760 637 a
1796 574 2413 656 ProbabilistiS,quin
2435 575 2567 657 ipse
2596 574 2731 638 ullo
2758 576 2941 657 pacto
2966 574 3194 657 impro-

722 672 917 750 baret,
952 675 1013 738 in
1048 678 1361 759 postrema
1399 676 1777 761 Theologiae
1807 676 2062 741 moralis
2109 676 2396 752 editione,
2430 677 2493 740 in
2526 694 2650 759 qua
2683 675 2834 740 haec
2881 676 3190 740 sententia

719 774 827 839 lib.
863 776 922 838 6.
961 797 1023 842 n.
1066 778 1214 842 604.
1256 780 1320 843 111
1368 779 1488 843 fine
1536 778 1766 843 dicitur
1805 778 2206 859 pravioribus
2243 777 2673 857 fundamentis
2719 781 2782 841 et
2823 779 3193 842 communis-

722 878 887 941 sima
915 882 1286 944 auctoritate
1317 881 1629 961 firmata?
1660 879 1753 945 Of.
1788 901 1923 965 sup.
1958 900 2017 944 n.
2058 881 2164 944 32.
2213 880 2496 945 Absurde
2540 880 2759 965 igitur,
2798 881 2949 963 quin
2994 880 3189 945 etiam

726 980 846 1044 nisi
877 1001 984 1065 per
1014 1003 1323 1048 summam
1368 986 1431 1048 in
1477 984 1685 1067 ipsum
1732 1003 1780 1048 s.
1816 985 2150 1048 Doctorem
2195 982 2488 1048 iniuriam
2534 982 2675 1065 quis
2712 983 2952 1048 credere
2999 983 3190 1065 atque

726 1083 1037 1149 affirmare
1063 1089 1289 1169 posset,
1317 1108 1424 1170 per
1456 1106 1503 1152 s.
1530 1087 1922 1170 Alphonsum
1953 1086 2233 1150 laxitatis
2257 1087 2474 1151 notam
2506 1086 2724 1170 affingi
2745 1085 2841 1149 illi
2873 1085 3190 1149 doctrinae

725 1206 923 1269 posse.

814 1291 975 1369 Dixi,
1001 1311 1122 1371 per
1167 1312 1473 1355 summam
1518 1294 1587 1355 in
1634 1294 1841 1373 speum
1884 1312 1934 1355 3.
1983 1291 2320 1356 Doctorem
2365 1292 2688 1355 iniuriam.
2735 1290 2819 1354 Et
2865 1310 3014 1355 sane
3059 1292 3190 1374 ipse

725 1411 775 1457 s.
810 1394 1043 1458 Doctor
1089 1408 1213 1470 eoa,
1249 1395 1353 1478 qui
1404 1394 1699 1459 adversus
1744 1395 2077 1479 benignam
2126 1394 2498 1459 sententiam
2541 1413 2577 1457 a
2609 1412 2672 1458 se
2703 1392 3019 1458 defensam
3051 1412 3188 1457 con·

724 1495 884 1560 vicia
920 1497 1108 1579 ataelue
1132 1498 1432 1562 eiusmodi
1457 1498 1666 1561 Notas
1694 1497 2140 1579 intorquerent,
2176 1496 2505 1561 damnatos
2553 1494 2828 1559 affirmat
2871 1514 2981 1578 per
3026 1494 3189 1578 Apo-

721 1597 943 1662 stolica
979 1598 1223 1664 decreta
1256 1602 1443 1682 atque
1474 1619 1611 1664 eam
1648 1601 1710 1664 in
1742 1619 1872 1664 rem
1907 1600 2085 1663 affert
2116 1600 2374 1664 Dissert.
2410 1618 2550 1662 ann.
2590 1598 2781 1662 1749.
2819 1598 2876 1681 ἓ.
2908 1599 2967 1660 1.
3008 1598 3188 1662 Inno-

718 1701 905 1765 centii
935 1701 1046 1765 XI.
1084 1703 1208 1767 ista
1248 1704 1436 1767 verba
1485 1723 1555 1767 ex
1604 1704 1865 1767 Decreto
1914 1722 2054 1767 ann.
2110 1702 2300 1767 1679.
2351 1701 2539 1779 edite,
2574 1719 2733 1783 quae
2762 1701 2856 1765 ita
2888 1701 3185 1785 leguntur

718 1803 910 1868 etiam
940 1804 1004 1867 in
1035 1806 1480 1870 constitutione
1519 1803 1808 1869 Sollicita
1837 1805 2156 1870 Benedicti
2187 1804 2357 1868 XIV.
2395 1824 2533 1869 ann.
2575 1804 2803 1867 1753.:
2844 1830 2880 1861 «
2905 1803 3181 1868 Tandem

720 1907 794 1970 ut
840 1906 917 1971 ab
961 1906 1277 1972 iniuriosis
1325 1908 1825 1972 contentionibus
1872 1906 2154 1973 doctores
2202 1926 2310 1971 seu
2357 1906 2712 1971 scholastici
2745 1907 2858 1970 aut
2895 1906 3003 1969 alii
3051 1905 3183 1988 qui-

718 2026 980 2089 cumque
1027 2010 1091 2073 in
1137 2012 1456 2093 posterum
1505 2009 1878 2085 abstineant,
1912 2013 1987 2075 ut
2023 2010 2160 2093 paci
2207 2009 2272 2074 et
2307 2008 2556 2073 caritati
2595 2009 2980 2083 consulatur,
3015 2008 3177 2073 idem

719 2107 1159 2175 sanctissimus
1190 2112 1254 2176 in
1288 2112 1515 2176 virtute
1551 2116 1805 2176 sathae
1830 2111 2210 2176 obedientiae
2248 2112 2567 2195 praecipit,
2607 2112 2683 2174 ut
2717 2113 2852 2175 tam
2896 2110 2961 2175 in
3008 2110 3183 2176 libris

718 2209 1142 2294 imprimendis
1190 2233 1260 2278 ac
1304 2214 1763 2297 manuscriptis,
1806 2235 1995 2298 quam
2042 2215 2104 2279 in
2152 2214 2432 2279 thesibus
2480 2234 2550 2278 ac
2596 2212 3177 2296 praedicationibus,

719 2316 979 2379 caveant
1016 2317 1093 2379 ab
1128 2317 1295 2381 omni
1341 2337 1597 2382 censura
1645 2319 1708 2382 et
1752 2319 1904 2383 nota
1951 2337 2062 2382 nec
2106 2336 2228 2381 non
2277 2336 2313 2380 a
2360 2316 2824 2399 quibuscunque
2880 2314 3175 2378 conviciis

717 2421 935 2483 contra
971 2437 1076 2483 eas
1107 2420 1579 2502 propositiones,
1613 2439 1773 2502 quae
1806 2419 2005 2484 adhuc
2036 2420 2198 2484 inter
2228 2418 2569 2483 catholicos
2606 2419 3175 2492 controvertuntur,

718 2520 907 2587 donec
945 2540 982 2586 a
1013 2519 1239 2587 Sancta
1272 2521 1423 2588 Sede
1460 2524 1813 2609 recognitae
1846 2523 1973 2588 sint
1995 2524 2059 2587 et
2082 2541 2267 2606 super
2298 2521 2384 2587 eis
2408 2520 2709 2587 iudicium
2741 2520 3091 2604 proferatur
3114 2544 3176 2585 ».

805 2625 893 2689 At
923 2644 1067 2689 vero
1091 2643 1290 2690 nonne
1314 2627 1748 2711 gravissimam
1776 2647 1824 2690 s.
1848 2626 2104 2691 Doctori
2126 2625 2420 2690 iniuriam
2436 2624 2711 2701 inferret,
2732 2623 3013 2705 quisquis
3036 2642 3178 2687 eum

713 2727 831 2790 hac
864 2726 932 2791 in
959 2747 1026 2791 re
1056 2747 1169 2792 ceu
1206 2728 1575 2793 violatorem
1621 2729 1950 2812 praecepti,
1984 2727 2048 2791 in
2088 2728 2322 2792 virtute
2371 2727 2620 2791 sanctae
2669 2725 3055 2790 obedientiae
3101 2725 3178 2789 ab

711 2829 1072 2913 Apostolica
1119 2828 1270 2895 Sede
1317 2830 1595 2913 impositi
1634 2829 1986 2894 traduceret
2032 2830 2097 2893 et
2134 2829 2382 2911 quidem
2427 2829 2522 2893 1111
2569 2828 2983 2912 propositioni
3015 2828 3175 2893 infli-

711 2935 958 3017 gentem
1004 2933 1285 2999 laxitatis
1332 2934 1568 3010 notam,
1603 2951 1793 3016 quam
1830 2931 2056 2996 nedum
2104 2931 2267 2996 inter
2313 2932 2652 2997 catholicos
2688 2933 3172 3008 controversam,

711 3036 812 3100 sed
847 3056 957 3101 ceu
996 3037 1160 3120 apud
1197 3036 1478 3101 doctores
1510 3036 1850 3100 catholicos
1883 3035 2458 3099 communissimam
2488 3053 2560 3098 ac
2589 3033 2916 3099 moraliter
2937 3037 3171 3099 certam

706 3138 1060 3203 defenderat
1107 3140 1170 3203 et
1219 3138 1468 3221 quidem
1516 3138 1850 3220 postquam
1886 3137 2018 3219 ipse
2065 3137 2576 3220 proclamaverat,
2614 3136 2959 3219 apostolico
2992 3136 3177 3200 inter-

710 3241 946 3306 dictum
993 3261 1123 3307 esse
1170 3244 1515 3325 praecepto,
1566 3260 1641 3306 ne
1688 3241 1886 3305 eidem
1942 3240 2282 3304 sententiae
2329 3240 2603 3304 convicia
2651 3260 2723 3304 ac
2768 3239 2974 3304 Notae
3020 3239 3178 3304 infli-

707 3345 1002 3428 gerentur
1026 3347 1057 3407 ⁴?

800 3448 904 3510 36.
945 3447 1131 3511 Hisce
1163 3450 1227 3511 et
1263 3447 1420 3510 illud
1457 3445 1629 3520 adde,
1671 3446 1835 3528 quod
1870 3466 1917 3510 3.
1953 3446 2188 3510 Doctor
2235 3445 2563 3528 scripserat
2595 3443 2667 3508 de
2699 3463 2747 3508 s.
2783 3442 2997 3510 Caroli
3027 3445 3177 3510 Bor·

706 3548 942 3612 romaei
989 3568 1060 3612 ac
1092 3569 1139 3612 s.
1177 3549 1466 3613 Doctoris
1506 3549 1819 3613 Francisci
1852 3547 2072 3612 Salesii
2111 3547 2416 3612 sententia
2462 3546 2622 3610 circa
2655 3546 2912 3611 eandem
2950 3547 3176 3612 doctri-

707 3671 877 3736 nam,
930 3676 965 3709 ‹
1002 3650 1383 3727 Notandum,
1434 3652 1639 3734 inquit
1692 3651 1953 3715 Dissert.
2008 3651 2198 3714 1755.
2248 3670 2308 3714 n.
2360 3649 2442 3723 6.,
2493 3648 2659 3730 quod
2705 3667 2754 3712 s.
2805 3648 3176 3716 Franciscus

706 3752 979 3820 Salesius
1025 3754 1221 3838 Epist.
1259 3755 1363 3817 34.
1397 3754 1505 3818 lib.
1552 3754 1609 3816 1.
1645 3754 1893 3838 scripsit
1938 3752 2186 3817 cuidam
2232 3751 2554 3835 Episcopo,
2590 3752 2663 3815 ut
2711 3751 2955 3816 assidue
3003 3754 3176 3838 legat

704 3856 1027 3922 Summam
1057 3857 1297 3934 Toleti3
1334 3857 1500 3939 quia,
1535 3858 1609 3920 ut
1642 3856 1818 3932 dixit,
1869 3856 2146 3919 contiene
2179 3853 2458 3916 dotto-ina
2488 3853 2721 3916 sicum.
2761 3852 2936 3917 Idem
2966 3873 3018 3919 s.
3053 3853 3170 3919 Ca-

701 3961 875 4026 rolus
920 3961 984 4025 in
1032 3960 1449 4024 Instructione
1498 3959 1573 4023 ad
1622 3978 1768 4024 suos
1815 3958 2220 4024 confessarios
2268 3956 2488 4021 suadet
2532 3957 2736 4041 legere
2780 3956 3070 4021 Lessium
3107 3959 3168 4020 et

697 4068 1133 4153 Reginaldum,
1172 4067 1279 4149 qui
1318 4087 1388 4132 ex
1428 4066 1704 4150 professo
1738 4067 1996 4131 tuentur
2030 4065 2364 4147 bem‘ynam
2391 4063 2785 4127 sententiam.
2818 4062 2947 4128 Nec.
2979 4063 3162 4136 dicaS,

702 4171 863 4253 quod
898 4171 1245 4255 approbans
1281 4170 1552 4252 aliquem
1579 4172 1897 4234 auctorem
1921 4186 2042 4232 non
2077 4169 2359 4231 censetur
2390 4166 2671 4251 singulas
2696 4166 2829 4230 eius
2854 4164 3165 4231 doctrinas

703 4274 1059 4356 approbare.
1109 4272 1272 4338 Nam
1320 4272 1627 4338 sententia
1675 4272 1960 4356 benigna,
1996 4290 2137 4334 cum
2185 4269 2271 4334 sit
2315 4269 2639 4355 generalia,
2673 4287 2738 4333 se
2770 4269 3046 4334 extendit
3091 4267 3167 4333 ad

700 4375 979 4459 singulos
1026 4395 1224 4453 033113,
1278 4376 1386 4441 ubi
1432 4376 1739 4439 habentur
1789 4374 2105 4458 opiniones
2152 4372 2533 4456 probabiles3
2584 4371 2809 4437 idcirco
2857 4391 3166 4454 nusquam

698 4479 1047 4543 invenietur
1083 4481 1222 4561 quis
1255 4500 1325 4545 ex
1356 4460 2043 4562 probabilioristis,‘qui
2081 4477 2279 4541 amico
2325 4476 2556 4541 librum
2590 4475 2853 4540 alicuius
2887 4476 3169 4558 probabi-

694 4581 878 4646 listae
923 4583 1248 4663 proponat.
1302 4581 1599 4664 Expresse
1654 4581 1825 4645 favet
1879 4581 2068 4644 etiam
2130 4580 2379 4645 nostrae
2443 4578 2783 4644 sententiae
2850 4578 2913 4642 id
2978 4578 3159 4662 quod,
