3529 5158
953 371 1441 413 PROPOSrrIONUM
1477 372 1927 426 DAMNATARUM,
1967 374 2005 411 A
2046 374 2144 414 Plo
2185 376 2264 414 vl.
2685 378 2835 419 mun

687 594 784 639 DE
834 594 1078 640 POENA
1124 594 1665 640 DEOEDENTIUM
1713 594 1868 641 CUM
1918 596 2098 641 SOLO
2149 596 2540 643 ORIGINALI

736 743 835 802 De
880 743 1073 820 Bctpt.
1116 744 1176 820 ξ.
1213 746 1273 802 3.

451 835 557 892 26.
608 832 953 905 Doctrina,
1004 849 1176 907 quae
1224 832 1415 891 velut
1448 832 1743 892 fabulam
1792 833 2213 908 pelagianam
2263 834 2566 909 explodit
2611 836 2828 896 locum

356 923 545 982 illum
608 922 964 982 inferorum
1028 924 1247 997 (quem
1304 921 1491 981 limbi
1549 937 1904 996 puerorum
1965 922 2234 982 nomine
2289 923 2518 983 fideles
2576 925 2824 999 passim

353 1011 760 1088 designant),
795 1012 865 1069 in
915 1027 1048 1086 quo
1086 1010 1344 1070 animae
1393 1010 1857 1070 decedentium
1905 1028 2057 1071 cum
2092 1011 2234 1072 sola
2280 1012 2594 1088 originali
2627 1015 2825 1089 culpa

354 1118 573 1176 poena
619 1100 845 1161 damni
891 1101 1062 1159 citra
1107 1116 1387 1174 poenam
1438 1100 1616 1177 ignis
1662 1100 2055 1177 puniantur,

443 1190 733 1250 Perinde
779 1206 855 1248 ac
902 1189 958 1248 si
1008 1191 1130 1249 hoc
1177 1188 1322 1264 ipso
1371 1190 1570 1266 quod,
1607 1189 1723 1265 qui
1773 1205 2052 1264 poenam
2101 1190 2280 1266 ignis
2327 1198 2691 1269 removent,
2729 1193 2821 1251 in-

350 1279 675 1340 ducerent
727 1281 947 1338 locum
1010 1279 1196 1338 illum
1257 1284 1329 1338 et
1383 1282 1636 1338 statum
1694 1278 1987 1339 medium
2049 1284 2390 1354 expertem
2458 1282 2694 1356 culpae
2752 1286 2821 1342 et

351 1386 603 1445 poenae
639 1368 819 1428 inter
863 1384 1144 1443 regnum
1193 1367 1321 1427 Dei
1367 1371 1438 1428 et
1482 1368 1977 1429 damnationem
2026 1372 2386 1447 aeternam,
2421 1372 2685 1445 qualem
2719 1370 2817 1430 fa-

354 1458 766 1518 bulabantur
810 1456 1177 1533 pelagiani:

670 1547 887 1624 Falsa,
924 1546 1296 1625 temeraria,
1331 1546 1404 1605 in
1441 1546 1703 1606 scholas
1751 1546 2113 1607 catholicas
2159 1547 2504 1608 iniuriosa.

479 1763 576 1809 DE
628 1759 1143 1808 SAORAMENTIS
1191 1758 1283 1805 Ac
1329 1757 1633 1803 PRIMUM
1680 1756 1780 1802 DE
1828 1756 2085 1802 FORMA
2134 1754 2706 1802 SACRAMENTALI

1020 1848 1175 1895 CUM
1222 1846 1605 1894 ADIUNOTA
1646 1845 2102 1892 GONDITIONE

711 1998 809 2057 De
854 1997 1050 2073 Bapt.
1085 1997 1145 2073 ξ.
1184 1997 1288 2054 12.

434 2092 543 2150 27.
580 2085 992 2148 Deliberatio
1028 2084 1299 2161 Synodi,
1335 2100 1491 2160 qua,
1523 2085 1882 2159 praetextu
1918 2082 2344 2144 adhaesionis
2376 2083 2461 2143 ad
2493 2082 2811 2159 antiquos

346 2194 653 2255 canoneS,
702 2177 775 2236 in
828 2192 988 2235 casu
1040 2173 1230 2234 dubii
1277 2171 1738 2248 BaptismatiS,
1789 2172 2206 2247 propositum
2271 2189 2467 2233 suum
2517 2173 2812 2234 declarat

346 2269 428 2330 de
474 2265 846 2329 omittenda
894 2263 1144 2323 formae
1189 2261 1660 2323 conditionalis
1709 2262 2068 2338 mentione,

554 2353 949 2431 Temeraria,
997 2352 1210 2430 praxi,
1259 2351 1412 2427 legi,
1461 2349 1850 2410 auctoritati
1897 2349 2200 2410 Ecclesia
2245 2350 2596 2410 contraria.

526 2569 628 2617 DE
676 2563 1304 2615 PARTIOIPATIONE
1353 2560 1715 2611 VICTIMAE
1762 2561 1841 2609 IN
1897 2560 2315 2609 SACRIFIOIO
2364 2560 2634 2609 MISSAE

701 2718 801 2779 De
848 2715 1046 2776 Euch.
1083 2715 1142 2792 ξ.
1180 2716 1240 2773 6.

430 2815 537 2872 28.
582 2806 961 2884 Propositio
1012 2802 1287 2881 Synodi,
1336 2819 1490 2878 qua,
1540 2804 1897 2877 postquam
1944 2801 2188 2861 statuit
2250 2800 2557 2861 Victimae
2593 2804 2808 2879 parti-

342 2902 718 2979 cipati-onem
756 2915 882 2957 esse
907 2900 1166 2972 part-cm
1210 2891 1522 2968 sacrificio
1571 2891 1981 2966 essentialem,
2023 2890 2396 2967 subiungit,
2437 2909 2560 2951 mm
2597 2897 2806 2952 tamen

339 3009 400 3050 se
445 2991 754 3049 damnare
788 2991 856 3046 ut
904 2983 1171 3043 illicitas
1210 2978 1446 3041 Missas
1492 2981 1661 3058 illa-3,
1698 2981 1767 3039 in
1814 2979 2035 3056 quibus
2075 2981 2399 3040 adstantes
2447 2998 2806 3040 sacramen-

343 3080 559 3140 taliter
622 3094 745 3136 noa
802 3072 1315 3146 communicant,-
1364 3070 1501 3130 idco
1557 3070 1706 3145 quia
1758 3070 1866 3129 isti
1916 3070 2339 3146 participant,
2401 3070 2540 3129 licet
2597 3071 2684 3128 mi
2691 3088 2806 3128 nuc

334 3169 630 3246 perfecte,
683 3166 756 3225 de
803 3165 941 3241 ipsa
1008 3160 1300 3238 Victima,
1345 3159 1579 3235 spirit-u
1628 3159 1812 3217 illc-m
1863 3159 2235 3234 recipie-nde.

428 3259 781 3332 Quatenus
809 3252 1131 3329 insinuat,
1166 3248 1251 3310 ad
1299 3246 1607 3310 sacrificii
1646 3246 2003 3306 essentiam
2054 3245 2284 3303 deesse
2330 3241 2587 3318 aliquid
2623 3243 2692 3301 iu
2726 3260 2803 3302 eo

341 3345 661 3409 sacrificio
708 3343 886 3419 quod
940 3343 1302 3416 peragatur
1357 3337 1502 3399 sive
1549 3334 1735 3393 nuno
1782 3334 2096 3393 adstante
2160 3332 2304 3392 sive
2351 3331 2803 3406 adstantibu8‚

341 3438 453 3513 qui
490 3452 619 3496 nec
665 3430 1231 3494 sacramentaliter
1269 3444 1392 3487 nec
1439 3422 1886 3501 spiritualiter
1934 3421 2017 3481 de
2051 3421 2347 3482 Victima
2393 3421 2802 3497 participant

339 3533 405 3587 et
449 3523 648 3601 quasi
703 3520 1116 3582 damnandae
1161 3519 1385 3578 essent
1441 3518 1519 3574 ut
1566 3513 1845 3573 illicitae
1891 3511 2137 3573 Missae
2185 3512 2360 3590 illae,
2411 3512 2482 3572 in
2531 3511 2798 3588 quibus,

341 3616 475 3676 solo
508 3611 854 3675 sacerdote
885 3607 1435 3682 communicante,
1463 3620 1657 3664 nemo
1689 3602 1869 3663 adsit
1903 3602 2021 3678 qui
2054 3603 2199 3664 sive
2231 3602 2802 3663 sacramentaliter

342 3706 480 3765 sive
528 3699 977 3779 spiritualiter
1022 3695 1489 3758 communicet:

560 3791 779 3866 Falsa,
828 3803 1124 3865 erronea,
1175 3785 1259 3846 de
1306 3783 1565 3846 haeresi
1611 3787 1925 3859 suspecta
1971 3798 2248 3856 eamque
2297 3780 2585 3856 sapiens.

829 3999 929 4046 1)ss
977 3995 1199 4045 RITUS
1247 3993 1879 4042 CONSECRATIONIS
1928 3989 2327 4039 EFFIGAOIA

698 4148 798 4207 De
846 4146 1043 4207 Euch.
1080 4147 1139 4222 ξ.
1177 4147 1237 4206 2.

423 4245 528 4302 29.
582 4237 910 4299 Doctrina
957 4235 1233 4314 synodi,
1281 4251 1417 4309 qua
1462 4242 1655 4310 parte
1710 4232 1977 4293 tradere
2033 4229 2399 4290 instituens
2448 4226 2638 4287 Fidei
2687 4228 2801 4288 do-

340 4332 621 4392 ctrinam
655 4327 738 4386 de
774 4326 913 4386 ritu
945 4324 1484 4400 consecrationis,
1525 4322 1797 4384 remotis
1839 4319 2348 4396 quaestionibus
2385 4317 2801 4377 scholasticis

341 4422 508 4481 circa
555 4415 848 4487 modum,
900 4431 1033 4488 quo
1080 4413 1392 4475 Christus
1439 4416 1542 4473 est
1596 4412 1667 4471 in
1714 4409 2159 4485 Eucharistia,
2211 4425 2251 4468 a
2297 4407 2548 4482 quibus
2608 4423 2799 4480 paro-

342 4511 495 4570 chos
540 4503 828 4568 docendi
877 4519 1151 4564 munere
1193 4502 1557 4576 fungentes
1603 4499 1942 4561 abstinere
2003 4499 2332 4574 hortatur,
2383 4494 2646 4555 duobus
2694 4496 2798 4554 his

342 4605 600 4660 tantum
634 4592 1027 4671 propositis:
1058 4595 1115 4652 1.
1140 4591 1483 4653 Ohristum
1516 4592 1669 4666 post
1700 4586 2268 4649 consecrationem
2302 4599 2478 4655 vere,
2505 4584 2795 4660 realiter,

446 4700 741 4744 Burnum.
762 4714 819 4726 -—
839 4692 1003 4736 Mor-al.
1034 4693 1165 4736 Tom.
1197 4692 1238 4735 1.
2661 4694 2687 4723 e
