3529 5158
707 376 811 429 126
1322 385 1536 427 111331.
1575 384 1640 424 11.
1676 384 1760 424 mi:
1799 382 2214 424 conseruit-rm.
2254 382 2450 424 carm
2487 382 2527 424 1.
3004 369 3166 442 [133]

706 504 818 549 nos
865 487 1134 561 utemur,
1184 482 1527 547 adhibendo
1573 480 1862 565 regulam
1909 499 1956 543 3.
2007 479 2284 543 Thomae
2330 478 2417 559 (n.
2454 479 2495 542 1.
2529 478 2594 542 in
2631 478 2767 561 fin.)
2812 480 3172 544 nominibus

702 586 1022 659 utendam,
1054 590 1126 647 ut
1148 584 1390 664 plures,

808 689 935 752 Alii
980 687 1403 763 nihilominus,
1451 686 1526 749 ut
1570 684 2029 769 cognitionibus
2075 684 2236 747 circa
2283 682 2620 766 operabilia
2666 684 3003 766 appellatio
3051 703 3165 749 sua

706 809 943 873 semper
988 791 1339 855 servaretur
1385 788 1515 852 scil.
1552 787 1873 866 practe'cae
1920 787 1983 849 et
2027 786 2216 849 simul
2259 785 2715 870 distinguerent
2759 787 3163 870 cognitioneS,

705 912 864 975 quae
912 892 988 955 ad
1024 890 1349 973 yenerales
1392 907 1640 953 morum
1676 888 1926 972 regulas
1957 888 2283 970 pertinent,
2327 888 2404 951 ab
2443 886 2602 965 aliis,
2643 905 2801 969 quae
2839 891 3166 952 versantur

703 995 865 1058 circa
910 994 1148 1058 factum
1194 991 1588 1075 particulare,
1638 991 1768 1054 suis
1817 990 2299 1053 circumstantiis
2336 989 2889 1067 circumvestitum,
2937 989 3168 1055 iudicia

701 1097 925 1180 prioris
971 1095 1185 1160 classis
1217 1095 1504 1159 dixerunt
1546 1091 2243 1171 speculativo-practica,
2277 1091 2634 1174 posterioris
2681 1109 2826 1156 vero
2861 1094 3170 1172 practico-

692 1199 999 1278 practica.

793 1301 953 1365 Aliis
990 1319 1134 1364 vero
1184 1300 1439 1383 placuit,
1480 1296 1819 1363 dictamina
1865 1298 1974 1362 illa
2021 1298 2333 1381 generalia
2382 1297 2505 1361 alio
2552 1297 2799 1362 nomine
2845 1296 3168 1381 designare

704 1403 768 1467 et
821 1402 1239 1486 cognitionem
1285 1401 1462 1464 illam
1507 1399 2257 1479 speculativo-practicam
2318 1399 2712 1481 appellarunt
2761 1397 3171 1478 prudentiam

708 1503 1143 1568 universalem.

796 1606 912 1671 Sed
958 1606 1134 1679 nulla
1178 1607 1345 1670 hisce
1388 1605 1552 1670 inest
1596 1604 1878 1677 utilitas;
1920 1604 2068 1685 quia
2114 1603 2270 1667 nihil
2317 1603 2520 1684 reipsa
2556 1602 2633 1667 ad
2665 1602 2988 1668 scientiam
3025 1622 3169 1667 con-

706 1708 915 1772 ferunt
944 1727 1141 1790 neque
1165 1707 1372 1789 quoad
1402 1707 1820 1772 substantiam
1852 1724 2047 1787 neque
2079 1705 2284 1787 quoad
2309 1705 2833 1788 perspicuitatem.
2873 1706 3168 1787 Quinimo

707 1813 1020 1892 postrema
1066 1810 1218 1873 haec
1248 1809 1673 1873 confusionem
1710 1808 1972 1891 parient,
2013 1807 2162 1871 dum
2199 1807 2422 1871 falsam
2453 1807 2814 1889 prudentiae
2852 1809 3168 1873 notionem

705 1913 1032 1996 ingerunt3
1081 1930 1278 1993 neque
1325 1911 1487 1975 enim
1536 1911 1613 1974 ad
1658 1910 2052 1992 prudentiam
2102 1910 2368 1992 pertinet
2405 1908 2743 1974 dictamina
2787 1911 3167 1976 moralitatis

708 2014 1137 2096 praescribere.

800 2112 953 2184 133.
995 2113 1506 2196 Quandoquidem
1545 2115 1756 2178 31113111
1803 2130 2004 2177 sermo
2049 2112 2269 2176 incidit
2305 2112 2379 2176 113
2425 2113 2724 2177 divisione
2771 2114 2933 2178 inter
2965 2113 3170 2197 cogni-

706 2218 906 2281 tiones
943 2216 1358 2297 speculativas
1389 2218 1452 2282 et
1470 2218 1812 2296 practicae,
1844 2215 2118 2279 notanda
2151 2215 2284 2279 heic
2315 2215 2486 2279 venit
2517 2215 2879 2299 arrogantia
2910 2215 3169 2279 recentis

707 2321 1025 2404 scriptoris
1050 2320 1403 2404 philosophi
1426 2320 1734 2401 (Rosmin.
1767 2317 1969 2381 Tratt.
1998 2316 2166 2380 della
2189 2312 2359 2381 Cosc.
2380 2336 2522 2402 pag.
2555 2319 2656 2382 15.
2688 2316 2821 2399 16.)
2845 2316 2954 2399 qui
2977 2317 3171 2380 Theo-

704 2423 887 2507 10813,
923 2422 1353 2487 definientibus
1384 2421 1824 2486 conscientiam
1846 2439 1958 2484 ceu
1981 2419 2280 2483 iudicium
2291 2420 2666 2499 practicam,
2692 2419 2991 2503 exprobat
3012 2420 3172 2483 hanc

694 2526 969 2604 practici
1000 2524 1478 2608 appellationem
1510 2525 1573 2588 31
1608 2522 1942 2599 contendit,
1977 2522 2416 2586 conscientiam
2448 2518 2767 2586 dicendam
2798 2539 2930 2586 esse
2964 2540 3172 2602 specu-

707 2627 969 2690 lativam
997 2628 1316 2692 iudicium.
1352 2627 1561 2702 Addit,
1598 2629 1844 2709 tempus
1877 2644 2007 2690 esse
2046 2624 2295 2689 tandem
2329 2624 2661 2706 aliquando
2694 2626 2768 2688 ut
2799 2624 3172 2688 restituatur

707 2731 1051 2812 proprietas
1074 2729 1384 2811 loquendi,
1412 2730 1486 2792 ut
1510 2727 1766 2792 evadere
1781 2728 2091 2810 possimus
2115 2746 2148 2791 e
2171 2728 2504 2811 labyrinto,
2532 2726 2595 2790 in
2619 2745 2808 2808 quam
2840 2743 3172 2789 conversus

706 2832 801 2895 est
826 2834 1132 2895 tractatus
1157 2830 1230 2895 de
1254 2830 1629 2895 conscientia
1653 2831 1717 2893 et
1740 2829 1962 2893 inutile
1986 2829 2102 2893 hoc
2128 2830 2412 2913 aenigma
2443 2828 2663 2913 (gergo
2685 2826 2939 2909 inutile)
2963 2845 3172 2890 aman-

707 2932 999 2996 dandum.

792 3034 875 3097 Et
905 3035 1123 3098 auctor
1146 3034 1395 3116 quidem
1418 3036 1630 3099 noster
1654 3051 1869 3097 vocem
1891 3034 2068 3097 illam
2091 3034 2156 3098 in
2181 3032 2536 3097 definitione
2559 3031 2967 3096 conscientiae
2992 3049 3169 3114 prae-

702 3137 1027 3214 termittit3
1065 3138 1133 3202 at
1164 3156 1301 3201 eam
1324 3137 1738 3200 communiter
1763 3136 1872 3199 alii
1904 3136 2192 3204 retinent,
2212 3136 2309 3198 uti
2334 3154 2391 3199 v.
2411 3155 2505 3219 gr.
2526 3153 2574 3198 3.
2593 3134 2951 3217 Alphonsus
2973 3134 3083 3197 lib.
3108 3135 3164 3197 1.

702 3259 762 3303 11.
792 3241 851 3302 2.
879 3239 966 3303 313
990 3237 1281 3303 definiens
1306 3239 1780 3304 conscientiam:
1817 3237 1981 3301 «Est
2012 3237 2312 3301 iudicium
2345 3255 2452 3300 seu
2485 3236 2794 3300 dictamen
2824 3236 3170 3318 practicum

702 3342 983 3416 rationiS,
1012 3360 1133 3422 quo
1166 3341 1533 3418 iudicamus,
1569 3342 1718 3423 quid
1764 3342 1866 3404 1113
1902 3343 1966 3404 31
2002 3358 2163 3403 1111113
2210 3339 2517 3424 agendum
2565 3340 2639 3403 ut
2674 3339 2907 3405 bonum
2941 3341 3055 3402 aut
3085 3339 3171 3402 vi-

707 3443 968 3506 tandum
1014 3444 1089 3505 ut
1132 3444 1372 3506 malum
1410 3468 1470 3506 ».

794 3541 1084 3607 Ceterum
1116 3543 1519 3607 Rosminiana
1542 3545 1651 3608 illa
1678 3563 1934 3608 censura
1959 3545 2101 3608 hinc
2134 3544 2383 3626 quidem
2405 3542 2632 3629 frigida
2663 3545 2728 3607 et
2756 3543 2988 3626 inepta.
3024 3543 3166 3607 inde

705 3664 847 3709 vero
880 3645 1135 3729 indigna
1170 3646 1411 3710 erudito
1459 3646 1592 3710 viro
1641 3647 1896 3711 dicenda
1928 3647 2054 3722 est;
2091 3665 2238 3710 sane
2269 3646 2550 3731 singulae
2598 3646 2891 3710 scientiae
2935 3645 3169 3710 habent

705 3766 850 3811 suas
881 3765 1060 3810 voces
1083 3765 1202 3811 usu
1236 3750 1531 3823 sacratas,
1567 3767 1722 3830 quas
1756 3749 2075 3813 techninas
2107 3749 2371 3813 dicimus
2395 3750 2460 3812 31
2481 3751 2816 3831 postquam
2850 3767 3004 3812 usus
3037 3748 3170 3812 uni-

707 3848 931 3913 versim
978 3849 1248 3912 invaluit
1278 3850 1341 3912 et
1371 3849 1479 3914 diu
1511 3853 1797 3914 servatur
1830 3851 1907 3914 ab
1941 3852 2244 3928 omnibus,
2282 3852 2406 3916 iam
2453 3851 2847 3936 labyrinthus
2884 3869 2995 3916 seu
3032 3869 3171 3915 con-

703 3951 864 4016 fusio
897 3970 1018 4015 non
1051 3971 1123 4015 ex
1159 3971 1278 4016 usu
1326 3971 1540 4017 earum
1587 3972 1812 4019 vocum
1849 3953 2183 4030 inducitur,
2225 3952 2330 4017 sed
2362 3954 2572 4036 potius
2609 3972 2681 4017 ex
2721 3953 3169 4018 vocabulorum

702 4054 1099 4118 innovatione
1145 4055 1235 4117 ita
1284 4056 1358 4117 ut
1402 4054 1615 4119 deinde
1655 4056 1813 4119 alter
1859 4056 2126 4119 alterum
2174 4074 2293 4120 non
2341 4053 2673 4140 intelligat.

792 4155 910 4220 Sed
957 4175 1115 4237 quae
1163 4175 1349 4221 causa
1397 4157 1870 4222 innovationis?
1901 4156 2170 4231 Fraus,
2220 4158 2425 4240 inquit
2459 4158 2596 4234 iste,
2638 4161 2733 4222 est
2758 4177 2876 4221 vox
2921 4177 3171 4240 macca,

702 4277 859 4338 quae
890 4257 1214 4338 significat
1240 4260 1562 4323 actionem.
1601 4261 1724 4340 Qui
1760 4279 1905 4341 erqo
1931 4258 2088 4322 dicit
2116 4254 2416 4323 iudicium
2439 4261 2793 4339 practimcm
2827 4265 2946 4322 aut
2976 4261 3174 4323 scicn-

705 4361 857 4423 tiam
872 4362 1245 4439 practicam,
1284 4361 1383 4426 hic
1414 4363 1571 4426 dicit
1599 4362 1903 4425 iudicium
1926 4365 2250 4436 actionem,
2283 4364 2611 4427 scientiam
2638 4364 2947 4426 actionem
2963 4382 2985 4438 ,·
3015 4383 3174 4444 quac

702 4467 853 4526 sunt
886 4463 1393 4530 contradictoria.
1428 4466 1520 4530 En
1553 4466 2044 4549 exprobrationis
2077 4467 2240 4530 ratio
2276 4486 2346 4530 ac
2377 4466 2870 4530 fundamentum.

792 4565 1057 4630 Missum
1090 4584 1272 4650 porro
1296 4567 1427 4645 fiat,
1455 4569 1619 4650 quod
1642 4569 1774 4651 ipse
1796 4569 1939 4633 huic
1969 4570 2128 4634 libro
2154 4570 2415 4635 titulum
2437 4568 2585 4633 fecit
2607 4566 2802 4632 Della
2835 4566 3174 4633 Coscienea
