3529 5158
328 342 468 420 [160]
1236 360 1636 403 conscium-13
1676 362 1870 404 numa
2687 353 2792 408 153

326 456 479 521 libet
508 456 623 522 alii
668 458 942 523 assensui
992 460 1054 524 et
1085 459 1370 540 opinioni
1413 460 1477 523 et
1508 458 1813 544 distingui
1845 460 2023 525 debet
2062 461 2253 526 etiam
2284 463 2362 526 ab
2394 463 2791 529 inclinatione

326 558 605 643 qualibet
652 561 731 624 ad
777 580 1114 640 assensum,
1165 580 1323 644 quae
1370 562 1619 646 propria
1666 563 1761 627 est
1807 564 2199 643 suspicionis.
2249 564 2586 630 Paululum
2641 567 2790 631 haec

326 661 709 728 declaremus
741 663 1079 729 secuudum
1111 663 1457 728 doctrinam
1491 683 1541 728 s.
1574 664 1871 729 Thomae.

413 762 739 829 Certitudo
788 768 937 829 tunc
982 765 1179 831 inesse
1227 766 1434 830 animo
1482 766 1728 844 dicitur,
1764 787 1907 832 cum
1955 786 2242 833 assensus
2283 769 2415 834 eius
2447 773 2540 834 est
2574 771 2788 835 firmus

325 870 385 933 et-
416 867 597 932 abest
628 866 893 932 formido
924 867 998 933 de
1023 868 1330 952 opposito.
1357 866 1420 932 S.
1446 868 1720 933 Thomas
1743 870 1806 933 3.
1833 868 1977 935 dist.
2006 871 2110 934 26.
2138 890 2196 952 q.
2226 872 2285 934 2.
2314 874 2432 936 art.
2460 874 2520 936 4.
2543 895 2557 936 :
2592 900 2627 931 «
2652 870 2791 937 Cer-

325 968 530 1033 titudo
564 970 812 1052 proprie
844 969 1072 1034 dicitur
1103 970 1371 1034 firmitas
1404 970 1792 1035 adhaesionis
1840 972 2095 1036 virtutis
2127 973 2479 1056 cognitivae
2509 975 2571 1039 in
2605 994 2789 1040 suum

323 1072 740 1156 cognoscibile
774 1098 834 1134 ».
869 1072 994 1138 Ubi
1039 1073 1345 1138 advertite
1393 1073 1623 1138 alicubi
1668 1093 1719 1138 s.
1759 1075 2066 1140 Thomam
2113 1076 2233 1141 soli
2279 1077 2638 1142 certitudini
2685 1079 2791 1142 tri-

325 1173 508 1239 buere
541 1175 788 1259 proprie
818 1195 1162 1240 assensum.
1189 1176 1290 1241 Ita
1313 1175 1388 1239 de
1432 1176 1620 1240 Vei-it.
1647 1196 1705 1259 q.
1739 1178 1840 1240 14.
1869 1180 1986 1242 art.
2022 1179 2115 1242 1.:
2150 1206 2183 1235 «
2211 1180 2571 1265 Intelligens
2603 1180 2791 1246 habet

326 1296 667 1355 assensum,
703 1279 949 1360 quando
997 1277 1337 1344 certissime
1384 1279 1567 1344 alteri
1613 1279 1780 1362 parti
1826 1280 2118 1345 adhaeret
2151 1307 2212 1344 ».
2245 1281 2509 1347 Proinde
2546 1281 2693 1347 ibid.
2726 1286 2790 1346 et

326 1381 606 1444 assensui
652 1380 968 1458 adscribit,
1001 1380 1163 1464 quod
1198 1382 1429 1463 quietet
1456 1381 1659 1463 (quies
1706 1384 1922 1446 autem
1967 1382 2215 1466 propria
2247 1386 2340 1448 est
2372 1384 2789 1467 certitudinis)

327 1486 387 1546 et
417 1484 635 1548 exinde
666 1486 876 1569 negat,
910 1504 1233 1548 assensum
1265 1484 1496 1560 adesse,
1529 1484 1637 1547 ubi
1682 1485 1816 1550 sola
1849 1488 1942 1549 est
1983 1485 2210 1569 opinio.
2246 1486 2666 1552 Veruntamen
2705 1488 2790 1552 vi·

327 1584 628 1664 debimuS,
662 1606 735 1652 ex
781 1586 994 1652 eodem
1040 1606 1089 1651 s.
1123 1587 1382 1663 Thoma,
1416 1606 1741 1651 assensum
1786 1587 1982 1651 tribui
2027 1588 2219 1652 etiam
2266 1589 2563 1668 opinioni.

411 1689 611 1753 Porro
644 1709 787 1754 cum
818 1690 1125 1755 certitudo
1158 1690 1242 1754 sit
1273 1690 1550 1769 firmitas
1571 1688 1973 1754 adhaesionis
1991 1710 2013 1767 ,·
2045 1690 2183 1754 inde
2208 1691 2370 1756 ratio
2396 1693 2509 1769 est,
2536 1711 2646 1756 cur
2668 1711 2790 1757 cer-

326 1789 532 1855 titudo
567 1810 676 1875 per
706 1792 879 1875 prius
924 1792 1154 1858 dicitur
1199 1792 1274 1857 de
1312 1796 1511 1855 mente
1543 1795 1684 1856 tum
1726 1792 1803 1856 de
1849 1790 2079 1853 imiicio
2112 1810 2221 1857 seu
2252 1793 2606 1876 cognitione
2651 1797 2788 1859 tum

326 1910 470 1957 vero
505 1894 702 1958 etiam
732 1893 807 1959 de
837 1914 902 1959 re
932 1895 1185 1980 cognita
1233 1913 1305 1959 ac
1336 1893 1587 1959 demum
1617 1893 1691 1958 de
1721 1893 2090 1970 rationibus,
2124 1913 2284 1976 quae
2315 1895 2473 1960 hauc
2504 1914 2789 1962 assensus

326 2013 433 2059 seu
463 1995 682 2062 iudicii
712 1997 1076 2063 firmitatem
1122 1998 1395 2081 pariunt.
1428 1996 1591 2060 Hinc
1622 2016 1671 2060 s.
1698 1996 1971 2061 Thomas
2002 1998 2063 2061 3.
2098 1996 2240 2061 dist.
2270 1997 2374 2061 26.
2401 2018 2460 2080 q.
2489 1999 2549 2062 2.
2578 2001 2695 2063 art.
2723 2000 2784 2063 4.

326 2096 403 2160 ad
439 2099 535 2161 1.:
576 2123 613 2157 «
644 2096 969 2165 Certitudo
1016 2100 1215 2184 primo
1264 2103 1327 2164 et
1373 2099 1798 2184 principaliter
1843 2103 1936 2163 est
1983 2100 2046 2163 in
2093 2100 2481 2184 cognitione3
2531 2100 2636 2165 sed
2683 2121 2790 2183 per

326 2198 802 2266 similitudinem
831 2204 894 2267 et
925 2202 1359 2285 participative
1391 2204 1487 2268 est
1532 2202 1596 2267 in
1630 2202 1917 2267 omnibus
1949 2202 2236 2285 operibus
2269 2203 2366 2267 vel
2399 2206 2658 2269 naturae
2690 2205 2788 2269 vel

328 2300 585 2367 virtutis
618 2328 681 2365 ».

412 2402 476 2468 Si
517 2405 685 2469 adsit
732 2406 957 2489 aliquis
1005 2425 1310 2484 assensuS,
1362 2424 1483 2470 non
1531 2410 1738 2471 tamen
1789 2407 2036 2472 omnino
2085 2407 2300 2472 firmus
2347 2427 2419 2471 ac
2464 2409 2789 2492 propterea

326 2526 463 2570 cum
513 2508 727 2590 aliqua
774 2508 1102 2574 formidine
1148 2509 1437 2593 oppositi,
1489 2510 1637 2573 tunc
1683 2528 1855 2573 mens
1893 2508 2121 2573 dicitur
2158 2509 2428 2590 opinari.
2467 2510 2640 2575 Unde
2686 2529 2790 2593 ap-

322 2614 499 2693 paret
547 2612 640 2693 (et
685 2612 801 2677 hoc
847 2613 974 2678 alte
1017 2612 1215 2676 menti
1261 2611 1697 2696 deligendum),
1731 2632 1855 2678 non
1894 2613 2057 2678 idem
2088 2631 2219 2679 esse
2250 2613 2538 2677 dubitare
2568 2616 2632 2679 et
2663 2617 2788 2696 opi·

324 2713 489 2777 nari.
524 2712 748 2797 Opinio
794 2714 1088 2780 adhaeret
1134 2713 1425 2779 alterutri
1470 2714 1669 2797 parti;
1719 2714 1977 2780 dubium
2030 2734 2174 2781 vero
2221 2716 2380 2780 nulli
2419 2717 2587 2799 parti
2617 2717 2789 2783 incli-

322 2819 529 2880 natur.
564 2817 665 2880 Ita
712 2835 761 2881 s.
795 2817 1067 2882 Thomas
1103 2818 1161 2881 1.
1194 2835 1254 2898 q.
1285 2817 1387 2881 70.
1416 2819 1534 2881 art.
1562 2820 1624 2881 9.
1650 2817 1729 2881 ad
1762 2819 1860 2882 4.:
1906 2845 1939 2876 «
1973 2817 2196 2902 Opinio
2230 2818 2541 2904 significat
2573 2824 2784 2885 actum

320 2917 697 2993 intellectus,
731 2918 838 3001 qui
871 2918 1067 2984 fertur
1113 2918 1179 2982 in
1211 2938 1400 2984 unam
1436 2923 1680 3002 partem
1726 2920 2240 2987 contradictionis
2272 2941 2413 2986 cum
2461 2923 2787 2988 formidine

322 3020 584 3085 alterius
615 3046 678 3084 ».

408 3122 755 3188 Discrimen
805 3123 1111 3207 opinionis
1143 3144 1179 3188 a
1210 3125 1399 3190 dubio
1447 3125 1533 3189 sic
1580 3124 1777 3189 tradit
1823 3143 1873 3187 e.
1911 3125 2185 3189 Thomas
2232 3123 2306 3186 de
2357 3125 2547 3187 Vei-it.
2583 3145 2643 3206 q.
2683 3127 2782 3188 14.

321 3233 438 3292 art.
464 3227 522 3291 1.
544 3248 561 3290 z
594 3251 629 3285 α
648 3227 1010 3292 Intellectus
1033 3229 1305 3292 noster...
1335 3227 1704 3308 quandoque
1728 3244 1853 3289 non
1879 3226 2214 3290 inclinatur
2239 3225 2442 3310 magis
2466 3225 2546 3288 ad
2571 3246 2783 3303 unum,

319 3349 511 3411 quam
559 3328 638 3393 ad
685 3327 876 3402 aliud,
926 3329 1022 3393 vel
1068 3333 1326 3409 propter
1371 3327 1671 3407 defectum
1718 3329 2111 3400 vicoventiam,
2159 3327 2322 3391 sicut
2365 3327 2432 3391 ’111
2479 3327 2604 3391 illis
2651 3348 2789 3411 pro·

318 3431 718 3508 blematibus,
750 3431 825 3496 de
857 3432 1081 3513 quibus
1127 3431 1401 3496 rationes
1432 3449 1553 3496 non
1586 3430 1905 3506 habemus,
1941 3429 2039 3495 vel
2074 3433 2335 3510 propter
2376 3447 2786 3495 APPARENTEM

316 3533 767 3616 aequalitatem
813 3554 1044 3608 eorum,
1075 3554 1235 3616 quae
1268 3537 1509 3596 movent
1538 3531 1616 3596 ad
1646 3535 1977 3614 utramque
2011 3535 2252 3615 partem
2291 3536 2353 3597 et
2401 3533 2522 3597 ista
2554 3536 2650 3598 est
2680 3533 2789 3597 ‹lu-

318 3637 585 3702 bitantis
615 3636 962 3721 dispositio,
995 3637 1104 3720 qui
1151 3637 1418 3701 fluctuat
1464 3635 1625 3700 inter
1672 3635 1829 3700 duas
1875 3639 2081 3719 partes
2129 3636 2638 3702 contradictionis
2670 3638 2784 3722 (a).

396 3858 468 3912 (ι)
494 3856 622 3902 Heio
648 3856 893 3901 habemns
920 3856 1179 3910 quandam
1205 3855 1644 3899 adumbrationem
1662 3853 2025 3905 distinotionis,
2044 3866 2174 3908 quae
2195 3855 2445 3908 posterius
2469 3855 2673 3899 invecta
2693 3861 2786 3908 est,

317 3923 461 3966 dubii
484 3924 683 3978 poetam·
707 3924 761 3966 et
790 3924 1007 3976 manvi.
1035 3922 1130 3965 Sed
1159 3921 1548 3972 advertendum,
1568 3919 1814 3975 quosdam
1845 3921 1920 3962 ita
1947 3919 2250 3962 deformasse
2279 3925 2520 3963 naturam
2549 3920 2707 3972 dubii,
2727 3927 2787 3963 ut

317 4003 417 4035 nom
447 3991 517 4033 sit
547 3989 775 4044 mplius
799 3990 1011 4033 dubium.
1038 3990 1171 4033 Nam
1198 3988 1339 4032 dubii
1368 3989 1629 4043 proprium
1657 3991 1752 4040 est,
1783 3991 1840 4030 ut
1869 3988 2054 4037 fluctuet
2081 3989 2204 4028 iuter
2230 3989 2351 4029 duan
2371 3990 2535 4040 partu
2552 3988 2790 4029 contradi,

316 4060 486 4102 ctione·
515 4061 567 4101 et
594 4056 651 4099 in
681 4057 775 4101 hoe
811 4057 981 4100 differt
1010 4058 1074 4100 ab
1100 4059 1331 4111 opinione,
1361 4068 1491 4109 quae
1519 4055 1760 4098 alterutri
1791 4054 1929 4108 parti
1956 4052 2214 4095 adhaeret.

393 4127 591 4171 Contra
618 4124 793 4168 miuus
821 4123 1017 4167 clarum
1046 4127 1140 4176 est,
1160 4123 1293 4177 quod
1319 4122 1395 4166 ait
1414 4135 1453 4165 ι.
1477 4121 1767 4175 Alphonsus
1787 4133 1837 4162 11.
1859 4119 1961 4162 ma
1987 4136 2005 4155 ι
2029 4117 2249 4160 Dubium
2277 4116 2530 4160 dividitur
2561 4119 2612 4160 in
2644 4131 2789 4174 nega-

317 4194 489 4238 tivum
514 4197 570 4238 et
600 4192 899 4246 positivum.
925 4191 1234 4246 Negativum
1261 4197 1355 4240 ent,
1383 4188 1587 4244 quando
1612 4200 1676 4232 ex
1702 4193 1889 4231 neutra
1926 4189 2073 4239 parte
2113 4189 2391 4228 occurrunt
2431 4185 2655 4228 ratione·
2683 4198 2790 4240 pro-

317 4259 527 4313 babiles,
558 4259 651 4303 sed
680 4261 886 4301 tantum
917 4258 1055 4301 leven
1074 4275 1114 4301 ι.
1142 4257 1192 4299 S.
1221 4257 1436 4300 Thomu
1465 4268 1566 4298 non
1603 4254 1674 4297 sic
1703 4253 1954 4308 loquitor,
1983 4251 2068 4295 sed
2102 4251 2242 4304 ponit
2274 4264 2374 4295 non
2402 4263 2508 4295 eme
2535 4251 2787 4296 ratione-2

307 4330 510 4381 propter
534 4327 793 4378 defectum,
819 4324 914 4376 tit,
940 4326 1233 4368 manum.
1268 4341 1286 4360 ι
1306 4321 1589 4365 Ponitimm
1616 4325 1710 4372 est,
1737 4318 1945 4374 quando
1974 4331 2063 4371 pro
2091 4321 2310 4372 utraque
2338 4325 2483 4372 parte
2505 4319 2588 4363 vel
2607 4319 2788 4363 ult-em

313 4406 407 4448 pro
436 4406 545 4437 uns
569 4391 723 4436 ade-t
763 4402 920 4445 grave
960 4389 1228 4440 motivum,
1256 4388 1510 4432 sufficient
1536 4387 1603 4431 od
1630 4385 1948 4430 formandam
1985 4385 2347 4429 conscientiam
2389 4385 2700 4439 probabilem
2705 4417 2788 4430 .....

311 4460 427 4504 ideo
454 4455 984 4510 dubium·poeitivum
1009 4455 1112 4499 (ete
1138 4467 1334 4509 temper
1376 4453 1617 4498 coincidit
1645 4466 1763 4497 eum
1806 4455 2022 4506 opinione
2063 4451 2354 4506 probabili».
2387 4455 2460 4496 Ac
2487 4453 2532 4495 si
2568 4452 2791 4495 rationes

308 4532 436 4570 sunt
464 4527 640 4570 nolum
668 4534 765 4578 pro
792 4533 895 4566 una
922 4526 1084 4576 parte,
1112 4533 1254 4564 mens
1280 4534 1382 4565 non
1411 4520 1631 4563 fluctuat
1668 4520 1807 4563 inter
1845 4518 1974 4560 duas
2002 4523 2171 4571 partes
2200 4517 2634 4568 contradictionis,
2656 4518 2790 4571 quod

310 4594 379 4636 ad
405 4592 631 4636 dubium
663 4589 880 4644 requirit
909 4602 949 4632 ι.
976 4589 1205 4632 Thomas.
