3529 5158
703 327 816 383 450
1209 340 1420 381 111301.
1458 339 1546 381 111.
1588 339 1670 380 nn
1709 337 1989 379 nmmos.
2029 338 2229 381 carm·
2264 338 2344 378 iv.
2385 337 2528 380 nun.
2567 337 2647 378 lv.
3028 320 3174 396 [448]

799 433 983 507 448.
1035 438 1105 501 In
1153 437 1342 501 dubio
1375 454 1578 519 parre,
1614 456 1691 501 an
1723 453 1913 500 causa
1943 435 2274 518 quaepiam
2305 432 2490 515 (falso
2539 432 2780 516 addita)
2811 430 3038 512 finalis
3072 433 3172 512 sit,

709 560 792 605 an
837 559 984 605 vero
1031 541 1282 604 tantum
1313 538 1666 618 impulsiva,
1700 537 2046 603 communis
2092 536 2398 601 sententia
2444 535 2634 600 habet
2678 533 2929 617 (Sanch.
2970 534 3080 599 lib.
3115 536 3172 599 8.

708 642 867 727 disp.
908 644 1011 705 21.
1061 664 1120 706 n.
1173 644 1308 725 20.)
1345 661 1468 707 non
1512 641 1823 725 praesumi
1872 640 2139 715 finalem,
2188 638 2293 702 sed
2340 637 2764 721 impulsivam,
2803 655 2876 701 30
2922 637 3177 720 proinde

711 745 1047 828 praesumi,
1079 745 1428 828 Principem
1459 744 1649 809 etiam
1677 742 1933 827 cognita
1970 742 2234 806 veritate
2265 739 2786 824 dispensationem
2814 738 3010 804 fuisse
3041 758 3181 805 con-

709 866 1032 913 cessurum
1080 867 1151 912 ac
1197 847 1452 931 proinde
1511 846 1824 930 praesumi
1867 864 1979 929 pro
2026 843 2370 909 validitate.
2417 842 2607 907 Ratio
2669 843 2784 917 est,
2841 841 2993 923 quia
3037 843 3176 907 iura

709 952 980 1015 maxime
1016 951 1228 1016 favent
1258 951 1458 1015 valori
1494 952 1670 1014 actus
1708 950 1773 1013 et
1802 949 1866 1013 in
1896 948 2084 1014 dubio
2123 966 2265 1012 011111
2295 948 2723 1029 praesumunt.

802 1055 902 1118 Ita
949 1057 1012 1118 et
1056 1073 1106 1118 s.
1139 1054 1325 1137 Alph.
1358 1053 1464 1116 lib.
1506 1053 1560 1115 1.
1595 1073 1655 1116 n.
1700 1051 1884 1115 185.:
1924 1074 1961 1109 «
1991 1051 2065 1115 In
2097 1049 2286 1115 dubio
2320 1069 2398 1113 an
2444 1068 2634 1114 causa
2682 1050 2958 1134 allegata
2988 1046 3180 1112 fuerit

711 1157 971 1225 motiva,
1023 1176 1098 1219 an
1145 1154 1500 1238 impulsiva,
1535 1154 1744 1218 valida
1781 1153 2078 1218 censenda
2124 1153 2221 1218 est
2263 1152 2671 1235 dispensatim
2704 1172 2847 1218 cum
2882 1152 2949 1217 in
2987 1151 3178 1217 dubio

711 1257 852 1322 iura
889 1259 1142 1322 faveant
1173 1258 1372 1322 valeri
1403 1260 1580 1321 actus
1612 1283 1674 1321 ».

803 1360 1227 1424 Veruntamen
1278 1360 1527 1441 quoties
1573 1359 1636 1423 in
1683 1358 2244 1442 dispensationibus
2274 1360 2375 1423 vel
2403 1357 2717 1442 rescriptis
2762 1358 2946 1422 unica
2982 1356 3179 1439 expri-

710 1462 909 1526 mitur
942 1480 1151 1537 causa,
1191 1462 1244 1525 si
1275 1481 1347 1525 ea
1385 1460 1545 1525 falsa
1575 1461 1678 1539 sit,
1714 1460 1951 1526 corruit
1987 1461 2363 1544 dispensatio
2394 1480 2507 1525 seu
2550 1460 2938 1543 rescriptum,
2989 1459 3182 1542 quod·

710 1583 978 1646 cumque
1024 1563 1180 1628 illud
1211 1563 1316 1627 sit.
1351 1562 1539 1629 Ratio
1572 1564 1767 1645 patet,
1802 1563 1951 1644 quia
1985 1563 2271 1628 Pontifex
2300 1563 2643 1628 committit
2676 1563 3046 1627 facultatem
3091 1562 3182 1627 di-

710 1667 1043 1751 spensandi
1081 1666 1407 1731 Ordinatio
1437 1667 1553 1731 sub
1584 1666 1954 1743 conditione,
2003 1667 2056 1731 si
2099 1686 2306 1751 preces
2336 1668 2601 1732 veritate
2636 1667 2949 1742 nitantun
2999 1667 3181 1748 atqui

709 1773 864 1835 tunc
909 1789 1032 1835 non
1079 1770 1450 1847 innituntur,
1500 1769 1648 1852 quia
1705 1769 1910 1847 unica,
1958 1789 2119 1851 quae
2178 1770 2545 1853 exprimitur
2596 1788 2804 1847 causa,
2852 1769 3015 1835 falsa
3060 1770 3179 1833 est.

713 1874 1041 1938 Praeterea
1086 1872 1372 1937 Pontifex
1418 1891 1540 1937 non
1594 1871 2014 1955 praesumitur
2066 1872 2335 1937 voluisse
2381 1871 2733 1955 dispensare
2786 1873 2918 1936 sine
2965 1890 3179 1945 causa,

710 1977 847 2040 esto
880 1976 1041 2040 forte
1073 1978 1301 2060 agatur
1330 1975 1403 2039 de
1441 1994 1525 2052 re,
1564 1975 1627 2040 in
1660 1994 1783 2056 qua
1818 1974 1884 2038 id
1916 1974 2119 2039 valide
2163 1976 2403 2058 potest:
2443 1974 2621 2056 atqui
2658 1975 2724 2039 in
2758 1994 2908 2039 casu
2939 1974 3188 2057 dispen-

710 2079 958 2142 saretur
989 2078 1119 2142 sine
1150 2097 1358 2153 causa,
1392 2097 1535 2141 cum
1566 2077 1749 2141 unica
1779 2077 1909 2153 illa,
1943 2095 2103 2158 quae
2135 2077 2407 2154 affertur,
2442 2077 2528 2142 sit
2556 2076 2735 2141 falsa.
2762 2076 2948 2161 Ergo.
2979 2076 3183 2151 Adde,

713 2182 879 2264 quod
927 2182 981 2245 si
1025 2180 1272 2263 quando
1318 2180 1603 2245 Pontifex
1634 2180 1866 2262 absque
1895 2179 2027 2244 ulla
2059 2198 2248 2245 causa
2284 2180 2556 2265 allegata
2588 2180 2940 2263 dispfflsare
2976 2181 3191 2245 soleat

712 2283 778 2347 in
824 2284 1121 2368 gradibus
1170 2283 1631 2366 aliquantulum
1663 2282 1947 2359 remotis;
1997 2284 2066 2346 at
2102 2282 2251 2346 tunc
2280 2282 2345 2347 id
2381 2302 2459 2345 ex
2494 2286 2665 2347 certa
2708 2282 2974 2347 scientia
3002 2281 3183 2346 facit

713 2386 938 2450 maiori
968 2386 1158 2450 simul
1181 2385 1627 2469 compositione
1660 2385 2034 2468 pecuniaria,
2058 2403 2220 2466 quae
2249 2403 2501 2450 causam
2531 2385 2976 2469 dispensationi
3006 2403 3190 2467 prae-

712 2489 876 2553 beat.
911 2487 1089 2567 Quod
1136 2508 1279 2553 cum
1323 2489 1386 2553 in
1420 2508 1568 2553 casu
1597 2487 1864 2565 deficiat,
1898 2487 2058 2552 redit
2086 2487 2565 2565 incommodum,
2600 2487 2765 2569 quod
2794 2486 3185 2569 dispensatio

717 2591 895 2656 fieret
933 2592 1062 2656 sine
1093 2592 1480 2656 concedentis
1514 2591 1877 2656 intentione.

803 2695 1025 2774 Itaque
1071 2693 1320 2774 quando
1365 2693 1503 2756 DD.
1553 2692 1831 2770 tradunt,
1880 2711 2002 2756 non
2050 2692 2261 2757 vitiari
2306 2692 2677 2775 rescriptum
2711 2701 2821 2756 seu
2865 2691 3187 2774 dispensa·

714 2795 967 2872 tionem,
1002 2795 1054 2857 si
1092 2794 1249 2858 falso
1284 2794 1594 2878 allegatur
1624 2813 1813 2859 causa
1844 2796 1944 2859 vel
1965 2811 2129 2860 mere
2161 2795 2495 2878 impulsiva
2524 2795 2624 2860 vel
2653 2793 2893 2859 motiva
2922 2795 3187 2876 quidem

711 2895 822 2961 sed
861 2896 1221 2972 extrinseca,
1254 2898 1448 2978 patet,
1481 2896 1597 2961 hoc
1625 2896 1900 2981 intelligi
1928 2917 2052 2963 non
2082 2916 2260 2981 posse
2290 2898 2364 2963 de
2394 2917 2562 2974 casu,
2596 2916 2718 2980 quo
2752 2897 2934 2963 unica
2964 2898 3187 2963 huius—

715 2998 887 3063 modi
924 3017 1116 3063 causa
1156 2998 1468 3076 afferatur,
1508 2999 1613 3063 sed
1651 2998 1899 3080 quando
1946 3000 2134 3065 simul
2170 3015 2311 3066 cum
2357 3001 2561 3066 causis
2597 3000 2765 3065 hisce
2806 2999 2981 3064 falsis
3032 3000 3189 3067 alle—

710 3103 905 3187 gatur
936 3119 1180 3183 quoque
1212 3120 1356 3165 vera
1395 3119 1602 3180 031103,
1644 3102 1721 3166 ob
1758 3121 1947 3184 quam
1979 3102 2355 3186 dispensatio
2393 3104 2714 3170 subsistat.

798 3205 902 3269 Ita
940 3225 999 3267 v.
1032 3223 1127 3288 gr.
1166 3203 1220 3268 si
1253 3203 1330 3268 ad
1366 3204 1761 3268 obtinendam
1808 3204 2326 3288 dispensationem
2359 3207 2745 3272 matrimonii
2773 3208 2913 3290 quis
2944 3207 3191 3291 alleget

712 3307 1207 3372 diffamationem
1239 3307 1304 3369 et
1333 3306 1619 3389 copulam
1657 3309 2016 3388 sequutam3
2057 3308 2303 3373 etiamsi
2334 3309 2639 3374 alterutra
2670 3312 2833 3375 esset
2862 3310 3042 3385 falsa,
3074 3329 3192 3374 va—

709 3409 838 3474 lida
872 3409 1032 3474 foret
1069 3409 1467 3492 dispensatim
1503 3409 1650 3490 quia
1683 3409 1781 3474 vel
1814 3410 1947 3476 sola
1979 3411 2222 3493 copula,
2256 3412 2354 3476 vel
2386 3412 2519 3478 sola
2548 3413 2892 3478 diffamatio
2923 3433 2997 3478 ex
3028 3413 3189 3478 stilo

715 3509 940 3575 Curiae
977 3512 1073 3576 est
1108 3530 1295 3575 031103
1332 3512 1659 3577 sufficiens.

798 3612 940 3676 Huc
973 3631 1191 3678 revoca
1224 3613 1419 3678 alium
1451 3634 1698 3679 casum:
1734 3615 1967 3680 scilicet
1997 3615 2053 3679 si
2089 3617 2264 3699 petas
2296 3617 2817 3701 dispensationem
2847 3619 2909 3683 in
2945 3618 3187 3701 duplici

710 3715 866 3800 lege,
917 3715 1014 3780 vel
1062 3735 1172 3798 pro
1219 3716 1456 3800 duplici
1485 3717 1925 3801 impedimento
1956 3720 2021 3782 et
2056 3736 2167 3800 pro
2205 3737 2331 3785 uno
2368 3721 2598 3805 alleges
2642 3740 2897 3787 causam
2943 3740 3187 3796 veram,

709 3837 821 3901 pro
849 3819 1046 3883 altero
1080 3816 1322 3892 falsam,
1359 3819 1591 3883 valebit
1620 3821 1825 3901 quoad
1856 3822 2096 3903 partem
2121 3839 2352 3899 veram,
2377 3822 2711 3888 dummodo
2744 3823 2905 3889 duae
2932 3822 3191 3906 dispen-

715 3921 993 3984 sationes
1025 3922 1406 4002 quaerantur
1438 3920 1514 3983 ad
1545 3920 1695 3986 fines
1727 3922 2096 4004 disparatos,
2135 3944 2192 3987 v.
2233 3943 2327 4007 gr.
2361 3925 2416 3989 si
2451 3925 2972 4008 dispensationem
3002 3929 3192 4008 petas

707 4041 747 4085 a
800 4025 949 4087 voto
998 4024 1062 4087 et
1111 4023 1298 4087 simul
1337 4023 1415 4087 ab
1447 4023 1927 4108 irregularitate.
1969 4023 2032 4088 Si
2069 4044 2213 4090 vero
2246 4027 2309 4090 in
2341 4027 2600 4091 eundem
2646 4027 2830 4092 finem
2860 4029 3191 4111 petantur,

707 4143 820 4190 seu
856 4144 980 4190 una
1013 4128 1309 4209 poscatur
1339 4126 1403 4189 in
1438 4127 1649 4191 ordine
1681 4126 1758 4191 ad
1790 4127 2072 4204 alteram,
2101 4129 2249 4193 tunc
2272 4131 2493 4194 neutra
2523 4130 2829 4195 subsistit.
2862 4131 2966 4196 Ita
2999 4151 3059 4194 v.
3086 4151 3192 4215 gr.

707 4227 766 4290 si
813 4229 989 4309 petat
1033 4227 1175 4309 quis
1221 4227 1562 4310 dispensari
1598 4228 1662 4292 in
1693 4231 1844 4294 voto
1890 4230 2219 4307 castitatis,
2262 4231 2586 4316 allegando
2624 4232 2791 4314 quod
2825 4252 2950 4298 11011
2984 4233 3199 4316 possit

714 4329 1016 4392 contineri
1063 4332 1126 4393 et
1163 4329 1350 4393 simul
1383 4330 1573 4412 petat,
1607 4332 1681 4394 ut
1712 4331 1910 4414 possit
1939 4331 2158 4398 ducere
2203 4335 2743 4418 consanguineam,
2782 4335 2941 4400 falso
2975 4334 3201 4402 dicens

717 4447 857 4492 eam
904 4429 1048 4494 dote
1087 4432 1417 4495 carentem.
1452 4431 1661 4510 Ratio,
1702 4433 1851 4514 quia
1882 4452 2003 4499 non
2036 4439 2319 4500 censetur
2347 4436 2631 4502 Pontifex
2661 4437 2818 4502 velle
2849 4437 3205 4506 habilitare

719 4528 802 4592 ad
847 4531 1003 4595 illud
1047 4533 1518 4600 matrimonium
1565 4554 1726 4614 eum,
1761 4537 1870 4618 qui
1915 4538 2044 4619 eyit
2077 4537 2301 4604 dolose.
2340 4537 2407 4604 Si
2452 4542 2659 4605 tamen
2706 4559 2778 4605 ex
2822 4540 3209 4626 ignorantia
