3529 5158
332 350 479 426 [518]
965 362 1350 407 nnsmmumr
1390 363 1625 406 aunum.
1665 361 2170 404 oonnnwnxruu
2694 349 2800 405 481

422 462 589 546 Ergo
623 461 982 526 nullatenus
1030 460 1418 525 admittenda
1462 460 1775 525 contraria
1820 461 2144 538 sententia,
2181 480 2340 543 quae
2387 461 2677 526 innititur
2709 463 2804 526 fu-

334 564 433 629 tili
479 563 729 640 rationi,
763 563 927 646 quod
975 582 1192 646 nempe
1238 562 1609 627 desiderium
1655 583 1712 626 v.
1747 583 1842 646 gr.
1879 562 2168 627 adulterii
2215 563 2459 627 nullum
2506 564 2802 628 damnum

332 666 536 748 reipsa
568 665 748 729 affert
777 666 842 729 et
871 665 1007 730 ideo
1045 665 1283 729 nullam
1316 664 1664 730 iniustitiae
1701 666 2009 731 rationem
2044 667 2396 731 contrahat.
2425 666 2548 744 Illi,
2573 667 2682 748 qui
2715 669 2803 731 sic

333 767 804 846 ratiocinantur,
854 769 1140 833 videntur
1195 769 1481 851 ignorare
1528 770 1821 832 naturam
1875 768 2180 848 desiderii,
2229 768 2396 851 quod
2452 769 2613 835 forte
2658 790 2800 834 cum

334 889 505 934 mera
534 870 941 935 delectatione
972 870 1374 935 confundunt.
1416 869 1601 934 Secus
1634 870 1925 935 deberent
1962 870 2313 949 admittere,
2349 890 2424 935 ne
2457 872 2639 936 illum
2671 873 2805 955 qui-

335 973 493 1050 dem,
528 974 635 1056 qui
673 973 868 1037 furari
900 973 1225 1048 desiderat,
1267 991 1398 1036 esse
1435 992 1610 1036 reum
1651 973 2017 1049 iniustitiae,
2061 973 2287 1056 quippe
2334 973 2634 1038 desideria
2681 994 2801 1040 non

335 1079 557 1142 nocent
587 1077 677 1141 rei
709 1076 962 1142 alienae.

424 1177 715 1245 Ceterum
764 1180 1044 1244 doctrina
1077 1179 1399 1262 proposita
1430 1179 1777 1243 communis
1809 1181 1907 1242 est
1937 1177 2214 1242 omnium
2249 1180 2384 1243 DD.
2426 1200 2533 1244 nec
2565 1180 2628 1243 in
2660 1199 2805 1243 con-

337 1283 704 1346 troversiam
741 1284 1015 1346 vocatur.

442 1426 529 1477 ΙΧ.
556 1427 701 1491 Resp.
729 1429 777 1478 2.
806 1423 1116 1477 Desiderium
1140 1438 1250 1477 cum
1275 1437 1516 1477 consensu
1541 1421 1876 1487 conditionali,
1897 1437 1997 1487 quo
2025 1420 2136 1487 quis
2166 1421 2349 1488 aliquid
2376 1422 2679 1490 concupiscit
2702 1428 2795 1478 sub

336 1510 419 1564 tali
456 1510 751 1576 conditione,
780 1526 906 1577 quae
930 1525 1122 1565 omnem
1146 1510 1380 1564 malitiam
1405 1508 1586 1562 obiecti
1619 1513 1822 1572 auferat,
1852 1524 1948 1562 nou
1975 1514 2051 1562 est
2076 1515 2346 1575 peccatum,
2373 1511 2545 1563 saltem
2574 1513 2798 1574 mortale,

334 1595 476 1648 verbi
498 1595 673 1660 gratia,
703 1598 881 1650 vellem
908 1595 1149 1662 praedari,
1169 1594 1212 1648 si
1238 1610 1266 1647 a
1299 1597 1402 1648 Deo
1430 1593 1549 1647 mini
1580 1593 1973 1659 permitteretur:
1999 1592 2041 1645 si
2065 1592 2214 1646 iudex
2238 1607 2413 1657 essem,
2439 1597 2802 1648 malefactorem

333 1677 480 1733 istum
500 1679 793 1734 occiderem.
814 1681 1008 1734 Valent.
1023 1686 1057 1732 t.
1074 1681 1183 1732 2.(1.
1205 1681 1254 1732 6.
1277 1694 1329 1745 q.
1350 1679 1395 1731 4.
1418 1694 1465 1744 p.
1490 1678 1537 1731 4.
1561 1681 1705 1742 Sayr.
1725 1679 1824 1730 Sal.
1843 1675 1891 1730 iu
1916 1679 1957 1730 Ι.
1981 1680 2111 1730 2.11·.
2133 1679 2213 1730 13.
2228 1679 2277 1730 d.
2303 1679 2383 1730 lo.
2406 1692 2444 1730 s.
2469 1678 2553 1730 27.
2575 1680 2805 1744 vasquez

333 1764 380 1815 d.
412 1765 531 1817 l-lu.
559 1778 603 1816 c.
633 1767 683 1817 2.
709 1764 761 1816 Si
802 1778 922 1816 vero
946 1762 1164 1816 conditio
1189 1761 1422 1816 malitiam
1448 1776 1545 1814 non
1578 1765 1782 1825 auferat,
1809 1767 1886 1815 est
1912 1767 2188 1827 peccatum:
2214 1767 2266 1815 ut
2293 1761 2432 1814 verbi
2459 1761 2614 1825 gratia
2648 1763 2690 1814 si
2727 1778 2806 1817 co·

330 1847 481 1915 sites„
500 1847 659 1900 sinon
680 1854 812 1901 esset
828 1846 1060 1911 internuS,
1082 1850 1391 1900 moecharer:
1414 1845 1457 1898 si
1476 1859 1573 1899 non
1593 1859 1753 1898 essem
1773 1844 2052 1910 religiosus,
2076 1844 2371 1899 fornicarer:
2387 1846 2427 1899 si
2450 1861 2545 1899 non
2572 1849 2803 1900 haberem

330 1931 573 1986 rationem
611 1931 706 1985 mei
729 1938 906 1994 status,
932 1929 1211 1994 ulciscerer,
1236 1930 1512 1985 occiderem
1552 1937 1624 1983 te:
1649 1930 1786 1994 item,
1813 1929 1855 1982 si
1892 1929 1944 1982 id
1984 1929 2104 1983 mihi
2132 1930 2332 1984 fecisses
2368 1930 2417 1984 in
2456 1931 2805 1998 adolescentia,

332 2017 413 2070 vel
451 2021 711 2082 antequam
751 2014 1034 2079 religionem
1073 2014 1366 2078 ingrederer.
1406 2013 1756 2067 vindicassem:
1783 2012 2019 2078 intellige,
2062 2013 2105 2067 si
2142 2016 2257 2067 dum
2295 2020 2416 2068 haec
2454 2015 2589 2079 dicit,
2627 2019 2807 2070 habeat

331 2103 561 2154 aflectum
599 2099 846 2153 vindictae
883 2101 1162 2162 sumendae,
1189 2098 1232 2151 si
1257 2105 1386 2152 esset
1412 2099 1460 2152 in
1500 2097 1585 2151 tali
1625 2104 1783 2164 statu3
1811 2113 1956 2151 secus
1985 2098 2113 2151 enim
2153 2105 2246 2163 est,
2277 2099 2318 2151 si
2347 2106 2531 2153 tantum
2558 2103 2801 2165 ostendat,

332 2183 451 2250 qnid
478 2187 693 2238 tacturus
721 2183 891 2238 ruisset
914 2183 1087 2255 in-alio
1115 2189 1261 2237 statu.
1284 2185 1404 2236 Bon.
1432 2182 1498 2236 de
1519 2183 1693 2236 Matr.
1718 2197 1766 2248 q.
1790 2183 1838 2236 l.
1864 2198 1910 2249 p.
1936 2185 1984 2236 8.
2011 2197 2059 2236 n.
2088 2185 2136 2236 9.
2167 2185 2311 2237 Ratio
2339 2184 2674 2251 responsionis
2699 2192 2803 2253 est3

332 2270 447 2336 quia
486 2269 580 2323 elsi
616 2283 887 2322 consensus
923 2267 1285 2321 conditionatus
1322 2267 1441 2321 nihil
1479 2275 1627 2333 ponat
1651 2267 1701 2320 in
1745 2282 1909 2321 rerum
1952 2275 2118 2321 natura
2159 2283 2219 2322 ex
2260 2276 2398 2335 parte
2429 2269 2607 2324 obiecti
2646 2270 2802 2330 voliti,

331 2354 381 2408 in
423 2355 675 2407 voluntate
714 2361 873 2406 tamen
913 2352 1049 2420 ponit
1082 2355 1305 2405 affectum
1343 2351 1679 2404 committendi
1714 2351 1838 2404 illud
1879 2359 2146 2418 peccatum,
2191 2353 2347 2418 posita
2385 2353 2665 2409 conditione
2702 2370 2798 2408 non

334 2442 586 2492 auferente
606 2436 837 2491 malitiam
858 2451 915 2489 ac
942 2436 1148 2503 proinde
1177 2435 1288 2489 talis
1314 2436 1407 2489 erit
1434 2436 1772 2503 culpa,qualis
1798 2445 1928 2490 esset
1953 2436 2075 2490 illud
2103 2452 2267 2491 amare
2295 2442 2478 2505 absque
2503 2440 2798 2493 conditione.

332 2520 490 2575 Caiet.
518 2524 695 2576 Sancti.
723 2522 756 2575 l.
789 2524 838 2574 l.
863 2522 1007 2576 Mor.
1033 2536 1076 2574 c.
1107 2524 1154 2573 2.
1185 2523 1336 2587 Vasq.
1365 2524 1531 2586 Laym.
1562 2524 1592 2574 l.
1629 2523 1673 2573 l.
1702 2527 1764 2575 tr.
1792 2523 1840 2574 3.
1869 2536 1911 2575 c.
1940 2522 1988 2575 6.
2018 2537 2063 2574 n.
2096 2524 2115 2574 l
2133 2524 2180 2575 0.

426 2644 581 2718 518.
632 2646 808 2725 Quod
856 2665 981 2711 non
1027 2647 1313 2729 peccetur
1357 2645 1673 2709 desideriis
1720 2645 2179 2724 conditionatis,
2229 2648 2475 2729 quando
2530 2649 2801 2714 conditio

334 2752 539 2815 totam
587 2749 900 2814 malitiam
933 2748 1155 2825 aufert,
1190 2748 1353 2813 ratio
1386 2767 1516 2812 esse
1562 2748 1790 2830 potest,
1826 2748 1990 2829 quod
2023 2768 2164 2813 cum
2196 2750 2467 2816 conditio
2501 2751 2712 2816 demat
2742 2756 2807 2817 et

336 2852 583 2917 auferat
616 2852 694 2916 ab
727 2853 964 2916 obiecto
1001 2851 1314 2916 malitiam
1346 2850 1410 2914 et
1440 2849 1910 2933 turpitudinem,
1948 2852 2259 2916 obiectum
2289 2853 2460 2919 illius
2495 2856 2671 2918 actus
2704 2855 2807 2919 bo-

335 2975 487 3020 num
511 2955 742 3031 evadit,
762 2956 825 3018 et
849 2954 1008 3018 aliae
1031 2954 1185 3019 item
1208 2952 1713 3016 circumstantiae
1737 2956 2000 3034 possunt
2023 2973 2154 3017 esse
2178 2955 2392 3018 bonae.
2415 2956 2513 3018 Ita
2546 2957 2805 3020 Ioannes

335 3057 516 3123 Salas
546 3059 611 3121 in
649 3059 706 3121 1.
745 3060 804 3121 2.
839 3059 1021 3122 tract.
1068 3058 1168 3119 13.
1203 3055 1358 3138 disp.
1396 3056 1456 3118 6.
1491 3057 1639 3118 sect.
1682 3056 1787 3116 27.
1824 3074 1882 3117 n.
1923 3056 2066 3117 178.
2111 3057 2218 3135 qui
2261 3056 2466 3119 addit:
2502 3082 2535 3113 «
2568 3057 2806 3122 Confir-

335 3165 570 3237 matur,
606 3161 755 3242 quia
798 3159 1044 3224 licitum
1076 3161 1191 3237 est,
1228 3158 1385 3221 velle
1430 3156 1604 3219 indui
1636 3157 1699 3219 et
1730 3156 1828 3217 uti
1861 3156 2137 3218 vestibus
2179 3155 2395 3218 ahenis
2442 3158 2557 3218 sub
2605 3158 2805 3221 condi-

337 3264 529 3340 tione,
571 3262 736 3344 quod
782 3264 986 3327 essent
1030 3281 1216 3337 suae:
1256 3277 1403 3341 ergo
1452 3259 1515 3321 et
1561 3275 1748 3320 uxore
1798 3256 1998 3319 aliena
2046 3275 2154 3319 seu
2203 3274 2324 3319 non
2374 3258 2640 3337 propria,
2689 3260 2805 3322 suh

339 3364 692 3429 conditione
722 3366 886 3447 quod
917 3364 1167 3448 propria
1199 3363 1362 3425 esset
1392 3362 1507 3423 etc.
1544 3383 1604 3422 ».
2897 3429 2906 3439 υ

430 3467 517 3531 Et
561 3467 787 3531 clarius
836 3466 1035 3531 adhuc
1081 3465 1308 3529 Suarez
1356 3462 1430 3525 de
1477 3460 1696 3542 Leyib.
1741 3460 1850 3524 lib.
1886 3461 1947 3524 3.
1982 3479 2114 3543 cap.
2157 3462 2256 3524 13.
2291 3481 2349 3524 n.
2393 3461 2530 3525 10.:
2563 3488 2597 3520 «
2630 3461 2806 3541 Quod

339 3569 569 3634 attinet
618 3568 695 3632 ad
732 3568 1103 3632 desiderium
1150 3566 1468 3646 inefficax,
1502 3563 1660 3627 illud
1691 3581 1762 3626 ex
1801 3564 1976 3646 parte
2010 3563 2233 3628 obiecti
2271 3584 2509 3648 semper
2547 3566 2811 3631 includit

338 3673 759 3738 conditionem
792 3673 1086 3753 aliquam,
1114 3688 1272 3752 quae
1305 3666 1679 3732 attendenda
1710 3666 1807 3728 est
1838 3665 1915 3728 ad
1944 3665 2344 3731 iudicandum
2376 3667 2450 3731 de
2484 3668 2809 3733 honestate

337 3776 437 3840 vel
471 3774 861 3858 turpitudine
893 3774 1040 3837 talis
1092 3769 1394 3835 desiderii.
1431 3767 1496 3832 Si
1543 3787 1690 3852 ergo
1738 3767 2108 3832 desiderium
2154 3770 2338 3833 cadat
2373 3770 2436 3831 in
2470 3768 2594 3831 tale
2643 3769 2811 3833 obie-

337 3881 512 3944 ctum
547 3897 672 3943 non
700 3878 986 3943 obstante
1017 3874 1432 3959 prohibitione
1455 3873 1519 3934 et
1550 3871 1821 3936 conditio
1848 3871 2052 3934 solum
2084 3872 2186 3947 sit,
2224 3872 2277 3935 si
2302 3889 2546 3953 possem
2571 3871 2810 3935 occulte

338 3982 560 4061 facere,
580 3982 683 4045 vel
706 3981 836 4045 sine
861 3978 1212 4043 discrimine
1244 3992 1475 4059 poenae
1508 3974 1621 4036 aut
1652 3973 1778 4035 alia
1803 3973 2058 4049 similis:
2085 3974 2233 4036 talis
2259 3974 2437 4036 actus
2462 3971 2814 4054 prohibitus

338 4086 435 4148 est
464 4103 539 4147 ex
572 4084 639 4147 vi
669 4082 827 4165 legis
859 4082 1109 4164 propter
1154 4078 1459 4142 rationem
1497 4075 1756 4149 factam:
1799 4074 1948 4155 quia
1984 4075 2268 4137 versatur
2304 4073 2465 4137 circa
2498 4073 2810 4139 obiectum

340 4186 732 4269 prohibitum
778 4185 1019 4248 retenta
1051 4179 1464 4264 prohibitione
1496 4180 1560 4241 et
1588 4174 1942 4255 formaliter
1973 4176 2068 4238 est
2097 4175 2466 4239 desiderium
2499 4175 2808 4255 quoddam

341 4286 840 4373 transgrediendi
869 4286 1090 4370 legem,
1125 4281 1290 4365 quod
1336 4281 1575 4345 malum
1606 4280 1703 4343 est
1748 4280 1811 4342 et
1842 4278 2244 4361 prohibitum.
2277 4278 2365 4341 At
2401 4296 2544 4340 vero
2584 4280 2637 4341 si
2675 4298 2811 4343 con·

340 4391 498 4456 ditio
548 4390 638 4455 sit
682 4388 848 4461 talis,
899 4390 971 4450 ut
1016 4386 1333 4449 removeat
1378 4382 1875 4465 prohibitionem,
1925 4399 2046 4444 non
2093 4382 2211 4444 erit
2266 4379 2648 4462 prohibitum
2703 4402 2812 4446 nec

339 4493 607 4569 malum,
634 4490 784 4571 quia
814 4490 941 4551 iam
980 4506 1099 4551 non
1124 4487 1409 4550 versatur
1440 4486 1601 4548 circa
1633 4484 1942 4549 obiectum
1973 4482 2248 4545 malum:
2276 4482 2350 4544 ut
2381 4481 2432 4545 si
2466 4501 2523 4544 v.
2551 4502 2643 4565 gr.
2673 4484 2811 4563 quis

452 4633 745 4675 Banumi.
768 4652 819 4660 —
839 4627 1007 4671 Horal.
1036 4626 1172 4669 Tom.
1201 4626 1242 4667 1.
2649 4626 2698 4667 31
