3529 5158
383 334 528 411 [343]
772 351 855 391 AN
892 350 1187 394 omnious
1224 352 1433 395 svnsrr
1468 352 1611 394 LEGI
1651 353 1858 395 c1v1L1.
1897 353 2285 395 rannemirus
2327 353 2467 401 Quis
2737 340 2848 394 349

384 447 785 531 probabiliter
823 449 1205 534 allegaverit,
1257 451 1562 515 alienandi
1610 450 1883 528 feudum,
1934 450 2097 533 quod
2132 451 2208 514 ab
2245 449 2521 514 Ecclesia
2562 451 2659 514 vel
2708 451 2848 514 aliis

382 553 571 629 tenet,
605 551 866 616 liberam
919 553 1146 618 habeat
1191 554 1621 620 facultatem...
1663 553 1959 620 Volentes
2007 553 2203 639 igitur
2234 553 2634 618 indcmnitati
2667 555 2851 618 eccle-

385 655 623 719 siarum
653 655 988 732 consulere,
1036 657 1546 722 constitutionem
1592 657 1949 723 huiusmodi
1995 659 2060 722 et
2090 656 2474 722 venditiones
2523 657 2849 722 feudorum

383 755 941 821 ecclesiasticorum
988 757 1184 821 factas
1217 760 1347 823 sine
1376 760 1659 845 legitimo
1693 760 2250 825 ecclesiasticarum
2307 778 2712 843 personarum
2760 778 2854 822 as-

385 878 589 935 sensu,
627 859 784 923 vires
824 859 1204 926 decernimus
1236 882 1357 926 non
1396 863 1619 928 habere
1655 891 1714 927 ».

476 957 671 1045 Leges
703 980 850 1045 ergo
883 963 1207 1044 quaedam,
1242 983 1400 1046 quae
1431 965 1504 1028 de
1536 967 1717 1030 rebus
1750 965 2181 1030 ecclesiasticis
2219 985 2276 1028 v.
2311 985 2410 1049 gr.
2445 964 2755 1028 habentur
2785 965 2849 1028 in

385 1061 608 1129 Codice
641 1063 1036 1129 Iustiniani...
1055 1084 1178 1131 non
1205 1069 1487 1152 obligant
1515 1068 1635 1133 nisi
1666 1069 1975 1150 quatenus
2006 1069 2251 1149 aliquae
2282 1069 2430 1132 sunt
2460 1068 2539 1131 ab
2572 1067 2853 1132 Ecclesia

385 1167 765 1249 approbatae
795 1170 858 1232 et
889 1169 1038 1231 tunc
1069 1170 1536 1235 considerantur
1565 1169 1761 1235 veluti
1809 1189 2070 1236 canones
2103 1169 2532 1234 ecclesiastici.
2568 1168 2685 1234 Vel
2730 1169 2853 1232 dici

382 1270 611 1354 potest.
653 1269 894 1352 aliquas
926 1289 997 1336 ex
1029 1272 1386 1337 huiusmodi
1416 1272 1658 1358 legibus
1697 1272 2068 1338 considerari
2102 1291 2212 1337 ceu
2244 1271 2575 1356 privilegia
2614 1291 2647 1334 a
2680 1270 2854 1334 Prin·

385 1372 517 1455 cipe
563 1371 728 1436 facta
775 1373 1072 1438 ecclesiis:
1122 1373 1446 1459 privilegia
1493 1376 1656 1440 enim
1702 1374 2122 1440 conceduntur
2158 1375 2350 1439 etiam
2391 1393 2512 1438 non
2562 1372 2848 1449 subditis,

386 1494 446 1538 v.
480 1493 572 1559 gr.
608 1494 682 1539 ne
714 1475 944 1541 milites
958 1478 1210 1557 possint
1227 1477 1318 1540 ad
1344 1480 1724 1542 monasteria
1754 1478 2058 1542 (livertare
2089 1478 2156 1542 et
2188 1477 2249 1540 in
2288 1477 2365 1540 iis
2402 1477 2726 1558 hospitari.
2761 1476 2853 1539 Ac

387 1577 648 1660 denique
680 1597 801 1643 non
848 1581 996 1643 sunt
1031 1580 1146 1644 hae
1193 1580 1360 1664 leges
1407 1582 1693 1658 inutiles3
1744 1582 2053 1663 quatenus
2084 1581 2194 1662 qui
2228 1580 2637 1645 contemnunt
2683 1579 2852 1662 leges

383 1681 732 1757 canonicaS,
765 1684 837 1746 ut
868 1682 1180 1760 haeretici,
1207 1683 1432 1746 saltem
1447 1683 1732 1747 civilibus
1749 1684 2125 1759 fraenentur,
2145 1701 2220 1747 ne
2234 1681 2544 1746 Ecclesiae
2567 1682 2848 1745 noceant.

479 1778 660 1853 343.
713 1784 792 1848 ΙΙ.
843 1782 1061 1849 Clerici
1108 1802 1230 1849 non
1280 1785 1639 1870 obligantur
1685 1786 1746 1849 vi
1795 1784 2076 1849 coactiva
2120 1785 2332 1869 legum
2365 1783 2674 1858 civilium3
2702 1783 2853 1864 quia

387 1888 539 1952 haec
571 1888 666 1952 vis
697 1889 991 1973 supponit
1022 1890 1321 1955 directam
1358 1892 1420 1954 in
1454 1890 1735 1955 subditos
1774 1891 2175 1973 potestatem.

479 1990 594 2053 III.
630 1990 942 2056 Tenentur
994 1992 1198 2056 clerici
1244 1994 1568 2057 observare
1613 1993 1781 2078 leges
1814 1993 2023 2059 civiles
2056 1992 2261 2075 quoad
2310 1992 2437 2056 vim
2487 1990 2853 2056 directivam

389 2091 573 2174 idque
619 2094 698 2157 ab
746 2095 1031 2159 omnibus
1087 2095 1446 2159 admittitur
1490 2097 1554 2159 et
1608 2095 2061 2160 admittendum
2114 2096 2230 2160 est.
2279 2094 2513 2159 Verum
2566 2095 2683 2158 hoc
2727 2111 2851 2157 non

386 2194 719 2279 significat,
746 2197 997 2261 clericos
1031 2216 1141 2262 ceu
1172 2198 1454 2262 subditos
1486 2197 1793 2282 obstringi
1817 2216 2029 2262 earum
2061 2198 2273 2282 legum
2308 2197 2711 2272 auctoritate,
2746 2194 2852 2258 sed

383 2298 592 2362 solum
618 2298 734 2362 hoc
757 2297 883 2362 illis
909 2317 1063 2363 onus
1083 2299 1452 2376 incumbere,
1487 2301 1553 2363 1⁰
1577 2301 1674 2364 vel
1698 2300 1847 2381 quia
1877 2299 2044 2384 leges
2081 2298 2356 2363 indicant
2397 2299 2485 2362 rei
2516 2297 2850 2372 iustitiam,

386 2420 446 2464 v.
483 2413 576 2485 gr.
612 2403 822 2465 taxam
855 2402 1039 2484 pretii
1071 2421 1179 2485 pro
1227 2403 1436 2466 rebus:
1471 2403 1569 2466 vel
1617 2404 1687 2465 2⁰
1717 2403 1865 2484 quia
1897 2419 2071 2466 secus
2103 2402 2274 2465 varia
2309 2402 2372 2465 et
2403 2400 2628 2484 gravia
2672 2398 2855 2462 subo-

381 2503 660 2569 rirentur
712 2505 1030 2569 scandala:
1089 2506 1186 2569 vel
1249 2505 1318 2569 3⁰
1365 2505 1513 2589 quia
1559 2524 1701 2569 cum
1754 2505 1958 2569 clerici
2011 2521 2257 2587 quoque
2304 2502 2431 2567 sint
2479 2501 2852 2586 reipublicae

385 2607 687 2685 membra,
725 2608 1006 2690 aequitas
1030 2609 1328 2691 postulat,
1364 2611 1438 2673 ut
1469 2627 1611 2691 pars
1635 2628 1779 2672 cum
1810 2610 1947 2673 toto
1979 2608 2322 2692 congruat:
2358 2606 2459 2671 vel
2491 2606 2561 2669 4⁰
2592 2604 2853 2686 denique

386 2711 536 2794 qaia
571 2710 863 2775 voluntas
895 2713 990 2775 est
1019 2712 1406 2794 superiorum
1439 2711 2012 2787 ecclesiasticorum,
2053 2714 2126 2775 ut
2163 2709 2370 2774 clerici
2401 2710 2652 2774 servent
2693 2725 2857 2772 com·-

387 2832 608 2879 munes
639 2813 826 2898 leges,
854 2832 1010 2895 quae
1032 2812 1160 2877 illis
1193 2816 1545 2898 congruunt
1575 2817 1638 2877 et
1669 2812 2026 2897 Superiores
2056 2832 2128 2877 ex
2160 2812 2444 2896 pluribus
2486 2810 2856 2894 Responsio-

388 2917 574 2982 nibus
633 2915 1205 3002 Congregationum
1266 2917 1528 2982 Roman.
1587 2917 1809 2982 debent
1870 2916 2216 3000 invigilare,
2277 2918 2351 2980 ut
2411 2914 2618 2979 clerici
2684 2914 2853 2997 leges

389 3022 638 3085 servent
665 3022 732 3084 et
764 3018 954 3084 etiam
984 3020 1509 3106 transgressiones
1557 3021 1796 3103 punire.

485 3122 594 3186 IV.
628 3121 890 3187 Proinde
921 3124 1152 3186 servari
1185 3122 1407 3186 debent
1445 3141 1480 3185 a
1504 3122 1739 3185 clericis
1770 3121 1938 3203 leges
1985 3119 2251 3182 insertae
2296 3116 2538 3198 corpori
2584 3114 2746 3178 Iuris
2777 3116 2858 3178 ci-

395 3225 557 3301 vffiS,
583 3244 743 3307 quae
773 3226 1066 3289 statuunt
1087 3225 1247 3289 circa
1278 3225 1635 3289 contractus
1659 3226 1721 3286 et
1744 3221 2193 3285 successionem
2225 3218 2303 3282 ab
2339 3217 2674 3289 intestat03
2708 3216 2857 3295 quia

395 3328 547 3392 haec
556 3328 708 3392 nihil
725 3328 1060 3403 continent,
1080 3327 1244 3409 quod
1256 3326 1616 3390 adversetur
1631 3324 1822 3388 sacris
1832 3322 2170 3387 canonibus
2181 3321 2318 3395 etc„
2337 3320 2412 3382 ut
2426 3315 2855 3399 supponimus.

487 3431 562 3494 V.
589 3430 865 3514 Denique
889 3430 1092 3512 quoad
1124 3429 1329 3494 varias
1353 3426 1871 3501 circumstantias
1907 3441 2064 3506 quae
2086 3441 2198 3507 pro
2229 3422 2512 3486 locorum
2554 3417 2859 3483 varietate

395 3552 710 3600 occurrere
763 3535 1043 3617 possunt,
1090 3531 1506 3597 revocandum
1552 3529 1741 3594 estin
1774 3526 2158 3603 memoriam,
2194 3543 2353 3608 quae
2387 3523 2537 3589 olim
2587 3520 2859 3586 conditio

389 3637 702 3704 exstiterit
730 3637 1209 3701 christianorum
1257 3635 1372 3699 sub
1416 3630 1898 3717 imperatoribus
1935 3628 2315 3715 gentilibus:
2352 3625 2641 3691 videlicet
2679 3622 2865 3706 privi-

388 3742 571 3828 legiis
606 3741 706 3806 sui
737 3742 942 3806 status
990 3741 1087 3805 uti
1133 3741 1394 3823 possunt
1427 3758 1498 3802 ac
1535 3737 1759 3801 debent
1792 3735 1996 3802 clerici
2026 3754 2136 3819 pro
2167 3734 2413 3799 ratione
2462 3732 2743 3794 locorum
2792 3746 2863 3790 ac

392 3848 768 3929 temporum,
802 3846 864 3909 in
899 3844 1183 3910 omnibus
1221 3841 1519 3908 servando
1551 3859 1924 3918 mensuram,
1960 3857 2147 3921 quam
2171 3833 2465 3920 Episcopi
2501 3835 2564 3897 et
2596 3830 2863 3893 maxime

389 3947 576 4014 Sedes
607 3948 974 4032 Apostolica
1012 3945 1542 4031 praescribendam
1577 3942 2010 4009 iudicaverint.

477 4050 596 4117 Sed
629 4050 872 4133 reliqua
905 4049 1026 4114 vid.
1056 4048 1217 4132 apud
1235 4046 1632 4113 'Canonistas
1669 4041 2071 4110 Reiffenstuel
2102 4041 2210 4105 lib.
2250 4043 2306 4102 1.
2336 4038 2437 4103 tit.
2469 4038 2529 4100 2.
2558 4055 2590 4099 a
2622 4055 2681 4099 n.
2710 4035 2862 4097 290.
