3529 5158
337 346 479 424 [129]
716 362 983 403 nunna-10
1018 362 1269 404 omium
1305 362 1371 403 m
1407 362 1599 404 naun.
1639 361 2113 419 nonnam-uun,
2152 364 2430 413 vastaz
2703 355 2804 409 121

340 460 582 544 obligat
628 459 706 524 ad
752 460 888 536 hoc,
938 459 1104 542 quod
1152 478 1389 542 semper
1437 459 1798 523 observetur
1850 460 1913 523 in
1962 462 2126 524 actu.
2167 460 2548 526 Observatur
2593 465 2805 529 autem

338 584 578 647 semper
623 564 688 627 in
734 563 976 641 habitu,
1012 562 1287 646 quandiu
1334 563 1519 628 homo
1568 562 1978 627 habitualiter
2024 563 2213 628 habet
2258 565 2460 629 Deum
2507 567 2671 631 sicut
2713 570 2807 632 ul-

336 667 562 730 timum
608 666 796 730 finem
831 691 893 729 ».

422 769 603 849 Quod
627 769 682 833 si
714 788 762 833 0.
783 770 1056 834 Thomas
1088 769 1239 833 alibi
1270 770 1477 853 negat,
1514 767 1678 849 quod
1711 768 1985 832 sufficiat
2021 769 2243 834 referre
2276 770 2485 833 actum
2523 770 2807 836 habitua-

335 873 495 949 liter,
547 871 610 935 id
658 872 863 936 solum
909 871 1229 955 intelligit,
1281 890 1403 935 non
1440 870 1720 934 sufficere
1767 871 2008 934 statum
2053 890 2162 935 seu
2208 872 2497 936 habitum
2541 874 2802 957 gratiae,

335 975 451 1039 nisi
490 974 779 1038 eliciatur
815 975 992 1037 actus
1025 973 1252 1055 aliquis
1283 972 1629 1049 referibilis,
1668 972 1732 1035 in
1766 972 1931 1053 quod
1970 991 2117 1037 sane
2140 975 2537 1038 consentiunt
2573 994 2801 1042 omnes.

335 1081 429 1144 Ita
470 1081 532 1142 2.
574 1078 719 1142 dist.
746 1079 852 1141 40.
881 1098 938 1160 q.
969 1078 1027 1141 1.
1056 1097 1112 1142 a.
1142 1079 1201 1141 5.
1230 1077 1307 1141 ad
1334 1077 1432 1142 6.:
1467 1102 1500 1134 ⁴<
1526 1077 1667 1141 Non
1705 1076 1939 1141 sufficit
1978 1077 2227 1142 omnino
2267 1079 2608 1143 habitualis
2648 1080 2805 1143 ordi-

334 1182 504 1247 natio
540 1182 721 1246 actus
743 1182 808 1245 in
832 1182 1067 1257 Deum3
1108 1180 1254 1263 quia
1287 1199 1360 1243 01
1390 1180 1526 1255 1100,
1563 1179 1729 1261 quod
1769 1181 1864 1243 est
1900 1179 1964 1243 111
2003 1180 2244 1254 habitu,
2271 1181 2485 1245 nullus
2507 1184 2799 1254 meretur,

332 1285 524 1349 sedex
547 1285 666 1348 hoc
683 1282 849 1365 quod
874 1284 1167 1365 operatur
1189 1307 1251 1346 ».
1286 1281 1367 1344 Et
1389 1279 1463 1344 de
1499 1280 1792 1345 Virtutib.
1821 1300 1879 1362 q.
1908 1282 1968 1344 2.
1996 1279 2070 1344 de
2110 1280 2352 1345 Charit.
2379 1301 2435 1345 a.
2468 1282 2570 1346 11.
2597 1283 2676 1346 ad
2700 1284 2761 1346 3.
2785 1305 2799 1346 ε

339 1412 371 1444 «
394 1385 826 1450 Habitualiter
870 1385 1058 1449 refert
1094 1384 1156 1448 111
1196 1384 1397 1448 Deum
1427 1384 1491 1447 et
1529 1384 1637 1465 qui
1669 1384 1826 1447 nihil
1872 1384 2008 1467 agit
2053 1402 2163 1448 nec
2195 1383 2431 1465 aliquid
2470 1385 2803 1450 actualiter

331 1488 616 1563 intendit,
656 1489 734 1551 ut
777 1486 1149 1552 dormiens...
1190 1486 1365 1551 Unde
1402 1485 1809 1549 habitualiter
1854 1484 2077 1550 referre
2113 1486 2179 1549 in
2225 1487 2428 1550 Deum
2464 1505 2588 1551 non
2635 1488 2802 1551 cadit

331 1592 444 1655 sub
476 1590 878 1673 praeceptum
902 1613 962 1651 ».
999 1585 1368 1652 Conferatur
1399 1588 1462 1651 et
1494 1588 1701 1651 textus
1734 1587 1967 1651 citatus
2005 1587 2140 1651 sub.
2179 1608 2240 1651 n.
2285 1589 2433 1652 125.
2467 1589 2532 1652 in
2569 1588 2707 1653 fine.

417 1687 578 1762 129.
630 1689 750 1755 Sed
796 1690 945 1753 dum
993 1691 1124 1754 tam
1169 1689 1561 1754 rationabilis
1610 1689 1800 1753 simul
1847 1690 1910 1752 et
1957 1688 2222 1772 benigna
2271 1691 2366 1753 est
2425 1708 2474 1753 s.
2524 1689 2800 1755 Thomae

329 1794 645 1869 doctrina3
672 1792 1008 1856 difficultas
1035 1793 1243 1855 tamen
1268 1791 1556 1867 occurrit,
1582 1791 1894 1872 quomodo
1927 1807 2054 1855 non
2075 1790 2286 1855 redeat
2323 1792 2628 1855 sententia
2661 1792 2802 1857 Baii

329 1900 391 1961 et
426 1894 962 1971 Iansenianorum,
1004 1894 1113 1975 qui
1152 1910 1335 1976 opera
1384 1893 1662 1957 omnium
1710 1892 2052 1956 infidelium
2100 1893 2163 1957 et
2209 1895 2604 1975 peccatorum
2640 1893 2800 1958 dixe-

328 1999 474 2061 runt
509 2015 645 2061 esse
681 1996 850 2059 mala
890 1995 967 2059 ob
1004 1994 1311 2059 defectum
1349 1995 1669 2059 relationis
1706 1994 1770 2058 in
1809 1995 2030 2058 Deum.
2066 1994 2313 2059 Etenim
2359 2015 2500 2059 cum
2538 1996 2659 2078 ipsi
2705 2016 2800 2060 ca·

328 2101 502 2163 reant
549 2098 834 2174 caritate,
875 2098 1038 2162 certe
1075 2116 1185 2161 1100
1216 2100 1361 2161 actu
1394 2116 1503 2161 1100
1542 2096 1899 2161 virtualiter
1930 2115 2112 2179 opera
2151 2098 2216 2161 in
2254 2098 2457 2162 Deum
2502 2097 2794 2163 referunt.

413 2200 816 2283 Respondeo:
851 2219 900 2265 s.
928 2200 1199 2265 Thomas
1238 2200 1507 2264 occurrit
1537 2199 1728 2264 etiam
1759 2199 1907 2264 huic
1928 2200 2308 2275 difficultati,
2335 2219 2494 2281 quae
2519 2200 2796 2281 alioquin

328 2322 398 2367 01
432 2302 777 2386 praemissa
810 2303 1092 2368 doctrina
1129 2302 1284 2366 satis
1321 2302 1673 2366 resolvitur.
1700 2300 1866 2366 Nam
1895 2302 2023 2365 iam
2060 2301 2348 2379 diximus,
2384 2321 2456 2366 ex
2488 2321 2536 2366 0.
2556 2302 2796 2367 Thema

329 2406 473 2468 111110
520 2404 729 2469 00111111
775 2404 1056 2469 110111111οε
1104 2404 1297 2468 1011011
1335 2404 1413 2467 ad
1451 2422 1516 2468 se
1555 2403 1926 2468 ordinandos
1964 2423 2200 2487 suaque
2248 2405 2456 2469 omnia
2503 2424 2610 2487 per
2655 2425 2797 2469 eum

328 2507 537 2570 actum
560 2506 643 2569 ad
666 2506 782 2570 Dei
813 2506 1081 2591 gloriam
1112 2505 1446 2582 referenda,
1474 2504 1719 2588 quando
1745 2507 1932 2590 urget
1955 2506 2258 2591 obligatio
2283 2506 2562 2570 eliciendi
2586 2508 2795 2571 actum

326 2609 625 2674 caritatis.
675 2608 891 2690 Neque
936 2628 1081 2673 vero
1135 2608 1339 2693 magis
1384 2627 1604 2692 urgere
1657 2607 1840 2672 debet
1894 2607 2195 2692 obligatio
2251 2608 2531 2673 eliciendi
2585 2611 2795 2674 actum

325 2712 607 2776 caritatis
637 2712 715 2775 ut
742 2711 808 2775 in
839 2712 1041 2776 Deum
1072 2710 1419 2775 referantur
1466 2728 1650 2793 opera
1683 2710 2024 2791 sequentia,
2058 2729 2248 2792 quam
2279 2712 2505 2796 urgeat
2535 2730 2606 2775 ea
2646 2712 2796 2776 obli-

324 2815 516 2898 gatio,
558 2815 634 2877 ut
671 2814 857 2879 homo
890 2832 955 2878 se
988 2813 1231 2879 ordinet
1258 2813 1322 2876 in
1362 2813 1564 2877 Deum
1600 2814 1903 2895 tanquam
1934 2812 1998 2876 in
2036 2831 2221 2877 suum
2253 2814 2550 2877 ultimum
2580 2813 2784 2879 finem.

325 2915 483 2980 Hinc
506 2934 653 2981 vero
678 2915 1095 2998 consequitur,
1135 2916 1287 2979 tunc
1322 2915 1525 2980 solum
1550 2917 1663 2978 aut
1686 2916 2069 2998 peccatorem
2094 2915 2207 2978 aut
2229 2914 2537 2979 infidelem
2575 2918 2788 2980 contra

324 3018 437 3082 hoc
483 3019 882 3101 praeceptum
928 3037 1000 3082 ex
1048 3017 1377 3082 omissione
1407 3017 1789 3099 peccaturos,
1823 3015 2070 3098 quando
2111 3016 2389 3097 alioquin
2426 3036 2530 3081 eos
2569 3020 2793 3102 urgeat

326 3122 627 3208 obligatio
676 3122 999 3186 ordinandi
1044 3140 1108 3186 se
1155 3121 1233 3184 ad
1280 3122 1481 3185 Deum
1528 3139 1636 3203 per
1679 3119 2009 3183 caritatem
2057 3120 2204 3194 sive,
2254 3119 2421 3200 quod
2467 3119 2629 3182 idem
2677 3121 2788 3194 est,

324 3225 627 3310 obligatio
676 3226 956 3291 eliciendi
1003 3226 1214 3290 actum
1262 3224 1566 3288 caritatis,

407 3330 619 3410 Atque
656 3328 748 3393 ita
785 3347 836 3392 s.
854 3328 1127 3392 Thomas
1166 3328 1231 3394 in
1270 3324 1701 3406 2.dist.4l.q.
1725 3324 1861 3387 La.
1883 3325 1944 3385 2.
1971 3322 2049 3385 ad
2075 3323 2136 3385 4.
2156 3321 2276 3386 sibi
2315 3321 2560 3386 obiicit:
2587 3346 2623 3380 ⁴<
2647 3322 2794 3387 Pro-

324 3431 449 3513 prie
496 3430 728 3495 dicitur
772 3431 1011 3494 malum
1055 3429 1224 3512 quod
1269 3428 1440 3492 caret
1484 3427 1695 3507 aliqua
1750 3423 2139 3508 perfectione,
2180 3441 2370 3505 quam
2423 3425 2644 3489 natum
2698 3427 2793 3490 est

324 3531 565 3597 habere.
606 3530 725 3596 Sed
756 3532 957 3596 omnis
990 3533 1167 3595 actus
1199 3531 1510 3595 humanus
1543 3528 1729 3592 natus
1768 3527 1864 3591 est
1894 3527 1958 3590 in
1990 3526 2287 3591 ultimum
2319 3527 2503 3592 finem
2527 3528 2792 3593 beatitu-

322 3633 479 3699 dinis
525 3633 760 3713 referri,
808 3634 931 3699 nisi
974 3634 1060 3697 sit
1104 3653 1212 3717 per
1257 3651 1322 3696 se
1367 3632 1573 3695 malus
1620 3632 1683 3695 et
1729 3629 1911 3694 debet
1955 3630 2017 3693 in
2066 3629 2273 3712 ipsum
2318 3630 2550 3708 referri,
2600 3633 2674 3695 ut
2720 3652 2792 3697 01

324 3735 501 3801 dictis
539 3736 736 3818 patet.
776 3733 936 3799 Cum
981 3753 1129 3820 ergo
1179 3735 1355 3799 actus
1402 3733 1743 3798 infidelium
1790 3733 1854 3797 in
1900 3732 2198 3796 ultimum
2245 3732 2429 3797 finem
2475 3752 2597 3798 non
2643 3735 2793 3799 refe-

322 3840 513 3914 ratur,
563 3838 629 3901 in
667 3856 851 3919 quem
881 3837 1032 3902 fides
1068 3836 1318 3921 dirigit3
1358 3836 1624 3914 videtur,
1667 3835 1833 3918 quod
1873 3835 2072 3900 omnis
2110 3836 2288 3899 actus
2324 3835 2669 3900 infidelium
2707 3837 2791 3900 sit

322 3940 522 4004 malus
555 3965 620 4003 ».

402 4042 485 4105 Et
514 4040 881 4125 respondet:
908 4065 943 4099 «
961 4040 1323 4117 Dicendum,
1349 4041 1515 4123 quod
1548 4013 1670 4105 non
1704 4040 2058 4123 obligamur
2082 4037 2160 4101 ad
2184 4038 2302 4102 hoc
2337 4037 2505 4120 quod
2528 4037 2791 4119 quilibet

320 4145 490 4208 actus
529 4143 682 4208 actu
718 4141 1029 4227 dirigatur
1064 4143 1129 4206 in
1166 4142 1349 4207 finem
1380 4143 1582 4220 illum,
1622 4143 1687 4205 in
1719 4159 1905 4224 quem
1943 4158 2066 4204 non
2104 4140 2313 4222 potest
2349 4139 2469 4203 nisi
2515 4139 2665 4212 fides
2704 4140 2790 4204 di-

314 4246 541 4331 rigere;
594 4245 750 4328 quin
796 4247 1120 4328 praecepta
1168 4244 1545 4309 affirmativa
1593 4262 1715 4308 non
1763 4243 2049 4327 obligant
2093 4242 2172 4306 ad
2204 4260 2461 4325 semper,
2502 4244 2788 4325 quamvis

313 4367 548 4433 semper
581 4348 884 4433 obligent.
924 4348 1006 4411 Et
1035 4347 1172 4412 ideo
1212 4366 1333 4413 non
1372 4349 1635 4431 oportet,
1675 4347 1752 4410 ut
1789 4347 1966 4410 actus
1990 4344 2353 4421 infidelium,
2381 4345 2576 4427 quiin
2602 4344 2787 4410 finem

312 4450 487 4516 illum
524 4470 655 4516 non
689 4451 788 4514 est
819 4449 1159 4527 ordinatus,
1196 4469 1433 4534 semper
1463 4451 1549 4515 sit
1580 4450 1936 4532 peccatum:
1972 4446 2078 4511 sed
2116 4448 2321 4512 solum
2361 4467 2472 4531 pro
2512 4449 2787 4530 tempore
