3529 5158
707 364 813 419 144
1336 372 1552 414 macr.
1592 374 1655 415 11.
1693 373 1780 413 ms
1816 372 2234 415 conscmwru.
2272 372 2470 414 capm-
2508 372 2548 413 1.
3030 353 3175 430 [152]

794 474 1009 538 Prima
1041 474 1154 548 est,
1189 470 1355 553 quod
1385 471 1525 548 iste,
1553 470 1701 536 dum
1735 474 1989 535 acturus
2014 473 2127 547 est,
2155 470 2311 534 nihil
2343 470 2631 535 advertat
2654 487 2922 533 errorem
2955 487 3170 543 suum;

706 576 870 659 quod
903 574 1213 659 contingit
1242 593 1300 638 V.
1336 594 1452 659 gr.‚
1488 573 1733 656 quando
1759 592 1928 638 error
1961 574 2111 638 olim
2141 573 2264 637 fuit
2294 572 2622 647 vincibilis
2657 591 2840 654 quem
2872 571 3172 637 tamenin

706 696 991 762 praesens
1026 677 1295 759 amplius
1328 678 1472 741 actu
1506 694 1627 740 non
1662 675 1951 740 advertit.
1985 674 2188 755 Croix,
2221 676 2329 740 lib.
2371 677 2428 739 1.
2462 696 2522 741 11.
2557 676 2663 739 42.

796 779 1074 845 Secunda
1106 781 1220 856 est,
1255 777 1419 860 quod
1466 778 1889 862 ignorantiam
1920 797 2101 843 suam
2132 797 2243 843 seu
2273 797 2542 843 errorem
2572 777 2714 860 quis
2745 777 2956 859 aliquo
2987 775 3174 841 modo

709 882 1016 958 advertat,
1052 882 1164 945 aut
1196 879 1544 962 suspicione
1576 880 1873 963 quapiam
1906 880 2128 945 saltem
2162 881 2458 965 agitetur.

796 989 991 1051 Porro
1019 985 1095 1050 ad
1114 984 1349 1067 aliquid
1373 985 1525 1049 certi
1549 986 1711 1049 clare
1735 985 2168 1062 definiendum,
2187 985 2260 1050 de
2285 987 2550 1067 utraque
2565 984 2897 1070 hypothesi
2920 983 3177 1049 seorsim

710 1090 1018 1175 agendum
1051 1090 1165 1152 est.

640 1193 651 1204 '
801 1188 957 1262 152.
993 1190 1105 1255 Sed
1154 1190 1219 1253 in
1267 1190 1485 1275 primis
1531 1191 1746 1256 sedulo
1796 1191 2168 1256 advertenda
2206 1193 2303 1257 est
2348 1210 2494 1256 vera
2524 1191 2708 1269 ratio,
2742 1210 2853 1255 cur
2885 1208 3075 1275 agens
3107 1209 3180 1254 ex

709 1293 1012 1359 eiusmodi
1059 1294 1435 1360 conscientia
1467 1313 1742 1372 erronea,
1778 1312 2097 1376 nunquam
2130 1294 2426 1359 immunis
2458 1293 2542 1358 sit
2574 1313 2610 1357 a
2640 1295 2914 1377 peccato,
2947 1292 3046 1357 vel
3078 1292 3181 1373 (ut

711 1415 759 1460 s.
780 1396 1052 1461 Thomas
1086 1397 1203 1481 ait)
1233 1395 1597 1460 nullatenus
1625 1416 1668 1458 a
1684 1399 1941 1476 peceato
1965 1400 2323 1460 excusetur:
2349 1415 2537 1479 quam
2569 1395 2818 1478 quidem
2849 1393 3177 1469 rationem,

712 1500 861 1562 utut
905 1498 1204 1583 primaria
1235 1498 1340 1573 sit,
1372 1498 1539 1562 malo
1571 1498 1843 1579 quodam
1873 1497 2007 1563 fato
2039 1498 2314 1582 plerique
2361 1498 2607 1563 silentio
2640 1500 2947 1580 premunt.
2987 1495 3179 1560 Ratio

713 1602 926 1683 itaque
972 1602 1086 1678 est,
1136 1601 1284 1683 quia
1329 1601 1685 1686 ignorantia
1731 1600 1856 1664 ista
1904 1602 1998 1665 est
2042 1601 2108 1665 in
2155 1620 2219 1666 se
2263 1602 2615 1685 peccatum:
2665 1600 2891 1684 quippe
2936 1601 3032 1664 est
3078 1616 3183 1663 vo-

711 1703 988 1767 luntaria
1025 1707 1090 1769 et
1120 1704 1446 1787 culpabilis
1476 1703 1836 1788 ignorantia
1866 1722 2101 1782 eorum,
2141 1724 2299 1787 quae
2330 1704 2470 1787 quis
2502 1704 2656 1769 scire
2692 1705 2958 1767 tenetur.
2984 1702 3181 1766 Porro

714 1810 1037 1890 peecatum
1067 1807 1233 1872 istud
1269 1827 1509 1890 semper
1540 1808 1733 1885 adest,
1770 1808 1897 1872 sive
1929 1809 2068 1891 quis
2104 1810 2390 1891 operetur
2419 1808 2596 1872 iuxta
2619 1807 2748 1872 sive
2771 1809 2988 1872 606116
3020 1824 3185 1870 erro·

714 1929 895 1973 neam
926 1910 1386 1975 conscientiam.
1419 1911 1512 1974 En
1550 1910 1749 1995 igitur
1779 1912 1964 1989 ratio,
1999 1930 2109 1975 cur
2155 1929 2343 1995 agens
2375 1930 2446 1975 ex
2478 1909 2594 1974 tali
2624 1908 2998 1974 conscientia
3031 1927 3185 1972 nuu-

717 2030 904 2094 quam
937 2031 973 2075 a
1003 2012 1187 2094 culpa
1218 2012 1302 2076 sit
1331 2012 1646 2077 immunis.

809 2109 962 2184 153.
997 2114 1340 2199 Pergamus
1385 2133 1568 2198 porro
1616 2115 1900 2193 61161166,
1933 2115 2201 2198 primam
2233 2114 2625 2201 hypothesim
2671 2133 2818 2197 prae
2849 2113 3047 2178 oculis
3077 2113 3186 2176 ha-

717 2218 949 2282 1166166.
984 2216 1390 2297 Quandonam
1422 2221 1743 2301 peccatum
1777 2218 1892 2283 1106
1921 2218 2313 2303 ignorantiae
2360 2216 2776 2283 committitur
2792 2220 2823 2280 Ρ
2867 2215 3185 2280 Nimirum

715 2320 855 2402 quis
902 2321 1181 2403 peccavit
1225 2340 1296 2385 ex
1344 2321 1674 2387 omissione
1720 2321 2080 2407 diligentiae
2128 2341 2199 2386 ac
2243 2320 2495 2398 16110116,
2535 2339 2718 2402 quem
2768 2318 3055 2383 adhibere
3087 2318 3186 2383 de-

716 2423 876 2496 buit,
908 2425 985 2487 ut
1014 2442 1086 2487 ea
1119 2423 1476 2500 addisceret,
1511 2443 1670 2506 quae
1707 2424 1862 2489 scire
1893 2424 2241 2489 tenebatur.
2975 2426 2978 2427 ’

805 2526 970 2611 Ergo
1019 2528 1362 2609 peccatum,
1394 2526 1559 2609 quod
1590 2527 1654 2591 in
1685 2545 1834 2592 casu
1880 2546 2199 2610 nunquam
2246 2528 2456 2594 abesse
2501 2544 2680 2612 posse
2724 2524 3008 2602 dicimus,
3056 2541 3183 2588 non

719 2632 814 2693 est
845 2631 1187 2712 peccatum,
1222 2629 1387 2711 quod
1418 2630 1552 2694 heic
1584 2632 1646 2694 et
1676 2650 1839 2695 nunc
1884 2631 2344 2708 committatur3
2378 2632 2484 2697 sed
2516 2632 2610 2696 est
2641 2629 2984 2714 peccatum,
3018 2625 3186 2710 quod

718 2732 890 2814 prius
923 2732 1047 2796 suit
1076 2732 1475 2796 commissum
1508 2734 1571 2796 et
1601 2732 1779 2796 cuius
1824 2735 2069 2797 reatum
2108 2734 2309 2798 adhuc
2336 2735 2534 2800 inesse
2579 2749 2896 2798 censemus
2925 2729 3041 2805 1111,
3076 2726 3185 2811 qui

720 2833 904 2898 modo
951 2835 1206 2898 acturus
1253 2836 1366 2898 est.

810 2935 974 3019 Ergo
1007 2954 1130 3000 non
1163 2939 1258 3000 est
1289 2938 1630 3018 peccatum,
1663 2936 1726 3000 in
1759 2936 1926 3018 quod
1956 2939 2297 3004 necessario
2328 2940 2607 3004 incurrat
2637 2938 2948 3021 quispiam
2978 2954 3052 2998 ex
3084 2951 3189 2998 06-

719 3038 963 3102 casione
981 3037 1243 3103 actionis
1264 3056 1426 3102 nunc
1449 3038 1762 3121 ponendae
1787 3043 1901 3105 aut
1923 3043 2174 3124 propter
2196 3041 2521 3119 actionem,
2548 3060 2738 3123 quam
2760 3037 2944 3104 modo
2977 3035 3184 3119 ponit3

720 3140 824 3206 sed
872 3145 967 3206 est
1013 3143 1334 3224 peccatum
1383 3142 1461 3205 ab
1507 3141 1629 3206 ista
1678 3144 1921 3208 actione
1951 3143 2359 3227 independens
2407 3149 2471 3210 et
2515 3145 2691 3209 cuius
2728 3143 2836 3207 ille
2881 3141 2977 3206 est
3021 3158 3187 3216 reus,

721 3244 915 3309 etiam
947 3246 1282 3326 antequam
1314 3262 1378 3309 66
1411 3244 1629 3309 offerat
1661 3245 1886 3330 agendi
1919 3246 2156 3311 occasio
2191 3247 2304 3330 (a).

814 3347 1045 3411 Exinde
1090 3365 1235 3412 vero
1286 3347 1585 3429 sequitur,
1621 3347 1788 3429 quod
1819 3347 2006 3412 huius
2038 3350 2275 3432 peccati
2303 3368 2446 3415 reus
2476 3351 2571 3414 est
2599 3348 2786 3413 homo
2832 3365 2956 3411 non
3001 3344 3191 3410 modo

724 3452 867 3514 ante
892 3450 1200 3514 actionem
1232 3451 1295 3513 et
1328 3452 1470 3514 ante
1506 3450 1888 3515 occasionem
1922 3453 2035 3515 aut
2064 3451 2569 3518 deliberationem
2599 3450 2847 3537 agendi3
2883 3448 2990 3513 sed
3022 3467 3194 3531 prae-

722 3553 893 3616 terea
938 3571 1079 3616 reus
1126 3550 1399 3616 eiusdem
1445 3553 1679 3635 peccati
1726 3555 1840 3631 est,
1891 3553 2403 3637 quandocumque
2448 3555 2597 3620 data
2652 3553 2969 3619 occasione
3018 3553 3192 3635 agat,

725 3652 1010 3718 videficet
1042 3653 1170 3718 sive
1203 3655 1355 3738 agat
1385 3652 1561 3718 iuxta
1595 3655 1723 3720 sive
1761 3658 1981 3720 contra
2013 3657 2475 3722 conscientiam.

814 3755 951 3820 Hoc
981 3758 1193 3820 autem
1226 3756 1662 3822 tantummodo
1696 3757 1896 3824 aderit
1925 3758 2269 3838 discrimen,
2298 3759 2483 3842 quod,
2517 3760 2570 3824 si
2600 3759 2739 3841 quis
2768 3755 2905 3821 heic
2935 3756 3001 3819 et
3030 3774 3196 3819 nunc

727 3862 878 3945 agat
908 3861 1125 3925 contra
1147 3858 1607 3934 conscientiam,
1642 3859 1971 3943 dupliciter
2002 3864 2097 3926 est
2127 3881 2302 3939 reus;
2330 3882 2547 3946 nempe
2577 3865 2641 3926 et
2668 3880 2809 3925 reus
2841 3861 2936 3924 est
2965 3858 3195 3942 prioris

725 3964 961 4047 peccati
991 3963 1055 4027 in
1088 3983 1275 4028 causa
1323 3965 1388 4028 et
1432 3963 1577 4029 huic
1621 3965 1874 4046 peccato
1921 3964 2093 4028 aliud
2138 3985 2302 4031 nunc
2342 3937 2516 4030 addit
2560 3965 2880 4048 peccatum
2929 3961 3196 4026 actionis

725 4067 967 4150 positae
999 4069 1215 4131 contra
1247 4066 1556 4132 dictamen
1590 4066 2020 4131 conscientiae.
2056 4065 2120 4131 Si
2153 4087 2298 4133 vero
2331 4068 2470 4151 quis
2500 4068 2653 4151 agat
2680 4065 2858 4129 iuxta
2888 4063 3199 4129 conscien-

724 4167 903 4238 tiam,
951 4168 1205 4232 habebit
1252 4168 1581 4234 dumtaxat
1624 4171 1871 4234 reatum
1917 4170 2335 4253 praecedentis
2391 4170 2626 4252 peccati
2670 4167 2736 4232 in
2781 4185 2998 4242 causa;
3049 4166 3198 4248 quia

726 4268 929 4350 reipsa
976 4269 1110 4333 heic
1157 4273 1220 4334 et
1266 4290 1428 4334 nunc
1475 4290 1595 4336 non
1646 4272 1972 4354 delinquit.

812 4509 874 4559 (a)
904 4508 1012 4558 Qua
1041 4510 1103 4553 de
1131 4521 1186 4552 re
1215 4508 1603 4562 advertendum,
1633 4510 1792 4554 huius
1820 4511 2017 4566 peccati
2044 4514 2246 4556 reatum
2275 4522 2376 4553 non
2406 4509 2570 4552 solum
2598 4506 2818 4559 affuisse,
2846 4502 3053 4559 quando
3079 4504 3204 4547 olim

727 4575 979 4630 quispiam
1009 4576 1232 4632 neglexit
1262 4577 1516 4622 addiscere
1547 4577 1872 4633 addiscenda,
1901 4579 1985 4622 sed
2015 4579 2212 4622 incurri
2232 4577 2481 4631 deinceps,
2504 4575 2701 4630 quoties
2727 4572 2843 4628 quis
2869 4570 3101 4616 advertit
3121 4582 3208 4614 ne-

727 4642 1015 4686 cessitatem
1045 4643 1330 4698 depellendi
1359 4644 1703 4699 ignorantiam
1731 4657 1896 4700 suam,
1925 4658 2079 4700 quam
2109 4645 2282 4700 aliquo
2311 4644 2457 4687 modo
2484 4642 2740 4686 advertat.
