3529 5158
723 323 831 378 306
1275 334 1487 375 TRAcT.
1528 335 1617 375 111.
1657 333 1742 373 nn
1782 332 2059 375 nmmos
2098 331 2295 373 cAPn'r
2333 333 2371 373 1.
2411 332 2553 373 nun.
2594 331 2657 371 11.
3046 316 3188 393 [281]

726 433 1118 498 observantia
1143 435 1285 515 post
1314 432 1423 495 diu
1460 430 1856 496 continuatas
1887 429 2406 513 transgressiones
2439 447 2475 491 a
2506 428 2954 494 communitate
2989 447 3190 493 mora-

723 536 869 599 liter
907 535 1137 618 sperari
1174 553 1298 599 non
1331 536 1557 617 potest.

813 637 912 701 Ad
944 637 1013 700 3⁰
1044 636 1298 701 Obiecta
1329 635 1710 701 consuetudo
1748 634 1952 717 magis
1985 633 2229 717 proprie
2275 632 2676 715 praescriptio
2725 634 2837 710 est,
2886 633 3034 713 quia
3083 652 3185 715 per

725 758 863 803 eam
911 739 1180 804 laeditur
1225 739 1325 803 ius
1371 738 1679 802 Ecclesiae
1712 739 1776 801 et
1821 737 2264 817 consequenter
2309 735 2539 799 mirum
2586 753 2707 799 non
2743 736 2856 810 est,
2906 734 3069 816 quod
3108 734 3182 798 ad

725 841 901 905 illam
947 842 1303 923 requiratur
1339 841 1499 904 bona
1531 839 1701 903 fides.
1736 839 1795 903 N
1799 859 1864 903 ec
1911 839 2142 912 obstat,
2191 837 2253 900 id
2298 837 2431 900 fieri
2463 856 2499 900 a
2530 837 3005 912 communitate3
3039 856 3182 901 nam

723 943 1139 1008 communitas
1163 944 1314 1006 tunc
1344 942 1609 1006 habetur
1641 942 1842 1005 instar
1877 940 2158 1023 privatae
2197 957 2510 1022 personae,
2532 940 2604 1002 ut
2634 957 2769 1021 sup.
2803 959 2863 1003 n.
2900 939 3048 1002 256.
3081 957 3184 1003 no·

722 1048 932 1110 tatum
979 1047 1092 1110 est.
1131 1044 1435 1109 Schmalz.
1477 1065 1536 1107 n.
1574 1047 1678 1108 25.

814 1144 969 1217 281.
1021 1146 1238 1226 Quoad
1285 1147 1545 1212 tertium
1590 1146 2056 1211 consuetudinis
2103 1147 2409 1222 effectum,
2449 1146 2557 1228 qui
2603 1149 2698 1210 est
2758 1144 2951 1227 leyem
2995 1147 3182 1209 inter-

708 1250 966 1329 pretari
1009 1252 1248 1314 certum
1294 1251 1407 1326 est,
1448 1250 1613 1312 hunc
1658 1250 1944 1313 effectum
1989 1251 2336 1331 competere
2368 1247 2832 1323 consuetudini;
2882 1266 3027 1312 nam
3064 1248 3177 1330 ipsi

720 1352 776 1415 is
800 1352 1101 1416 tribuitur
1124 1371 1230 1434 per
1261 1371 1312 1415 c.
1356 1351 1513 1415 Cum
1559 1350 1821 1414 dilectus
1854 1352 1915 1414 8.
1948 1351 2009 1414 h.
2044 1351 2145 1415 tit.
2193 1375 2227 1407 «
2259 1350 2494 1414 Electio
2534 1350 2831 1433 praedicti
2863 1350 3181 1415 Guilielmi

720 1456 854 1517 tam
878 1457 1094 1519 contra
1126 1455 1355 1519 statuti
1386 1458 1682 1530 tenorem,
1712 1473 1900 1535 quam
1925 1454 2117 1517 etiam
2132 1456 2349 1517 contra
2366 1453 2870 1518 consuetudinem
2884 1452 3181 1533 approba»

722 1559 870 1630 tam,
903 1557 1134 1636 optima
1158 1576 1315 1636 quae
1346 1560 1442 1619 est
1463 1556 1667 1637 Ieynm
1696 1556 2029 1635 interpres,
2055 1556 2261 1620 minus
2287 1556 2576 1620 canonice
2599 1557 2914 1620 attentata
2958 1555 3178 1620 merito

720 1659 950 1722 cassari
974 1657 1235 1722 debebat
1258 1659 1374 1723 etc.
1401 1683 1462 1721 ».
1484 1658 1729 1722 Pariter
1748 1658 1791 1721 1.
1812 1656 1887 1720 Si
1909 1657 1982 1721 de
2000 1659 2530 1738 interpretatione.
2554 1658 2660 1722 37.
2681 1657 2825 1742 Dig.
2845 1657 2918 1720 de
2934 1656 3178 1739 Βορέω

728 1785 763 1818 «
789 1759 851 1823 Si
878 1759 951 1823 de
974 1759 1484 1842 interpretatione
1508 1759 1663 1844 legis
1703 1762 2060 1841 quaeratur,
2096 1761 2157 1824 in
2191 1761 2406 1843 primis
2446 1759 2894 1843 inspiciendum
2917 1764 3031 1835 est,
3058 1778 3177 1842 quo

720 1863 853 1932 11116
891 1862 1114 1927 civitas
1145 1865 1311 1926 retro
1342 1863 1406 1925 in
1439 1862 1744 1926 eiusmodi
1780 1863 2029 1928 casibus
2062 1883 2176 1928 usa
2213 1864 2465 1939 fuisset;
2498 1864 2731 1943 optima
2768 1864 2936 1928 enim
2965 1866 3059 1926 est
3103 1861 3179 1925 le-

718 1985 868 2046 ymn
898 1966 1210 2043 interpres
1239 1964 1613 2028 consuetudo
1659 1990 1720 2027 ».

808 2067 998 2130 Ratio
1030 2066 1359 2130 manifesta
1392 2068 1520 2143 est3
1556 2087 1701 2131 nam
1733 2069 1786 2131 si
1818 2068 2198 2134 consuetudo
2234 2070 2361 2133 vim
2396 2070 2585 2134 habet
2620 2069 3045 2134 introducendi
3078 2088 3178 2133 no-

716 2188 828 2235 ras
873 2169 1043 2252 leges
1090 2172 1154 2233 et
1198 2169 1326 2233 iam
1370 2170 1751 2235 constitutas
1800 2171 2169 2255 abrogandi;
2205 2191 2240 2235 a
2281 2173 2528 2236 fortiori
2574 2172 2911 2237 efficaciam
2958 2173 3175 2237 habere

716 2274 896 2338 debet
941 2272 1084 2337 illas
1130 2272 1605 2354 interpretandi:
1656 2275 2020 2356 praesertim
2068 2294 2211 2340 vero
2259 2295 2401 2340 cum
2448 2276 2548 2339 hic
2579 2276 2828 2341 effectus
2859 2277 3062 2361 magis
3094 2276 3177 2339 vi-

713 2375 937 2439 deatur
968 2394 1098 2440 esse
1135 2376 1534 2452 necessariuS,
1570 2395 1760 2456 quam
1794 2377 1920 2440 alii.
1957 2375 2149 2459 Saepe
2181 2377 2345 2441 enim
2391 2378 2557 2462 leges
2592 2379 2887 2443 obscurae
2934 2381 3080 2442 sunt
3117 2379 3175 2441 et

715 2478 1046 2561 ambiguae
1077 2480 1217 2541 tum
1254 2478 1318 2540 in
1352 2478 1752 2560 obligatione,
1796 2481 1934 2543 tum
1966 2480 2026 2542 in
2066 2479 2349 2556 materia,
2391 2480 2468 2543 ad
2505 2499 2694 2561 quam
2726 2499 2791 2545 se
2820 2480 3170 2545 extendunt.

713 2579 813 2644 Ad
859 2579 1219 2644 huiusmodi
1265 2582 1476 2644 autem
1524 2579 1711 2644 dubia
1760 2581 2091 2645 auferenda
2138 2583 2257 2646 erit
2305 2583 2541 2665 optima
2594 2584 2814 2667 regula
2858 2584 3172 2667 inspicere,

713 2682 1024 2761 quomodo
1050 2700 1169 2744 usu
1194 2684 1472 2764 receptae
1499 2682 1643 2745 sint.
1677 2682 1843 2745 Nam
1874 2702 2024 2746 usus
2057 2688 2120 2747 et
2151 2684 2532 2749 consuetudo
2564 2685 2719 2769 legis
2751 2686 3051 2768 interpres
3085 2688 3175 2750 est

713 2783 962 2859 mentis,
1004 2802 1193 2863 quam
1228 2783 1554 2866 legislator
1585 2784 1649 2847 in
1685 2783 1931 2847 ferenda
1964 2785 2099 2867 lege
2146 2786 2386 2851 habuit.
2428 2785 2730 2851 Schmalz.
2765 2808 2825 2851 n.
2862 2788 2966 2851 26.

731 2942 740 2947 .
804 2882 1094 2949 Ceterum
1124 2884 1631 2967 distinguendum
1663 2884 1799 2951 heic
1831 2889 1944 2962 est,
1978 2906 2129 2951 num
2153 2888 2532 2953 consuetudo
2581 2889 2859 2973 legitime
2884 2890 2969 2954 sit
2992 2910 3171 2954 necne

712 2987 1112 3071 praescripta.
1161 2985 1227 3051 Si
1273 2988 1563 3070 primum,
1590 2988 2023 3070 interpretatio
2057 2990 2188 3054 eius
2226 2994 2322 3054 est
2354 2992 2711 3057 authentica
2760 2995 2823 3057 et
2868 2993 3170 3074 sequenda

712 3096 784 3158 ut
815 3094 929 3169 lex,
973 3096 1044 3157 ut
1077 3095 1253 3176 patet
1284 3112 1355 3157 ex
1385 3093 1427 3157 l.
1462 3094 1637 3157 Nam
1665 3094 2007 3172 imperator
2032 3096 2137 3159 38.
2174 3095 2316 3179 Dig.
2350 3095 2426 3158 de
2462 3096 2681 3178 Leyib.
2722 3122 2756 3153 «
2788 3096 2953 3160 Nam
2992 3097 3171 3179 impe-

708 3200 882 3264 rator
919 3198 1132 3261 noster
1155 3195 1416 3260 Severus
1448 3196 1781 3278 rescripsit,
1822 3196 1885 3260 in
1924 3197 2463 3280 ambiguitatibuS,
2497 3218 2655 3280 quae
2680 3198 3019 3283 exlegibus
3042 3217 3174 3282 pro-

707 3300 1087 3372 ficiscuntur,
1115 3298 1619 3362 consuetudinem
1637 3301 1748 3362 aut
1763 3318 1970 3362 rerum
1996 3302 2289 3382 perpetuo
2315 3301 2601 3365 similiter
2625 3301 3043 3369 iudicatarum
3073 3320 3171 3365 au-

708 3402 1086 3473 ctoritatem,
1123 3401 1250 3473 vim
1282 3400 1439 3483 legis
1481 3401 1755 3466 obtinere
1790 3426 1850 3463 ».
1878 3401 1959 3464 Et
1989 3402 2153 3466 ratio
2193 3403 2308 3475 est,
2341 3402 2490 3484 quia
2521 3422 2660 3467 vere
2705 3403 2802 3467 lex
2849 3406 2986 3479 est3
3027 3403 3169 3467 talis

709 3504 874 3567 enim
911 3501 1293 3567 consuetudo
1342 3523 1452 3585 pro
1501 3504 1636 3587 lege
1682 3504 1967 3568 habetur.
2033 3504 2100 3569 Si
2145 3505 2502 3583 secundum,
2559 3506 2995 3589 interpretatio
3056 3507 3169 3571 erit

706 3607 956 3668 tantum
1005 3603 1383 3681 doctrinaliS,
1414 3606 1625 3669 altiori
1656 3609 1867 3672 tamen
1902 3607 2170 3684 ratione3
2209 3608 2359 3689 quia
2388 3608 2453 3671 in
2484 3607 2927 3672 consuetudine
2964 3609 3167 3692 plures

705 3707 770 3771 in
810 3725 1005 3770 unum
1043 3707 1435 3771 conveniunt.

796 3808 860 3872 Si
907 3811 1116 3872 tamen
1162 3808 1595 3890 interpretatio
1643 3812 1805 3873 esset
1851 3813 2067 3874 contra
2113 3812 2346 3875 claram
2369 3812 2524 3876 iuris
2561 3812 3049 3897 dispositionem,
3098 3833 3166 3878 ea

703 3909 1105 3985 consuetudO,
1157 3929 1351 3991 usque
1398 3911 1547 3975 dum
1579 3911 1863 3992 acquirat
1901 3913 2108 3976 omnia
2141 3912 2219 3977 ad
2251 3912 2513 3995 leyalem
2548 3916 2868 3997 requisita,
2902 3936 3013 3999 pro
3045 3935 3166 3980 cor-

703 4013 948 4097 ruptela
996 4013 1206 4095 potius
1253 4013 1533 4078 habenda
1580 4015 1675 4077 est
1706 4033 1778 4078 ac
1826 4015 2077 4096 proinde
2108 4035 2219 4079 nec
2263 4017 2669 4082 doctrinalem
2714 4019 3166 4101 interpretatio—

703 4137 844 4181 nem
889 4118 1156 4201 porrigit
1200 4138 1312 4182 nec
1343 4119 1597 4201 proinde
1642 4119 1909 4184 iudicem
1954 4139 2200 4185 movere
2232 4125 2457 4204 potest,
2508 4125 2580 4187 ut
2627 4125 2965 4191 secuudum
2995 4126 3161 4190 illam

703 4220 1074 4281 sententiam
1106 4220 1285 4283 ferat.
1327 4220 1468 4284 Vid.
1503 4221 1734 4285 Palaus
1759 4222 1800 4284 l.
1829 4242 1879 4284 c.
1915 4243 1971 4304 p.
2008 4224 2069 4286 4.
2107 4226 2165 4305 ᾗ.
2201 4226 2262 4289 3.
2296 4246 2356 4289 11.
2386 4228 2446 4290 2.
2473 4229 2535 4291 et
2561 4226 2621 4289 3.
2642 4225 2946 4292 Schmalz.
2973 4248 3032 4293 n.
3062 4228 3159 4292 27.

790 4316 966 4389 282.
1001 4321 1194 4384 Porro
1227 4325 1506 4403 potestas
1555 4324 2024 4406 interpretandi,
2076 4346 2234 4407 quae
2280 4328 2354 4392 fit
2399 4330 2850 4405 consuetudini,
2886 4336 2981 4396 est
3012 4331 3161 4396 satis

703 4422 929 4503 ampla.

790 4523 952 4587 Nam
1004 4527 1071 4588 1⁰
1117 4527 1450 4592 secundum
1483 4529 1657 4593 illam
1690 4532 2014 4615 regulandi
2049 4537 2196 4598 sunt
2227 4536 2602 4610 contractus
2638 4537 2785 4617 quia
2832 4538 3160 4601 secundum
