3529 5158
693 333 803 386 210
1172 344 1383 385 ΤΒΑοτ.
1423 344 1488 384 11.
1527 344 1613 384 nn
1649 342 2065 385 consumma.
2105 341 2305 383 0110111
2341 342 2406 382 11.
2445 341 2587 384 nun.
2627 341 2692 381 11.
3012 325 3160 403 [196]

699 468 734 500 ⁴<
768 442 1045 517 scientia,
1079 441 1240 504 unde
1272 440 1620 505 desumitur
1650 457 1898 504 morum
1929 438 2240 515 honestas,
2275 438 2403 502 iam
2433 439 2552 502 rite
2583 437 3006 503 conformetur
3033 438 3161 523 legi

701 571 736 602 ‹<
770 547 1055 609 aeternae
1102 542 1519 625 subsequenti,
1570 562 1694 625 qua
1741 542 1881 605 vult
1922 540 2089 605 Deus
2138 541 2254 605 tali
2292 541 2477 606 modo
2520 543 2846 624 operantes
2892 540 2957 604 in
3002 540 3158 625 lege,

702 670 736 703 «
770 665 959 729 quam
990 645 1431 710 invincibiliter
1462 645 1773 729 ignorant,
1808 662 1932 708 non
1970 642 2401 726 comprehendi
2432 668 2492 706 ».

793 774 827 808 «
860 748 1075 830 Neque
1106 748 1251 812 huic
1291 749 1502 813 obstat
1532 748 1594 811 id
1628 746 1794 829 quod
1825 746 2005 811 docet
2033 746 2092 810 d.
2133 746 2404 811 Thomas
2434 745 2500 809 in
2543 744 2763 826 Quodl.
2806 747 2865 809 8.
2907 748 3025 810 art.
3058 746 3160 808 13.

703 876 738 908 ‹<
770 851 1003 916 dicens:
1055 850 1235 932 Quod
1265 852 1483 932 aqitur
1512 854 1731 914 cont-ra
1763 847 1979 929 leqem,
2027 868 2267 927 semper
2298 851 2394 911 est
2418 846 2657 911 malum
2686 868 2797 912 nec
2827 851 3165 912 excusatur

703 980 738 1013 ‹<
760 975 882 1035 per
904 953 1035 1028 hoc,
1053 954 1222 1035 quod
1240 958 1336 1017 est
1353 953 1692 1018 secundum
1714 953 2174 1017 conscientiam.
2193 950 2359 1015 Nam
2390 951 2453 1015 id
2484 952 2751 1033 explicat
2781 951 2838 1014 d.
2864 950 3161 1015 Antonin.

707 1082 740 1113 ‹<
777 1078 833 1139 p.
868 1058 969 1121 tit.
997 1057 1057 1120 3.
1085 1076 1135 1119 c.
1169 1058 1270 1119 10.
1308 1057 1365 1139 ξ.
1399 1056 1500 1119 10.
1535 1055 1803 1140 intelligi
1848 1055 1922 1119 de
1959 1054 2314 1138 ignorantia
2361 1053 2636 1118 vincibili
2683 1054 2747 1117 et
2791 1053 2865 1117 de
2911 1052 3164 1135 peccato

706 1184 740 1213 «
773 1159 1040 1233 formali,
1082 1159 1168 1221 sic
1200 1158 1431 1223 dicens:
1467 1157 1647 1221 Haec
1691 1158 1858 1221 enim
1903 1155 2091 1219 verba
2138 1155 2198 1219 d.
2242 1153 2510 1219 Thomac
2540 1175 2665 1218 non
2686 1158 2959 1234 possunt
2986 1152 3167 1217 intel-

706 1286 740 1317 «
775 1259 911 1339 liyi,
961 1260 1091 1322 nisi
1136 1258 1210 1321 de
1257 1261 1358 1332 iis,
1415 1259 1525 1322 ubi
1568 1259 1895 1338 vulnifeste
1928 1262 2114 1338 patet
2162 1278 2241 1322 eoe
2296 1256 2627 1337 Scriptura
2687 1256 2783 1320 vel
2843 1255 3165 1320 Ecclesiae

706 1387 740 1418 ‹<
774 1361 1308 1434 determinatione,
1358 1361 1526 1443 quod
1557 1363 1646 1425 sit
1679 1364 1899 1425 contra
1929 1360 2126 1441 leycm
2169 1358 2300 1424 Dei
2335 1364 2397 1422 ct
2437 1379 2567 1423 non
2597 1359 2671 1423 de
2702 1359 2837 1423 illis
2866 1358 3164 1440 intelligi,

708 1494 742 1527 «
779 1469 885 1531 ubi
927 1488 1052 1532 non
1082 1472 1362 1549 afflaret.
1403 1468 1597 1532 Alias
1632 1468 1758 1531 sibi
1787 1467 2242 1531 contradiceret
2268 1469 2338 1530 in
2374 1466 2579 1531 eodem
2618 1465 2800 1539 libro,
2839 1466 3007 1547 quod
3041 1486 3167 1530 non

705 1601 740 1633 «
774 1580 867 1639 est
888 1575 1277 1639 credendum.
1313 1576 1395 1638 Et
1417 1594 1628 1639 revera
1659 1575 1822 1639 idem
1854 1575 1911 1638 d.
1947 1574 2220 1639 Thomas
2242 1575 2307 1638 in
2341 1573 2581 1654 Quolib.
2618 1575 2679 1636 3.
2707 1575 2824 1637 art.
2858 1575 2960 1637 10.
2995 1573 3167 1656 prius

708 1704 740 1737 «
775 1679 1031 1755 dixerat,
1081 1680 1247 1761 quod
1292 1680 1354 1742 in
1403 1679 1585 1742 rebus
1634 1677 1710 1742 ad
1756 1678 1941 1742 fidem
1989 1679 2052 1741 et
2096 1696 2298 1743 mores
2345 1677 2768 1760 spectantibus
2814 1695 2936 1741 non
2992 1695 3168 1740 excu-

707 1806 740 1839 ‹<
775 1783 994 1846 santur
1017 1782 1339 1864 sequentes
1373 1781 1724 1863 opinionem
1746 1779 2074 1844 manifeste
2098 1798 2436 1857 erroneam,
2463 1780 2672 1862 ibique
2696 1781 2785 1843 sic
2821 1778 3163 1843 concludit:

707 1908 741 1942 ‹<
785 1885 907 1963 Qui
937 1904 1082 1964 cryc
1118 1885 1385 1947 assentit
1411 1883 1696 1962 opinioni
1714 1881 1987 1946 alicuius
2009 1883 2303 1964 mayistri
2323 1887 2542 1946 contra
2564 1881 2967 1962 ‚nanifestam
2997 1881 3170 1945 Scri—

709 2012 742 2042 «
763 1989 996 2064 ptume
1037 1987 1471 2059 testimoninm„
1511 1987 1638 2049 sice
1676 1990 1898 2048 contra
1942 1985 2016 2048 id
2054 1986 2223 2066 quod
2240 1985 2494 2065 publice
2541 1990 2786 2049 tenetur
2829 1984 3167 2049 secundum

710 2111 743 2143 «
777 2085 1097 2150 Ecclesiae
1126 2089 1580 2160 auctoritatem,
1621 2107 1748 2150 non
1772 2090 1986 2167 potest
2017 2088 2097 2149 ab
2152 2090 2390 2151 erroris
2435 2089 2586 2151 vitio
2633 2089 2942 2152 excusari.
2999 2088 3164 2173 Ergo

710 2213 744 2246 «
777 2208 826 2252 s.
862 2189 1096 2253 Doctor
1126 2191 1418 2272 supponit
1455 2211 1486 2255 e
1533 2208 1827 2256 converso
1862 2192 2139 2255 excusari
2177 2191 2286 2272 qui
2331 2192 2613 2274 sequitur
2659 2192 3011 2276 opinionem
3059 2191 3168 2255 ali-

711 2317 744 2349 «
777 2290 953 2355 cuius
999 2291 1306 2375 magistri,
1356 2311 1514 2374 quae
1562 2312 1684 2357 non
1722 2294 1808 2357 sit
1852 2295 2069 2357 contra
2099 2294 2496 2359 manifestam
2542 2293 2896 2378 Scripturae
2928 2295 3028 2359 vel
3058 2295 3167 2358 Ec·

709 2420 742 2450 «
775 2394 996 2458 clesiae
1043 2395 1503 2459 auctoritatem.
1539 2392 1656 2460 Sed
1705 2397 1869 2459 hunc
1915 2398 2157 2460 textum
2204 2396 2262 2460 d.
2297 2396 2571 2461 Thomae
2618 2398 2778 2461 infra
2823 2399 2889 2462 in
2920 2416 3166 2480 respon·

709 2522 742 2551 ⁴<
776 2497 947 2561 sione
993 2497 1068 2561 ad
1119 2496 1489 2561 obiectiones
1522 2497 1771 2579 (obiect.
1806 2499 1889 2561 II.
1924 2499 1988 2562 in
2020 2499 2155 2582 fin.)
2186 2498 2387 2563 fusius
2417 2500 2866 2564 declarabimus
2897 2526 2960 2562 ».

798 2624 832 2657 «
870 2599 1186 2663 Obiiciunt
1216 2600 1298 2663 II.
1337 2600 1500 2682 quod
1547 2603 1853 2685 possessio
1900 2602 2210 2666 libertatis
2242 2620 2364 2666 non
2397 2604 2603 2685 potest
2632 2603 2984 2685 praevalere
3032 2622 3167 2686 pos·

711 2725 744 2758 «
779 2702 1035 2766 sessioni
1081 2702 1215 2780 Dei,
1265 2701 1374 2784 qui
1410 2704 1840 2768 antecedenter
1870 2704 2059 2767 habet
2095 2704 2364 2768 hominis
2411 2703 2757 2768 dominium
2794 2705 2857 2768 et
2893 2703 3032 2769 ideo
3064 2705 3165 2787 (ut

711 2829 743 2857 «
779 2804 983 2886 aiunt)
1021 2805 1238 2886 nequit
1269 2804 1453 2869 homo
1487 2825 1668 2890 agere
1701 2808 1821 2870 nisi
1860 2807 1921 2870 id
1958 2806 2123 2888 quod
2163 2807 2329 2870 Deus
2361 2808 2417 2871 ei
2448 2807 2774 2890 permittit.
2814 2805 2933 2871 Sed
2965 2809 3163 2890 primo

710 2931 746 2962 «
778 2906 1200 2987 respondetur,
1253 2912 1689 2991 argumentum
1737 2908 1995 2990 probare
2041 2909 2259 2986 nimis3
2294 2928 2441 2973 nam
2479 2910 2722 2992 probat,
2771 2929 2967 2992 neque
3004 2910 3165 2975 inter

709 3033 744 3067 «
777 3009 1123 3092 probabiles
1169 3010 1412 3074 licitum
1468 3029 1598 3074 esse
1646 3011 2088 3092 probabiliores
2146 3013 2341 3093 sequi,
2389 3013 2556 3095 quia,
2605 3032 2800 3095 quum
2860 3014 3164 3096 possessio

709 3138 743 3170 «
775 3111 931 3196 legis
969 3132 1206 3196 semper
1232 3112 1624 3196 praeferenda
1657 3113 1740 3176 sit
1774 3114 2144 3195 possessioni
2169 3115 2497 3192 libertatiS,
2524 3116 2589 3178 in
2620 3115 2807 3180 dubio
2838 3136 2949 3180 nec
2974 3117 3165 3181 etiam

710 3240 742 3270 «
779 3215 1063 3297 opinione
1109 3214 1510 3298 probabiliori
1541 3232 1654 3278 nos
1692 3215 1789 3277 uti
1836 3233 2183 3296 possumus.
2233 3214 2508 3281 Secundo
2541 3217 2966 3300 respondetur,
3000 3218 3165 3301 quod

699 3341 742 3375 ·«
777 3319 1078 3400 possessio
1126 3318 1260 3396 Dei,
1311 3318 1440 3382 sive
1470 3318 1628 3401 legis
1675 3317 1939 3394 divinae,
1974 3318 2190 3399 utique
2227 3319 2622 3401 praeferenda
2664 3323 2758 3384 est
2795 3322 3165 3404 possessioni

710 3419 1104 3496 «libertatis,
1155 3419 1400 3500 quando
1448 3420 1696 3483 constat
1742 3418 1815 3482 de
1861 3418 2031 3502 1οςος
2067 3419 2172 3482 sed
2209 3420 2455 3501 quando
2504 3421 2578 3484 de
2626 3441 2697 3485 ea
2742 3421 3072 3487 dubitatur
3103 3425 3166 3487 et

708 3544 745 3578 «
777 3520 1024 3601 insuper
1072 3520 1386 3603 probabile
1447 3521 1562 3592 est,
1612 3520 1777 3601 quod
1822 3520 1920 3584 lex
1965 3540 2089 3585 non
2145 3521 2325 3599 adsit,
2375 3524 2527 3587 tunc
2584 3524 2788 3600 homo,
2845 3525 2947 3589 cui
3003 3528 3164 3590 certe

709 3649 745 3680 α
779 3622 998 3685 datum
1044 3625 1138 3687 est
1195 3643 1228 3686 a
1278 3624 1407 3687 Deo
1457 3622 1802 3687 dominium
1857 3643 2006 3688 suae
2059 3624 2388 3703 libertatiS,
2446 3627 2619 3692 nullo
2674 3627 2856 3693 modo
2921 3629 3167 3694 tenetur

708 3724 903 3808 «legi
948 3724 1169 3788 dubiae
1227 3743 1463 3806 parere3
1515 3744 1655 3788 cum
1713 3725 1876 3789 enim
1923 3727 1988 3790 in
2035 3726 2245 3808 aliquo
2292 3748 2440 3792 casu
2500 3729 2575 3793 de
2634 3730 2771 3815 lege
2816 3729 3163 3808 dubitatur,

709 3854 743 3887 «
777 3828 1102 3892 dubitatur
1132 3827 1321 3889 etiam
1369 3827 1709 3891 necessario
1743 3828 1816 3892 de
1864 3829 2246 3911 possessione
2275 3831 2450 3915 legis,
2492 3831 2701 3898 Tertio
2741 3833 3165 3916 respondetur,

708 3959 742 3990 ‹<
776 3932 941 4015 quod
987 3932 1131 3994 licet
1178 3930 1272 3992 1011
1320 3928 1545 4008 divina,
1586 3933 1894 4012 quatenus
1933 3931 2011 3994 ab
2059 3935 2306 3997 aeterno
2354 3952 2391 3996 a
2430 3935 2560 3998 Deo
2594 3935 2957 4013 constituta,
3001 3940 3169 4001 ante-

707 4062 740 4094 «
775 4037 900 4099 rior
938 4034 1022 4097 sit
1066 4032 1143 4095 ad
1190 4031 1545 4096 libertatem
1593 4034 1880 4110 hominiS,
1937 4033 2239 4118 obligatio
2286 4037 2499 4100 tamen
2543 4036 2701 4121 legis
2747 4039 2843 4102 est
2886 4038 2954 4102 in
3016 4041 3168 4104 tem·

708 4165 742 4196 «
775 4157 920 4221 pore
977 4135 1054 4199 ad
1098 4134 1452 4198 libertatem
1485 4137 1821 4218 posterior;
1872 4155 2019 4200 nam
2065 4136 2161 4200 lex
2208 4138 2454 4203 nonnisi
2498 4140 2734 4205 homini
2767 4141 2892 4205 iam
2939 4141 3007 4206 in
3053 4161 3165 4207 sua

709 4240 1064 4305 «libertate
1111 4237 1356 4303 condito
1419 4239 1855 4322 promulgatur
1902 4239 2030 4303 sive
2077 4240 2485 4323 significatur.
2532 4242 2719 4309 Patet
2762 4245 2879 4309 hoc
2925 4265 2997 4310 ex
3054 4244 3164 4309 illo

709 4369 742 4400 «
781 4342 1195 4407 Ecclesiastici
1257 4362 1306 4405 c.
1370 4341 1507 4405 XV.
1567 4363 1621 4406 v.
1698 4344 1799 4406 14.
1858 4341 2034 4407 Deus
2094 4344 2173 4406 ab
2235 4345 2418 4408 initio
2479 4349 2804 4412 constituit
2858 4347 3165 4412 hominem

709 4470 744 4503 «
775 4448 836 4508 et
879 4443 1137 4527 reliq-uit
1179 4444 1361 4509 illum
1407 4447 1476 4509 in
1523 4466 1714 4508 manu
1759 4445 2013 4509 consilii
2063 4447 2184 4510 sui.
2234 4446 2494 4512 Adiecit
2534 4450 2836 4514 mandata
2880 4455 2944 4514 et
2972 4471 3165 4531 prae-

706 4574 738 4607 «
772 4553 944 4629 cepta
980 4569 1114 4614 sua.
1158 4547 1232 4613 Se·
1267 4548 1534 4612 volucris
1566 4547 1864 4612 vitandam
1897 4569 2167 4624 screare,
2201 4552 2654 4616 conservabunt
2684 4557 2757 4617 te.
2791 4552 2956 4639 Ergo
2996 4554 3166 4637 prius
