3529 5158
666 396 774 451 708
1474 405 1785 446 APPDNDIX
1823 404 1889 443 11.
1928 400 2325 444 messium-1⁸10

667 525 813 589 ergo
838 505 1161 588 disputari,
1189 524 1338 568 num
1364 503 1448 567 sit
1469 502 1786 567 habendus
1809 501 1949 583 quis
1973 502 2301 564 excusatus
2327 499 2390 563 in
2413 500 2548 564 foro
2576 503 2827 567 externo
2854 503 2933 568 ob
2954 504 3130 588 igno-

664 607 954 683 rantiam,
990 626 1067 670 an
1106 624 1249 669 vero
1286 604 1598 688 praesumi
1634 604 1855 668 debeat
1886 602 2163 668 scientia.
2201 602 2395 667 Porro
2427 602 2579 666 haec
2611 605 2898 685 quaestio
2944 606 3127 691 longe

665 710 841 774 abest
865 728 901 773 a
925 708 1232 791 praesenti
1255 707 1329 770 de
1353 706 1852 790 promulgatione
1885 704 2226 768 necessaria
2260 702 2336 768 ad
2361 704 2490 768 vim
2523 704 2680 790 legis
2708 706 3129 772 obtinendam.

664 810 842 890 Quod
874 811 1123 894 quidem
1159 809 1386 874 centies
1424 809 1542 873 erit
1572 806 1995 890 repetendum.

752 915 813 977 4.
848 912 1234 977 Veniendum
1266 931 1427 976 nunc
1459 910 1535 974 ad
1565 910 1792 986 locum,
1827 908 1934 973 ubi
1965 908 2220 990 quidam
2251 908 2561 987 dixerunt,
2594 911 2905 977 Abbatem
2941 911 3129 976 dubie

659 1018 853 1100 loqui.
902 1016 1104 1082 Locus
1150 1018 1245 1080 est
1289 1016 1352 1079 in
1400 1034 1449 1079 0.
1494 1012 1960 1095 Coynoscentes,
2009 1010 2083 1076 de
2139 1010 2474 1077 Constitut.
2527 1017 2589 1078 et
2636 1016 2732 1079 est
2779 1016 3127 1092 eiusmodi;

670 1146 705 1178 «
736 1120 933 1184 Venio
968 1120 1045 1183 ad
1076 1118 1428 1195 secundum,
1458 1137 1536 1181 an
1566 1115 1921 1180 indistincte
1953 1114 2239 1199 exigatur
2269 1114 2480 1198 lapsus
2521 1115 2787 1183 duorum
2819 1119 3129 1183 mensium

664 1223 999 1302 antequam
1022 1219 1389 1284 constitutio
1422 1218 1662 1282 iniiciat
1692 1217 2030 1281 vinculum.
2064 1217 2146 1281 Et
2176 1217 2590 1283 concludendo
2625 1218 2793 1285 dicta
2824 1219 3129 1300 doctrina,

661 1324 995 1407 distingue,
1034 1322 1198 1403 quod
1231 1323 1343 1385 aut
1381 1319 1766 1385 Constitutio
1803 1319 1981 1403 ponit
2011 1321 2276 1402 tempus,
2318 1321 2464 1403 post
2495 1321 2672 1386 cuius
2704 1322 2955 1406 lapsum
2986 1324 3128 1388 vult

662 1424 858 1508 ligare
897 1426 960 1487 et
1005 1423 1298 1488 standum
1344 1424 1439 1486 est
1475 1421 1740 1504 tempori
1786 1420 2218 1484 determinatO.
2260 1419 2360 1485 Sic
2390 1422 2671 1507 intellige
2703 1442 2754 1487 0.
2799 1421 2958 1487 Gum-
2993 1426 3129 1488 sin-

661 1526 834 1608 qula,
874 1524 947 1589 de
984 1524 1341 1589 Praebend.
1376 1525 1448 1587 in
1480 1522 1668 1587 Sexto
1679 1543 1701 1600 ,·
1735 1522 1887 1587 adeo
1919 1521 2083 1604 quod
2116 1522 2167 1587 si
2207 1519 2592 1588 Constitutio
2629 1524 2817 1602 dicat,
2853 1525 3018 1607 quod
3055 1546 3128 1591 ex

661 1648 824 1693 nunc
870 1629 1008 1692 vult
1053 1629 1270 1713 ligare,
1320 1625 1487 1709 quod
1531 1625 1890 1690 immediate
1935 1626 2115 1709 ligat.
2157 1622 2335 1704 Quod
2380 1626 2660 1710 intellige
2706 1629 2990 1711 respectu
3037 1650 3134 1692 re-

663 1732 1056 1795 tractationis
1086 1734 1282 1804 actus,
1318 1749 1443 1793 non
1473 1732 1681 1792 antem
1694 1747 1974 1807 poenae‚·
2006 1727 2157 1808 quia
2185 1727 2531 1791 absurdum
2560 1732 2724 1793 esset
2749 1730 2841 1793 ad
2857 1751 3135 1811 poena-m

660 1832 861 1915 liyare
905 1834 1318 1915 iynorantem‚
1354 1834 1427 1895 ut
1457 1832 1557 1895 hic
1603 1831 1667 1894 in
1716 1830 2081 1913 principio...
2117 1830 2249 1894 Aut
2279 1827 2664 1895 Constitutio
2714 1851 2837 1897 non
2871 1835 3136 1916 apponit

661 1939 926 2018 tempus,
968 1936 1071 1999 sed
1120 1935 1482 2018 simpliciter
1525 1933 1807 2015 loquitur
1854 1933 1916 1996 et
1963 1935 2111 1996 tunc
2158 1934 2254 1997 est
2300 1929 2684 2000 Constitutio
2731 1934 3043 2001 inferioris
3093 1957 3130 2001 a

659 2039 1004 2122 Principe...
1045 2048 1106 2101 et
1137 2037 1487 2101 immediate
1534 2036 1697 2119 liyat
1738 2056 1948 2100 omnes
1991 2036 2287 2101 scientes:
2319 2041 2600 2117 respectu
2643 2059 2787 2103 vero
2831 2042 3137 2123 ignora-n-

662 2142 835 2215 timn,
872 2145 1106 2220 tempus
1152 2144 1245 2203 est
1285 2139 1719 2215 arbitrarium,
1754 2137 2063 2219 quandoq.
2097 2158 2226 2201 non
2257 2142 2352 2202 est
2384 2158 2749 2221 eonyruum,
2784 2146 2858 2204 ut
2899 2142 3133 2206 dentur

658 2242 779 2307 duo
824 2264 1061 2307 menses
1106 2244 1271 2306 siout
1299 2244 1368 2305 in
1408 2240 1861 2306 Constitutione
1893 2240 2249 2320 Principia
2291 2261 2449 2323 quae
2489 2242 2653 2327 ligat
2700 2244 3122 2310 universum...

658 2345 789 2410 Aut
834 2346 1149 2427 loquimur
1195 2346 1268 2409 de
1314 2344 1776 2409 Constitutione
1812 2343 2115 2426 Principis
2148 2345 2210 2407 et
2250 2344 2586 2409 seeundum
2641 2364 2845 2411 omnes
2890 2346 3126 2412 dantur

658 2448 780 2513 duo
828 2467 1064 2512 menses
1122 2469 1226 2531 per
1286 2446 1642 2511 Anthentic.
1705 2445 1793 2511 Ut
1841 2443 2043 2523 factae
2095 2444 2311 2508 Novae
2372 2443 2715 2510 Constitut.
2763 2448 3126 2516 Anthentic.

658 2546 814 2614 Coll.
853 2552 911 2614 5.
947 2549 1045 2614 tit.
1084 2551 1187 2613 21.
1222 2549 1448 2615 novell.
1486 2548 1590 2611 66.
1627 2573 1687 2612 ».

756 2678 791 2708 «
823 2651 939 2715 Sed
971 2652 1338 2734 disceptatio
1387 2654 1481 2716 est
1526 2651 1686 2716 inter
1723 2651 2042 2726 Doctore3‚
2084 2649 2249 2732 quod
2286 2651 2338 2714 si
2379 2651 2522 2715 ante
2559 2652 2810 2734 lapsum
2855 2652 3127 2719 duorum

656 2753 963 2816 mensium
996 2752 1376 2816 Constitutio
1411 2753 1620 2816 veniat
1664 2752 1729 2815 in
1762 2750 2055 2815 notitiam
2095 2751 2470 2834 aliquorum,
2508 2771 2588 2817 an
2626 2754 2983 2819 immediate
3029 2756 3128 2821 illi

657 2856 950 2938 ligentur.
987 2854 1274 2918 Glossa...
1301 2856 1488 2930 tenet,
1523 2853 1687 2935 quod
1719 2853 1870 2917 310...
1909 2853 2078 2917 Idem
2117 2854 2267 2918 dicit
2297 2855 2534 2919 Paulus
2567 2855 2631 2918 in
2678 2855 2795 2920 loc.
2830 2858 3130 2940 praealle-

658 2958 809 3038 gato
859 2957 921 3019 et
950 2956 1365 3020 Hostiensis...
1407 2956 1483 3019 D.
1523 2955 1833 3019 Antonius
1872 2955 2031 3037 (scil.
2072 2954 2147 3019 de
2194 2955 2447 3038 Butrio)
2480 2957 2671 3020 sentit
2716 2960 3120 3036 contrarium,

657 3060 804 3141 quia
853 3059 961 3123 illa
1009 3060 1386 3124 Anthentica
1426 3059 1615 3122 sentit
1661 3058 2065 3134 contrarium,
2101 3076 2224 3122 non
2256 3060 2465 3123 tamen
2506 3059 2719 3124 firmat
2757 3061 2936 3144 pedes
2966 3063 3127 3126 mul-

657 3164 794 3227 tum
825 3162 888 3225 in
922 3163 1036 3226 hac
1070 3162 1372 3244 opinione.
1401 3161 1558 3224 Mihi
1584 3178 1823 3242 semper
1853 3159 2091 3242 placuit
2126 3160 2325 3242 prima
2361 3160 2590 3242 opinio,
2619 3181 2809 3243 quam
2841 3165 3126 3245 sequitur

656 3265 916 3330 Ioannes
951 3266 1023 3329 de
1054 3264 1335 3348 Lignano
1369 3263 1485 3327 hic.
1526 3262 1689 3327 Nam
1720 3263 1954 3326 frustra
1987 3264 2378 3344 exspectatur
2401 3265 2680 3341 eventuS,
2709 3266 2887 3329 0111113
2911 3266 3125 3331 nullus

656 3371 750 3432 est
783 3370 1069 3432 effeetus:
1103 3371 1177 3431 ut
1212 3368 1277 3430 in
1309 3386 1359 3430 c.
1396 3364 1552 3429 Cum
1582 3365 1924 3446 continyat,
1952 3364 2025 3427 de
2066 3362 2244 3444 Offio.
2280 3363 2502 3446 Deley.
2524 3365 2614 3429 Ex
2646 3385 2770 3449 quo
2802 3386 2949 3452 ergo
2983 3370 3126 3450 quis

655 3471 750 3534 est
797 3472 1000 3534 certus
1050 3470 1123 3533 de
1170 3468 1650 3543 Constitutione,
1700 3466 1936 3531 frustra
1993 3468 2307 3549 exspectat
2351 3467 2596 3550 lapsum
2646 3468 2911 3534 duorum
2957 3490 3126 3535 men-

656 3573 837 3634 sium.
874 3572 967 3634 Ad
1016 3573 1129 3635 1100
1175 3572 1392 3654 regula
1441 3572 1545 3632 31.
1580 3569 1732 3633 iuris
1766 3569 1827 3632 in
1863 3569 1965 3632 6⁰:
2003 3569 2190 3646 Eum,
2232 3569 2344 3650 qui
2386 3573 2593 3634 certus
2639 3575 2750 3646 est,
2789 3575 3129 3637 certiorari

652 3672 921 3737 alterins
969 3694 1093 3737 non
1139 3676 1377 3754 oportet
1419 3674 1481 3736 et
1528 3673 1644 3737 1100
1690 3672 1895 3754 quoad
1941 3671 2278 3736 secundum
2327 3673 2662 3739 articulum
2700 3700 2763 3738 ».

744 3776 914 3840 Haec
960 3778 1387 3860 paragraphus
1418 3773 1783 3858 dignissima
1815 3775 1927 3851 est,
1963 3793 2120 3855 quae
2152 3775 2438 3850 notetur3
2475 3776 2742 3857 explicat
2772 3776 2935 3840 enim
2969 3778 3123 3860 quid

653 3880 772 3944 sibi
807 3880 959 3943 velit
993 3879 1191 3960 {mare
1226 3881 1337 3942 aut
1374 3897 1499 3940 non
1533 3877 1733 3958 le'yare
1768 3877 1909 3940 ante
1940 3877 2186 3959 lapsum
2218 3876 2482 3939 duorum
2517 3875 2843 3941 mensium.
2871 3876 3037 3943 Nam
3068 3880 3123 3944 si

654 3983 872 4047 statim
905 3983 1145 4066 obligat
1193 3981 1472 4054 scienteS,
1508 3981 1720 4064 agitur
1758 3997 1905 4062 ergo
1954 3977 2026 4041 de
2073 3977 2301 4042 notitia
2345 3977 2523 4061 legis,
2565 3996 2686 4042 non
2736 3978 2810 4042 de
2841 3981 3122 4062 promul-

650 4086 903 4168 gatione
949 4103 1107 4165 quae
1154 4084 1282 4147 vim
1330 4083 1569 4146 tribuat
1616 4079 1951 4165 obligandi.
1995 4079 2403 4161 Prosequitur
2450 4078 2694 4144 Abbas:

744 4189 801 4250 5.
830 4211 864 4245 ‹
898 4185 1014 4250 Sed
1059 4186 1389 4268 pulchrum
1436 4183 1696 4249 dubium
1743 4183 1858 4259 est,
1908 4181 2152 4263 quando
2200 4181 2501 4264 incipiant
2548 4201 2790 4248 currere
2838 4184 2940 4249 isti
2987 4183 3114 4250 (1110

652 4309 909 4353 menses.
944 4290 1173 4353 Textus
1212 4288 1275 4352 in
1308 4287 1473 4351 dieta
1505 4285 1882 4350 Anthentica
1917 4283 2161 4348 videtur
2200 4284 2376 4360 velle,
2415 4283 2580 4367 quod
2612 4304 2649 4348 a
2696 4287 2973 4371 tempore
3009 4309 3123 4372 pu—

650 4390 1003 4456 blicationis
1050 4390 1250 4455 factae
1297 4390 1361 4453 in
1407 4387 1743 4472 provincia.
1784 4385 1912 4451 Alii
1943 4385 2158 4450 dicunt
2189 4386 2468 4451 sufficere
2513 4388 2868 4471 generalem
2914 4391 3128 4472 publi-

650 4495 958 4558 cationem
1006 4495 1065 4555 in
1113 4492 1302 4558 Curia
1350 4493 1651 4566 Romana,
1684 4491 1759 4554 ut
1789 4491 1971 4553 notat
2002 4489 2236 4553 Paulus
2277 4488 2339 4552 in
2388 4490 2430 4552 1.
2466 4509 2584 4554 0....
2619 4490 2880 4556 Ioannes
2922 4493 3118 4558 Andr.

652 4595 822 4670 dicit,
858 4594 1019 4674 quod
1069 4597 1179 4659 aut
1207 4595 1523 4676 loquimur
1561 4593 1626 4657 in
1658 4589 2118 4657 Constitutione
2156 4591 2559 4674 Imperatoris
2593 4594 2657 4656 et
2686 4593 2875 4658 habet
2903 4593 3114 4660 locum
