3529 5158
713 363 820 417 544
1105 376 1316 417 mmor.
1354 378 1435 417 rv.
1472 377 1558 417 11111
1594 375 1900 417 Paeon-rs.
1939 375 2142 418 CAPUT
2177 375 2220 416 1.
2257 375 2399 417 nun.
2438 377 2504 417 11.
2544 377 2683 418 An‘r.
2721 378 2787 419 11.
3032 364 3183 440 [605]

710 480 785 541 ut
828 477 1061 540 vitetur
1106 476 1298 540 etiam
1343 476 1527 558 culpa
1574 475 1853 552 venialiS,
1903 474 2268 557 praesertim
2316 474 2371 538 si
2415 476 2628 540 motus
2674 475 2841 539 leves
2887 476 3038 555 sint,
3073 478 3184 560 qui
3217 466 3244 476 ’

709 579 931 644 melius
966 580 1331 662 contemptu
1376 582 1693 644 curantur.

799 681 985 746 Hisce
1036 700 1156 746 non
1205 681 1597 746 obstantibus
1648 681 1715 743 7⁰
1757 679 2082 756 limitatio,
2133 697 2324 759 quam
2371 697 2420 743 3.
2456 679 2815 762 Alphonsus
2861 682 3182 746 communi

709 783 1049 848 sententiae
1096 783 1463 867 apponebat,
1496 800 1714 865 nempe
1744 781 1854 846 ubi
1893 781 2038 845 talis
2087 779 2418 845 delectatio
2467 800 2725 846 venerea
2757 784 3178 865 superveniat,

712 907 872 971 quae
901 888 1080 952 facile
1111 908 1321 952 secum
1342 888 1558 952 trahat
1587 905 1951 951 consensum
1983 884 2348 963 voluntatis,
2376 885 2542 949 haud
2572 885 2728 950 levis
2758 887 2981 970 culpae
3004 907 3183 952 reum

712 1009 862 1068 6336,
896 991 1004 1072 qui
1033 1009 1155 1055 non
1187 990 1441 1054 resistat
1469 989 1655 1054 modo
1689 989 1898 1070 aliquo
1924 987 2214 1070 positivo,
2248 987 2474 1051 saltem
2506 987 2608 1070 (ut
2638 987 2770 1071 ipse
2805 989 3043 1072 aiebat)
3073 1009 3182 1073 per

714 1095 923 1158 actum
954 1092 1395 1176 displicentiae
1421 1092 1589 1169 haec,
1623 1092 1898 1173 inquam,
1931 1090 2231 1154 limitatio
2263 1089 2510 1155 videtur
2534 1090 2899 1169 adhibenda,
2926 1092 3175 1174 quando

712 1196 875 1260 1116111
908 1196 1240 1261 inducatur
1286 1195 1647 1278 periculum,
1686 1193 1880 1258 6116111
1912 1192 2193 1257 adhibito
2240 1192 2352 1256 illo
2400 1191 2827 1275 displicentiae
2870 1194 3035 1258 actu.
3069 1193 3179 1257 Ni-

711 1299 941 1362 mirum
986 1298 1096 1362 ubi
1139 1299 1233 1362 ita
1278 1317 1504 1381 urgens
1550 1298 1647 1361 est
1691 1296 2079 1361 vehementia
2124 1297 2335 1360 motus
2367 1314 2478 1360 nec
2507 1296 2695 1360 homo
2742 1295 3059 1360 detinetur
3104 1316 3176 1360 ex

711 1400 844 1465 11116
887 1419 1076 1465 061136
1120 1400 1310 1472 iusta,
1350 1399 1452 1482 (de
1482 1418 1608 1480 qua
1642 1418 1702 1462 n.
1743 1399 1844 1481 3⁰)
1873 1417 1984 1462 nec
2015 1398 2192 1462 actus
2229 1397 2652 1480 displicentiae
2689 1398 2908 1463 61111111
2940 1418 2978 1462 6
3006 1398 3176 1462 facili

709 1521 1039 1568 consensus
1085 1503 1377 1586 periculo,
1412 1502 1577 1567 haud
1608 1502 1763 1566 levis
1795 1501 2026 1566 censeri
2064 1500 2246 1565 debet
2297 1501 2599 1586 obligatio
2640 1501 2972 1566 adhibendi
3004 1502 3174 1566 6111111

709 1605 1002 1682 111611111111,
1035 1626 1093 1669 v.
1127 1626 1220 1690 gr.
1270 1604 1612 1669 divertendi
1658 1604 1783 1668 6110
1830 1602 2295 1688 cogitationem.
2331 1600 2430 1668 Sic
2477 1604 2748 1667 mentem
2788 1622 2836 1668 3.
2870 1603 3176 1686 Alphonsi

709 1728 960 1791 prorsus
984 1709 1265 1773 tenemus
1296 1727 1406 1772 nec
1436 1706 1713 1788 alioquin
1743 1705 2115 1771 discedimus
2148 1723 2186 1768 6
2215 1704 2530 1768 communi
2560 1706 2625 1768 et
2656 1724 2803 1769 vera
2834 1703 3173 1781 sententia;

709 1811 935 1894 quippe
963 1811 1089 1875 ista
1120 1810 1413 1893 supponit
1446 1809 1791 1873 absentiam
1828 1807 2104 1890 periculi,
2139 1806 2385 1889 quando
2417 1826 2450 1871 e
2486 1806 2820 1884 contrario,
2855 1809 3177 1889 praesente

708 1913 1057 1978 vehementi
1101 1913 1213 1976 illa
1258 1911 1683 1987 delectatione,
1731 1911 1928 1974 istum
1973 1909 2317 1992 periculum
2355 1927 2750 1991 nequaquam
2796 1910 2994 1974 abest.

801 2009 976 2084 605.
1010 2013 1226 2093 Quoad
1256 2014 1673 2078 resistentiam
1705 2033 1816 2077 seu
1844 2012 2101 2077 modum
2132 2010 2465 2095 repellendi
2499 2014 2612 2077 aut
2641 2011 3018 2096 reprimendi
3050 2031 3175 2077 car-

709 2116 880 2180 nales
926 2118 1155 2193 11101113,
1205 2136 1253 2180 3.
1287 2116 1643 2198 Alphonsus
1678 2115 1977 2180 nonnulla
2015 2114 2300 2199 suggerit
2343 2115 2480 2179 tum
2528 2114 2734 2195 quoad
2777 2133 3007 2198 corpus
3040 2117 3173 2180 tum

709 2219 914 2301 quoad
960 2221 1249 2284 mentem.

797 2323 880 2387 Et
924 2323 1131 2405 quoad
1160 2325 1431 2388 mentem
1467 2322 1751 2406 suggerit
1788 2321 1854 2383 l⁰
1885 2319 2300 2404 cogitationes
2346 2319 2419 2384 de
2467 2319 2751 2402 passione
2791 2321 3065 2398 Domini,
3098 2319 3170 2384 de

707 2427 927 2504 morte,
962 2427 1035 2491 de
1064 2426 1275 2509 poenis
1305 2424 1546 2500 inferni,
1573 2423 1647 2488 de
1678 2442 1958 2487 remorsu
1989 2422 2398 2487 conscientiae
2421 2423 2566 2504 post
2596 2424 2954 2504 peccatum:
2982 2424 3050 2486 2⁰
3081 2443 3171 2487 re-

706 2548 957 2594 cursum
1005 2528 1082 2594 ad
1130 2529 1350 2605 Deum,
1385 2527 1457 2591 B.
1498 2525 1820 2611 Virginem
1853 2523 2235 2607 Sanctosque
2280 2543 2387 2608 per
2433 2524 2814 2591 orationem:
2851 2526 2922 2589 3⁰
2961 2529 3172 2592 actum

707 2630 937 2694 amoris
975 2631 1090 2694 Dei
1135 2630 1349 2694 elicere
1382 2650 1454 2694 ac
1482 2648 1780 2693 renovare
1817 2628 2206 2711 propositum
2252 2627 2554 2692 moriendi
2584 2627 2771 2693 citius
2817 2648 3012 2710 quam
3044 2650 3173 2714 pec-

704 2731 916 2795 candi:
966 2733 1037 2793 4⁰
1084 2733 1148 2795 in
1195 2733 1341 2797 actu
1386 2730 1820 2795 commotionis
1867 2729 2143 2794 animum
2191 2728 2270 2792 ad
2316 2729 2441 2793 alia
2487 2729 2811 2807 divertere,
2860 2732 3013 2813 quia
3060 2733 3173 2798 1100

704 2851 950 2914 quoque
995 2835 1090 2898 est
1126 2834 1390 2916 positive
1435 2832 1735 2897 resistere.
1787 2832 1868 2896 Et
1905 2832 1974 2896 5⁰
2021 2832 2073 2895 si
2118 2833 2328 2896 motus
2375 2832 2505 2896 sint
2547 2832 2733 2906 leves,
2781 2834 3010 2899 melius
3056 2835 3172 2899 erit

700 2937 1089 3000 contemnere
1121 2936 1251 2999 sine
1287 2935 1557 3019 positiva
1587 2934 1962 2999 resistentia.

793 3036 1009 3117 Quoad
1055 3057 1276 3120 corpus
1323 3056 1466 3101 vero
1513 3056 1562 3100 s.
1596 3038 1804 3119 Alph.,
1845 3056 1917 3100 ex
1961 3036 2255 3114 Auctore,
2299 3041 2372 3102 ut
2404 3038 2628 3120 inquit,
2679 3040 2976 3104 moderno
3022 3058 3171 3125 sug—

701 3140 884 3225 gerit,
940 3140 1263 3221 tamquam
1309 3139 1481 3215 utile,
1532 3139 1698 3220 quod
1743 3140 2091 3204 commotae
2156 3141 2365 3222 partes
2420 3140 2699 3205 vestibus
2746 3142 3048 3226 tegantur
3100 3162 3170 3207 ac

703 3244 1209 3326 comprimantur.
1250 3242 1485 3307 Verum
1516 3241 1632 3306 hoc
1661 3242 1847 3305 istius
1893 3241 2170 3306 moderni
2202 3242 2533 3306 consilium
2564 3243 2643 3306 ab
2682 3243 2822 3308 aliis
2855 3244 3166 3322 reiicitur;

703 3345 928 3428 quippe
973 3346 1342 3429 compressio
1392 3344 1749 3408 huiusmodi
1794 3343 1974 3407 facile
2020 3344 2253 3426 poterit
2302 3344 2504 3409 acrius
2550 3344 2798 3411 irritare
2845 3348 2963 3411 etc.

792 3448 963 3512 Haec
1010 3449 1241 3522 autem,
1273 3467 1432 3530 quae
1463 3466 1499 3511 a
1531 3467 1580 3511 3.
1614 3447 1932 3529 Alphonso
1964 3447 2219 3531 suggeri
2265 3446 2553 3525 vidimus,
2596 3448 2748 3513 bene
2793 3450 3171 3515 attendenda

703 3552 869 3625 sunt,
917 3553 994 3614 ut
1038 3552 1247 3632 aliquo
1294 3550 1477 3615 modo
1523 3550 1934 3635 intelligatur,
1970 3549 2118 3631 quid
2165 3550 2324 3615 inud
2371 3550 2473 3627 sit,
2516 3550 2594 3615 ad
2640 3551 2806 3633 quod
2851 3552 3167 3618 hominem

702 3654 766 3716 in
814 3653 938 3716 illis
985 3653 1291 3718 adiunctis
1336 3654 1531 3718 teneri
1578 3653 1755 3717 aiunt
1801 3653 2121 3730 Doctores,
2168 3672 2313 3717 cum
2358 3652 2593 3735 alioqui
2640 3653 2828 3718 iidem
2865 3655 3170 3722 Doctores

699 3755 848 3821 dum
873 3756 994 3821 toti
1025 3758 1259 3821 suntin
1291 3756 1589 3822 versanda
1618 3756 2061 3831 controversia,
2092 3774 2170 3819 an
2202 3756 2415 3839 gravis
2441 3756 2538 3820 vel
2561 3756 2718 3821 levis
2750 3757 2835 3821 sit
2860 3758 3167 3844 obligatio

688 3859 953 3937 posit-ive
977 3860 1317 3935 resistendi,
1352 3860 1453 3924 vix
1483 3857 1698 3922 deinde
1728 3858 2036 3941 explicant
2067 3859 2182 3921 aut
2204 3877 2278 3922 ne
2303 3858 2406 3922 vix
2438 3858 2706 3939 quidem,
2741 3860 2891 3941 quid
2926 3861 3014 3925 sit
3044 3864 3165 3927 ista

695 3964 1046 4027 resistentia
1091 3964 1379 4047 positiva.
1422 3963 1502 4027 Et
1537 3981 1609 4025 ea
1640 3962 1776 4045 ipsa
1822 3961 2045 4037 media,
2082 3979 2243 4042 quae
2275 3980 2324 4025 s.
2359 3961 2546 4043 Alph.
2597 3963 2904 4047 suggerit,
2955 3965 3162 4048 potius

697 4085 885 4146 quam
919 4066 995 4131 ad
1027 4065 1515 4148 comprimendos
1546 4066 1757 4130 motus
1796 4064 2092 4139 061116163,
2133 4062 2422 4128 videntur
2468 4063 2671 4128 media
2717 4066 3027 4147 quaedam
3056 4087 3162 4152 ge-

696 4168 929 4232 neralia
966 4169 1048 4247 (si
1093 4168 1358 4251 excipias
1405 4167 1720 4250 corporale
1752 4166 1927 4244 illud,
1963 4166 2130 4248 quod
2177 4166 2455 4248 alioquin
2489 4167 2595 4231 alii
2629 4185 2752 4231 non
2787 4167 3158 4253 admittunt)

699 4270 776 4334 ad
822 4289 887 4334 se
930 4270 1453 4335 corroborandum
1497 4273 1714 4336 contra
1751 4270 2149 4336 tentationes.

786 4367 959 4442 606.
1000 4373 1116 4438 Sed
1163 4373 1318 4437 nihil
1362 4374 1612 4447 mirum,
1652 4374 1817 4455 quod
1866 4374 1969 4437 vix
2019 4374 2189 4439 aliud
2238 4375 2491 4458 suggeri
2537 4375 2756 4458 possit.
2793 4374 2960 4442 Scite
2992 4375 3157 4441 Caie-

696 4474 882 4536 tanus
905 4473 1008 4556 (V.
1037 4474 1447 4557 Delectatio):
1482 4502 1517 4533 ‹
1550 4476 1719 4541 Inter
1742 4476 2187 4541 subiectionem
2212 4478 2485 4559 corporis
2513 4478 2608 4542 vel
2631 4480 2831 4560 partis
2856 4482 3155 4547 sensualis

698 4575 775 4639 ad
806 4577 1130 4649 rationem,
1163 4576 1505 4640 differentia
1529 4579 1641 4653 est,
1669 4579 1835 4659 quod
1866 4580 2139 4661 corporis
2173 4581 2400 4661 parteS,
2429 4582 2581 4662 puta
2604 4599 2828 4646 manus
2859 4584 2924 4647 et
2956 4583 3154 4666 pedeS,
