<?xml version="1.0" encoding="UTF-8"?>
<!DOCTYPE html PUBLIC "-//W3C//DTD XHTML 1.0 Transitional//EN"
    "http://www.w3.org/TR/xhtml1/DTD/xhtml1-transitional.dtd">
<html xmlns="http://www.w3.org/1999/xhtml" xml:lang="en" lang="en">
 <head>
  <title>
</title>
<meta http-equiv="Content-Type" content="text/html;charset=utf-8" />
  <meta name='ocr-system' content='tesseract 3.04.00' />
  <meta name='ocr-capabilities' content='ocr_page ocr_carea ocr_par ocr_line ocrx_word'/>
</head>
<body>
  <div class='ocr_page' id='page_1' title='image "./opustheologicum00palmgoog/opustheologicum00palmgoog_0731.png"; bbox 0 0 3529 5158; ppageno 0'>
   <div class='ocr_carea' id='block_1_1' title="bbox 721 356 2378 410">
    <p class='ocr_par' dir='ltr' id='par_1_1' title="bbox 721 356 2378 410">
     <span class='ocr_line' id='line_1_1' title="bbox 721 356 2378 410; baseline -0.004 0"><span class='ocrx_word' id='word_1_1' title='bbox 721 356 833 410; x_wconf 77' lang='lat'>638</span> <span class='ocrx_word' id='word_1_2' title='bbox 1550 364 1863 404; x_wconf 69' lang='lat' dir='ltr'>APanmx</span> <span class='ocrx_word' id='word_1_3' title='bbox 1901 364 1938 405; x_wconf 89' lang='lat'>1.</span> <span class='ocrx_word' id='word_1_4' title='bbox 1979 361 2378 405; x_wconf 71' lang='lat' dir='ltr'>nrssnnu&#39;rro</span> 
     </span>
    </p>
   </div>
   <div class='ocr_carea' id='block_1_2' title="bbox 656 462 3213 4648">
    <p class='ocr_par' dir='ltr' id='par_1_2' title="bbox 722 462 3201 1577">
     <span class='ocr_line' id='line_1_2' title="bbox 726 462 3196 547; baseline -0 -18"><span class='ocrx_word' id='word_1_5' title='bbox 726 466 975 530; x_wconf 84' lang='lat' dir='ltr'>levioris</span> <span class='ocrx_word' id='word_1_6' title='bbox 1008 463 1306 528; x_wconf 78' lang='lat' dir='ltr'>momenti</span> <span class='ocrx_word' id='word_1_7' title='bbox 1338 463 1711 527; x_wconf 88' lang='lat' dir='ltr'>sententiam</span> <span class='ocrx_word' id='word_1_8' title='bbox 1742 462 2017 526; x_wconf 79' lang='lat' dir='ltr'>mutavit</span> <span class='ocrx_word' id='word_1_9' title='bbox 2047 464 2160 525; x_wconf 88' lang='lat' dir='ltr'>aut</span> <span class='ocrx_word' id='word_1_10' title='bbox 2189 463 2527 547; x_wconf 84' lang='lat' dir='ltr'>utcumque</span> <span class='ocrx_word' id='word_1_11' title='bbox 2553 462 2936 539; x_wconf 76' lang='lat' dir='ltr'>reformavit,</span> <span class='ocrx_word' id='word_1_12' title='bbox 2963 464 3038 529; x_wconf 87' lang='lat' dir='ltr'>de</span> <span class='ocrx_word' id='word_1_13' title='bbox 3066 484 3196 530; x_wconf 89' lang='lat' dir='ltr'>mu·</span> 
     </span>
     <span class='ocr_line' id='line_1_3' title="bbox 729 566 3198 648; baseline 0.001 -17"><span class='ocrx_word' id='word_1_14' title='bbox 729 568 964 631; x_wconf 88' lang='lat' dir='ltr'>tatione</span> <span class='ocrx_word' id='word_1_15' title='bbox 1016 586 1125 630; x_wconf 86' lang='lat' dir='ltr'>seu</span> <span class='ocrx_word' id='word_1_16' title='bbox 1172 566 1611 630; x_wconf 78' lang='lat' dir='ltr'>reformatione</span> <span class='ocrx_word' id='word_1_17' title='bbox 1647 566 1989 629; x_wconf 88' lang='lat' dir='ltr'>sententiae</span> <span class='ocrx_word' id='word_1_18' title='bbox 2022 584 2058 629; x_wconf 89' lang='lat' dir='ltr'>a</span> <span class='ocrx_word' id='word_1_19' title='bbox 2106 584 2168 628; x_wconf 86' lang='lat' dir='ltr'>se</span> <span class='ocrx_word' id='word_1_20' title='bbox 2215 567 2386 648; x_wconf 86' lang='lat' dir='ltr'>prius</span> <span class='ocrx_word' id='word_1_21' title='bbox 2434 566 2702 630; x_wconf 78' lang='lat' dir='ltr'>traditae</span> <span class='ocrx_word' id='word_1_22' title='bbox 2738 567 3035 632; x_wconf 86' lang='lat' dir='ltr'>lectorem</span> <span class='ocrx_word' id='word_1_23' title='bbox 3081 568 3198 633; x_wconf 85' lang='lat' dir='ltr'>sol-</span> 
     </span>
     <span class='ocr_line' id='line_1_4' title="bbox 727 668 3198 735; baseline 0.001 -3"><span class='ocrx_word' id='word_1_24' title='bbox 727 669 895 733; x_wconf 88' lang='lat' dir='ltr'>licite</span> <span class='ocrx_word' id='word_1_25' title='bbox 945 689 1015 732; x_wconf 85' lang='lat' dir='ltr'>ac</span> <span class='ocrx_word' id='word_1_26' title='bbox 1062 669 1321 732; x_wconf 80' lang='lat' dir='ltr'>disserte</span> <span class='ocrx_word' id='word_1_27' title='bbox 1369 670 1665 732; x_wconf 90' lang='lat' dir='ltr'>moneret.</span> <span class='ocrx_word' id='word_1_28' title='bbox 1704 668 1792 730; x_wconf 81' lang='lat' dir='ltr'>At</span> <span class='ocrx_word' id='word_1_29' title='bbox 1823 685 1967 731; x_wconf 85' lang='lat' dir='ltr'>vero</span> <span class='ocrx_word' id='word_1_30' title='bbox 2014 668 2066 731; x_wconf 91' lang='lat' dir='ltr'>si</span> <span class='ocrx_word' id='word_1_31' title='bbox 2113 687 2162 730; x_wconf 89' lang='lat' dir='ltr'>s.</span> <span class='ocrx_word' id='word_1_32' title='bbox 2204 668 2439 732; x_wconf 84' lang='lat' dir='ltr'>Doctor</span> <span class='ocrx_word' id='word_1_33' title='bbox 2484 668 2859 732; x_wconf 86' lang='lat' dir='ltr'>monendum</span> <span class='ocrx_word' id='word_1_34' title='bbox 2905 670 3198 735; x_wconf 86' lang='lat' dir='ltr'>lectorem</span> 
     </span>
     <span class='ocr_line' id='line_1_5' title="bbox 733 768 3200 852; baseline 0 -17"><span class='ocrx_word' id='word_1_35' title='bbox 733 772 993 846; x_wconf 85' lang='lat' dir='ltr'>censuit,</span> <span class='ocrx_word' id='word_1_36' title='bbox 1043 772 1235 834; x_wconf 87' lang='lat' dir='ltr'>etiam</span> <span class='ocrx_word' id='word_1_37' title='bbox 1282 790 1424 834; x_wconf 88' lang='lat' dir='ltr'>cum</span> <span class='ocrx_word' id='word_1_38' title='bbox 1454 768 1529 833; x_wconf 89' lang='lat' dir='ltr'>de</span> <span class='ocrx_word' id='word_1_39' title='bbox 1559 768 1896 833; x_wconf 84' lang='lat' dir='ltr'>levioribus</span> <span class='ocrx_word' id='word_1_40' title='bbox 1932 769 2399 850; x_wconf 81' lang='lat' dir='ltr'>quaestionibus</span> <span class='ocrx_word' id='word_1_41' title='bbox 2435 788 2532 834; x_wconf 88' lang='lat' dir='ltr'>res</span> <span class='ocrx_word' id='word_1_42' title='bbox 2579 772 2732 847; x_wconf 88' lang='lat' dir='ltr'>erat,</span> <span class='ocrx_word' id='word_1_43' title='bbox 2773 771 2913 852; x_wconf 90' lang='lat' dir='ltr'>quis</span> <span class='ocrx_word' id='word_1_44' title='bbox 2959 791 3084 835; x_wconf 89' lang='lat' dir='ltr'>non</span> <span class='ocrx_word' id='word_1_45' title='bbox 3115 774 3200 836; x_wconf 77' lang='lat' dir='ltr'>vi·</span> 
     </span>
     <span class='ocr_line' id='line_1_6' title="bbox 724 871 3197 956; baseline 0.001 -19"><span class='ocrx_word' id='word_1_46' title='bbox 724 875 891 943; x_wconf 81' lang='lat' dir='ltr'>deat,</span> <span class='ocrx_word' id='word_1_47' title='bbox 928 893 1075 937; x_wconf 91' lang='lat' dir='ltr'>eum</span> <span class='ocrx_word' id='word_1_48' title='bbox 1123 872 1397 955; x_wconf 87' lang='lat' dir='ltr'>profecto</span> <span class='ocrx_word' id='word_1_49' title='bbox 1430 889 1550 935; x_wconf 89' lang='lat' dir='ltr'>non</span> <span class='ocrx_word' id='word_1_50' title='bbox 1601 872 1976 935; x_wconf 88' lang='lat' dir='ltr'>omissurum</span> <span class='ocrx_word' id='word_1_51' title='bbox 2023 871 2328 936; x_wconf 88' lang='lat' dir='ltr'>eiusmodi</span> <span class='ocrx_word' id='word_1_52' title='bbox 2357 872 2670 936; x_wconf 87' lang='lat' dir='ltr'>monitum</span> <span class='ocrx_word' id='word_1_53' title='bbox 2707 873 2917 947; x_wconf 83' lang='lat' dir='ltr'>fnisse,</span> <span class='ocrx_word' id='word_1_54' title='bbox 2952 874 3197 956; x_wconf 79' lang='lat' dir='ltr'>quande</span> 
     </span>
     <span class='ocr_line' id='line_1_7' title="bbox 722 973 3200 1059; baseline 0 -20"><span class='ocrx_word' id='word_1_55' title='bbox 722 976 804 1039; x_wconf 86' lang='lat' dir='ltr'>de</span> <span class='ocrx_word' id='word_1_56' title='bbox 853 995 1103 1040; x_wconf 88' lang='lat' dir='ltr'>summo</span> <span class='ocrx_word' id='word_1_57' title='bbox 1150 976 1261 1038; x_wconf 88' lang='lat' dir='ltr'>illo</span> <span class='ocrx_word' id='word_1_58' title='bbox 1308 974 1607 1057; x_wconf 89' lang='lat' dir='ltr'>principio</span> <span class='ocrx_word' id='word_1_59' title='bbox 1656 974 1978 1058; x_wconf 81' lang='lat' dir='ltr'>agebatur,</span> <span class='ocrx_word' id='word_1_60' title='bbox 2020 974 2097 1037; x_wconf 89' lang='lat' dir='ltr'>ad</span> <span class='ocrx_word' id='word_1_61' title='bbox 2142 973 2322 1038; x_wconf 89' lang='lat' dir='ltr'>cuius</span> <span class='ocrx_word' id='word_1_62' title='bbox 2364 993 2647 1039; x_wconf 90' lang='lat' dir='ltr'>normam</span> <span class='ocrx_word' id='word_1_63' title='bbox 2696 995 2801 1059; x_wconf 86' lang='lat' dir='ltr'>per</span> <span class='ocrx_word' id='word_1_64' title='bbox 2849 995 3061 1041; x_wconf 87' lang='lat' dir='ltr'>omnes</span> <span class='ocrx_word' id='word_1_65' title='bbox 3108 976 3200 1040; x_wconf 84' lang='lat' dir='ltr'>di-</span> 
     </span>
     <span class='ocr_line' id='line_1_8' title="bbox 730 1079 3198 1167; baseline 0 -21"><span class='ocrx_word' id='word_1_66' title='bbox 730 1083 1025 1165; x_wconf 83' lang='lat' dir='ltr'>sciplinae</span> <span class='ocrx_word' id='word_1_67' title='bbox 1071 1081 1327 1145; x_wconf 87' lang='lat' dir='ltr'>moralis</span> <span class='ocrx_word' id='word_1_68' title='bbox 1375 1083 1581 1164; x_wconf 89' lang='lat' dir='ltr'>partes</span> <span class='ocrx_word' id='word_1_69' title='bbox 1630 1079 1960 1164; x_wconf 78' lang='lat' dir='ltr'>exigendae</span> <span class='ocrx_word' id='word_1_70' title='bbox 2013 1081 2272 1145; x_wconf 81' lang='lat' dir='ltr'>veniunt</span> <span class='ocrx_word' id='word_1_71' title='bbox 2315 1082 2724 1146; x_wconf 77' lang='lat' dir='ltr'>resolutiones</span> <span class='ocrx_word' id='word_1_72' title='bbox 2749 1087 2780 1145; x_wconf 67' lang='grc' dir='ltr'>’ἓ</span> <span class='ocrx_word' id='word_1_73' title='bbox 2826 1081 3002 1160; x_wconf 81' lang='lat' dir='ltr'>Quod</span> <span class='ocrx_word' id='word_1_74' title='bbox 3049 1102 3198 1167; x_wconf 85' lang='lat' dir='ltr'>ergo</span> 
     </span>
     <span class='ocr_line' id='line_1_9' title="bbox 728 1184 3197 1267; baseline 0 -18"><span class='ocrx_word' id='word_1_75' title='bbox 728 1206 780 1249; x_wconf 89' lang='lat' dir='ltr'>s.</span> <span class='ocrx_word' id='word_1_76' title='bbox 831 1187 1066 1250; x_wconf 89' lang='lat' dir='ltr'>Doctor</span> <span class='ocrx_word' id='word_1_77' title='bbox 1114 1205 1339 1249; x_wconf 84' lang='lat' dir='ltr'>novam</span> <span class='ocrx_word' id='word_1_78' title='bbox 1390 1186 1697 1267; x_wconf 76' lang='lat' dir='ltr'>posterius</span> <span class='ocrx_word' id='word_1_79' title='bbox 1759 1184 1987 1247; x_wconf 83' lang='lat' dir='ltr'>thesim</span> <span class='ocrx_word' id='word_1_80' title='bbox 2034 1185 2194 1248; x_wconf 87' lang='lat' dir='ltr'>circa</span> <span class='ocrx_word' id='word_1_81' title='bbox 2247 1185 2502 1249; x_wconf 90' lang='lat' dir='ltr'>eandem</span> <span class='ocrx_word' id='word_1_82' title='bbox 2557 1185 2888 1250; x_wconf 76' lang='lat' dir='ltr'>materiam</span> <span class='ocrx_word' id='word_1_83' title='bbox 2952 1187 3197 1264; x_wconf 88' lang='lat' dir='ltr'>addens,</span> 
     </span>
     <span class='ocr_line' id='line_1_10' title="bbox 732 1286 3201 1370; baseline 0.001 -21"><span class='ocrx_word' id='word_1_84' title='bbox 732 1288 1076 1351; x_wconf 88' lang='lat' dir='ltr'>sententiae</span> <span class='ocrx_word' id='word_1_85' title='bbox 1110 1307 1145 1349; x_wconf 90' lang='lat' dir='ltr'>a</span> <span class='ocrx_word' id='word_1_86' title='bbox 1178 1306 1242 1350; x_wconf 89' lang='lat' dir='ltr'>se</span> <span class='ocrx_word' id='word_1_87' title='bbox 1276 1287 1448 1368; x_wconf 86' lang='lat' dir='ltr'>prius</span> <span class='ocrx_word' id='word_1_88' title='bbox 1482 1286 1774 1350; x_wconf 78' lang='lat' dir='ltr'>acerrime</span> <span class='ocrx_word' id='word_1_89' title='bbox 1807 1288 2252 1368; x_wconf 69' lang='lat' dir='ltr'>propugnatne,</span> <span class='ocrx_word' id='word_1_90' title='bbox 2293 1287 2440 1368; x_wconf 90' lang='lat' dir='ltr'>quin</span> <span class='ocrx_word' id='word_1_91' title='bbox 2475 1305 2611 1350; x_wconf 87' lang='lat' dir='ltr'>eam</span> <span class='ocrx_word' id='word_1_92' title='bbox 2643 1287 2976 1370; x_wconf 85' lang='lat' dir='ltr'>improbet,</span> <span class='ocrx_word' id='word_1_93' title='bbox 3004 1308 3077 1352; x_wconf 90' lang='lat' dir='ltr'>ne</span> <span class='ocrx_word' id='word_1_94' title='bbox 3112 1290 3201 1352; x_wconf 89' lang='lat' dir='ltr'>nl·</span> 
     </span>
     <span class='ocr_line' id='line_1_11' title="bbox 732 1388 3201 1472; baseline 0.001 -20"><span class='ocrx_word' id='word_1_95' title='bbox 732 1389 859 1452; x_wconf 85' lang='lat' dir='ltr'>lam</span> <span class='ocrx_word' id='word_1_96' title='bbox 907 1390 1158 1471; x_wconf 88' lang='lat' dir='ltr'>quidem</span> <span class='ocrx_word' id='word_1_97' title='bbox 1205 1390 1582 1454; x_wconf 89' lang='lat' dir='ltr'>mentionem</span> <span class='ocrx_word' id='word_1_98' title='bbox 1612 1388 1822 1465; x_wconf 86' lang='lat' dir='ltr'>faciat,</span> <span class='ocrx_word' id='word_1_99' title='bbox 1858 1389 1920 1452; x_wconf 92' lang='lat' dir='ltr'>id</span> <span class='ocrx_word' id='word_1_100' title='bbox 1953 1407 2100 1452; x_wconf 85' lang='lat' dir='ltr'>sane</span> <span class='ocrx_word' id='word_1_101' title='bbox 2129 1388 2412 1453; x_wconf 87' lang='lat' dir='ltr'>sufficere</span> <span class='ocrx_word' id='word_1_102' title='bbox 2439 1390 2647 1472; x_wconf 83' lang='lat' dir='ltr'>potest</span> <span class='ocrx_word' id='word_1_103' title='bbox 2685 1390 2761 1453; x_wconf 89' lang='lat' dir='ltr'>ad</span> <span class='ocrx_word' id='word_1_104' title='bbox 2810 1409 3060 1455; x_wconf 89' lang='grc'>0111119111</span> <span class='ocrx_word' id='word_1_105' title='bbox 3104 1412 3201 1456; x_wconf 89' lang='lat' dir='ltr'>su·</span> 
     </span>
     <span class='ocr_line' id='line_1_12' title="bbox 732 1490 3154 1577; baseline 0.001 -22"><span class='ocrx_word' id='word_1_106' title='bbox 732 1492 1069 1574; x_wconf 86' lang='lat' dir='ltr'>spicionem</span> <span class='ocrx_word' id='word_1_107' title='bbox 1102 1492 1488 1577; x_wconf 77' lang='lat' dir='ltr'>abigendam,</span> <span class='ocrx_word' id='word_1_108' title='bbox 1524 1494 1673 1555; x_wconf 90' lang='lat' dir='ltr'>tunc</span> <span class='ocrx_word' id='word_1_109' title='bbox 1719 1511 1860 1554; x_wconf 90' lang='lat' dir='ltr'>eum</span> <span class='ocrx_word' id='word_1_110' title='bbox 1908 1490 2323 1556; x_wconf 79' lang='lat' dir='ltr'>contradicere</span> <span class='ocrx_word' id='word_1_111' title='bbox 2369 1492 2461 1554; x_wconf 91' lang='lat' dir='ltr'>illi</span> <span class='ocrx_word' id='word_1_112' title='bbox 2492 1493 2832 1573; x_wconf 80' lang='lat' dir='ltr'>utcumque</span> <span class='ocrx_word' id='word_1_113' title='bbox 2864 1493 3154 1558; x_wconf 81' lang='lat' dir='ltr'>voluisse.</span> 
     </span>
    </p>

    <p class='ocr_par' dir='ltr' id='par_1_3' title="bbox 684 1594 3206 3002">
     <span class='ocr_line' id='line_1_13' title="bbox 822 1594 3200 1677; baseline 0.002 -20"><span class='ocrx_word' id='word_1_114' title='bbox 822 1594 901 1658; x_wconf 87' lang='lat' dir='ltr'>Et</span> <span class='ocrx_word' id='word_1_115' title='bbox 949 1597 1105 1659; x_wconf 89' lang='lat' dir='ltr'>hanc</span> <span class='ocrx_word' id='word_1_116' title='bbox 1142 1596 1389 1677; x_wconf 86' lang='lat' dir='ltr'>quidem</span> <span class='ocrx_word' id='word_1_117' title='bbox 1438 1596 1498 1658; x_wconf 89' lang='lat' dir='ltr'>in</span> <span class='ocrx_word' id='word_1_118' title='bbox 1547 1613 1676 1657; x_wconf 88' lang='lat' dir='ltr'>rem</span> <span class='ocrx_word' id='word_1_119' title='bbox 1711 1594 1942 1657; x_wconf 85' lang='lat' dir='ltr'>iuverit</span> <span class='ocrx_word' id='word_1_120' title='bbox 1971 1613 2038 1656; x_wconf 89' lang='lat' dir='ltr'>ea</span> <span class='ocrx_word' id='word_1_121' title='bbox 2082 1594 2466 1676; x_wconf 87' lang='lat' dir='ltr'>perpendere,</span> <span class='ocrx_word' id='word_1_122' title='bbox 2501 1613 2659 1675; x_wconf 89' lang='lat' dir='ltr'>quae</span> <span class='ocrx_word' id='word_1_123' title='bbox 2700 1613 2745 1658; x_wconf 89' lang='lat' dir='ltr'>s.</span> <span class='ocrx_word' id='word_1_124' title='bbox 2784 1596 3024 1660; x_wconf 89' lang='lat' dir='ltr'>Doctor</span> <span class='ocrx_word' id='word_1_125' title='bbox 3055 1596 3200 1661; x_wconf 87' lang='lat' dir='ltr'>alibi</span> 
     </span>
     <span class='ocr_line' id='line_1_14' title="bbox 730 1694 3200 1780; baseline 0 -19"><span class='ocrx_word' id='word_1_126' title='bbox 730 1697 897 1778; x_wconf 74' lang='lat' dir='ltr'>Syst.</span> <span class='ocrx_word' id='word_1_127' title='bbox 935 1718 1086 1761; x_wconf 82' lang='lat' dir='ltr'>mor.</span> <span class='ocrx_word' id='word_1_128' title='bbox 1119 1716 1258 1761; x_wconf 88' lang='lat' dir='ltr'>ann.</span> <span class='ocrx_word' id='word_1_129' title='bbox 1292 1698 1484 1760; x_wconf 79' lang='lat'>1785.</span> <span class='ocrx_word' id='word_1_130' title='bbox 1513 1718 1573 1760; x_wconf 93' lang='lat' dir='ltr'>n.</span> <span class='ocrx_word' id='word_1_131' title='bbox 1604 1697 1709 1759; x_wconf 75' lang='lat'>83.</span> <span class='ocrx_word' id='word_1_132' title='bbox 1743 1696 2161 1779; x_wconf 86' lang='lat' dir='ltr'>protestatur:</span> <span class='ocrx_word' id='word_1_133' title='bbox 2189 1720 2224 1753; x_wconf 83' lang='lat'>«</span> <span class='ocrx_word' id='word_1_134' title='bbox 2248 1694 2408 1760; x_wconf 87' lang='lat' dir='ltr'>Cum</span> <span class='ocrx_word' id='word_1_135' title='bbox 2438 1699 2652 1761; x_wconf 90' lang='lat' dir='ltr'>nostra</span> <span class='ocrx_word' id='word_1_136' title='bbox 2683 1697 2800 1761; x_wconf 90' lang='lat' dir='ltr'>hac</span> <span class='ocrx_word' id='word_1_137' title='bbox 2831 1701 3200 1780; x_wconf 86' lang='lat' dir='ltr'>tempestate</span> 
     </span>
     <span class='ocr_line' id='line_1_15' title="bbox 734 1798 3200 1885; baseline 0.001 -22"><span class='ocrx_word' id='word_1_138' title='bbox 734 1800 991 1863; x_wconf 75' lang='lat' dir='ltr'>viderim</span> <span class='ocrx_word' id='word_1_139' title='bbox 1023 1802 1114 1863; x_wconf 86' lang='lat' dir='ltr'>ita</span> <span class='ocrx_word' id='word_1_140' title='bbox 1149 1800 1375 1862; x_wconf 87' lang='lat' dir='ltr'>acriter</span> <span class='ocrx_word' id='word_1_141' title='bbox 1411 1799 1705 1862; x_wconf 81' lang='lat' dir='ltr'>adversus</span> <span class='ocrx_word' id='word_1_142' title='bbox 1736 1798 2051 1861; x_wconf 84' lang='lat' dir='ltr'>mitiorem</span> <span class='ocrx_word' id='word_1_143' title='bbox 2098 1799 2469 1862; x_wconf 86' lang='lat' dir='ltr'>sententiam</span> <span class='ocrx_word' id='word_1_144' title='bbox 2500 1800 2843 1885; x_wconf 86' lang='lat' dir='ltr'>reclamari,</span> <span class='ocrx_word' id='word_1_145' title='bbox 2879 1801 3200 1865; x_wconf 82' lang='lat' dir='ltr'>multoties</span> 
     </span>
     <span class='ocr_line' id='line_1_16' title="bbox 734 1900 3203 1988; baseline 0 -22"><span class='ocrx_word' id='word_1_146' title='bbox 734 1904 848 1966; x_wconf 89' lang='lat' dir='ltr'>hoc</span> <span class='ocrx_word' id='word_1_147' title='bbox 895 1904 1195 1984; x_wconf 85' lang='lat' dir='ltr'>punctum</span> <span class='ocrx_word' id='word_1_148' title='bbox 1236 1902 1313 1965; x_wconf 87' lang='lat' dir='ltr'>ad</span> <span class='ocrx_word' id='word_1_149' title='bbox 1347 1902 1650 1965; x_wconf 88' lang='lat' dir='ltr'>trutinam</span> <span class='ocrx_word' id='word_1_150' title='bbox 1697 1900 2026 1984; x_wconf 88' lang='lat' dir='ltr'>diligenter</span> <span class='ocrx_word' id='word_1_151' title='bbox 2073 1902 2376 1978; x_wconf 78' lang='lat' dir='ltr'>revocavi,</span> <span class='ocrx_word' id='word_1_152' title='bbox 2411 1902 2620 1986; x_wconf 88' lang='lat' dir='ltr'>legens</span> <span class='ocrx_word' id='word_1_153' title='bbox 2668 1920 2739 1966; x_wconf 90' lang='lat' dir='ltr'>ac</span> <span class='ocrx_word' id='word_1_154' title='bbox 2776 1904 3057 1988; x_wconf 85' lang='lat' dir='ltr'>relegens</span> <span class='ocrx_word' id='word_1_155' title='bbox 3096 1924 3203 1967; x_wconf 89' lang='lat' dir='ltr'>au-</span> 
     </span>
     <span class='ocr_line' id='line_1_17' title="bbox 732 2003 3200 2090; baseline 0.001 -23"><span class='ocrx_word' id='word_1_156' title='bbox 732 2007 931 2068; x_wconf 88' lang='lat' dir='ltr'>ctores</span> <span class='ocrx_word' id='word_1_157' title='bbox 959 2024 1186 2071; x_wconf 84' lang='lat' dir='ltr'>omnes.</span> <span class='ocrx_word' id='word_1_158' title='bbox 1208 2005 1519 2085; x_wconf 87' lang='lat' dir='ltr'>quotquot</span> <span class='ocrx_word' id='word_1_159' title='bbox 1551 2003 1627 2066; x_wconf 88' lang='lat' dir='ltr'>ad</span> <span class='ocrx_word' id='word_1_160' title='bbox 1651 2021 1875 2066; x_wconf 89' lang='lat' dir='ltr'>manus</span> <span class='ocrx_word' id='word_1_161' title='bbox 1899 2003 2122 2066; x_wconf 89' lang='lat' dir='ltr'>habere</span> <span class='ocrx_word' id='word_1_162' title='bbox 2153 2004 2330 2085; x_wconf 81' lang='lat' dir='ltr'>potui</span> <span class='ocrx_word' id='word_1_163' title='bbox 2360 2003 2704 2082; x_wconf 79' lang='lat' dir='ltr'>modernoS,</span> <span class='ocrx_word' id='word_1_164' title='bbox 2725 2006 2832 2085; x_wconf 87' lang='lat' dir='ltr'>qui</span> <span class='ocrx_word' id='word_1_165' title='bbox 2857 2024 2970 2087; x_wconf 91' lang='lat' dir='ltr'>pro</span> <span class='ocrx_word' id='word_1_166' title='bbox 3006 2005 3200 2090; x_wconf 78' lang='lat' dir='ltr'>rigida</span> 
     </span>
     <span class='ocr_line' id='line_1_18' title="bbox 684 2104 3202 2189; baseline 0 -19"><span class='ocrx_word' id='word_1_167' title='bbox 684 2150 687 2154; x_wconf 93' lang='lat'>-</span> <span class='ocrx_word' id='word_1_168' title='bbox 736 2108 1041 2171; x_wconf 87' lang='lat' dir='ltr'>sententia</span> <span class='ocrx_word' id='word_1_169' title='bbox 1069 2108 1409 2183; x_wconf 80' lang='lat' dir='ltr'>certabant,</span> <span class='ocrx_word' id='word_1_170' title='bbox 1438 2108 1764 2189; x_wconf 89' lang='lat' dir='ltr'>promptus</span> <span class='ocrx_word' id='word_1_171' title='bbox 1798 2126 1834 2168; x_wconf 46' lang='lat' dir='ltr'>a&gt;</span> <span class='ocrx_word' id='word_1_172' title='bbox 1865 2124 2002 2169; x_wconf 88' lang='lat' dir='ltr'>mea</span> <span class='ocrx_word' id='word_1_173' title='bbox 2033 2104 2341 2169; x_wconf 87' lang='lat' dir='ltr'>sententia</span> <span class='ocrx_word' id='word_1_174' title='bbox 2365 2105 2715 2177; x_wconf 83' lang='lat' dir='ltr'>desciscere,</span> <span class='ocrx_word' id='word_1_175' title='bbox 2741 2108 2962 2170; x_wconf 81' lang='lat' dir='ltr'>statim</span> <span class='ocrx_word' id='word_1_176' title='bbox 2988 2126 3060 2170; x_wconf 88' lang='lat' dir='ltr'>ac</span> <span class='ocrx_word' id='word_1_177' title='bbox 3084 2127 3202 2172; x_wconf 89' lang='lat' dir='ltr'>non</span> 
     </span>
     <span class='ocr_line' id='line_1_19' title="bbox 738 2208 3204 2292; baseline 0.001 -20"><span class='ocrx_word' id='word_1_178' title='bbox 738 2210 1005 2292; x_wconf 87' lang='lat' dir='ltr'>amplius</span> <span class='ocrx_word' id='word_1_179' title='bbox 1055 2213 1221 2273; x_wconf 88' lang='lat' dir='ltr'>certa</span> <span class='ocrx_word' id='word_1_180' title='bbox 1272 2209 1425 2272; x_wconf 89' lang='lat' dir='ltr'>mihi</span> <span class='ocrx_word' id='word_1_181' title='bbox 1459 2212 1815 2292; x_wconf 70' lang='lat' dir='ltr'>appareret,</span> <span class='ocrx_word' id='word_1_182' title='bbox 1853 2211 2039 2290; x_wconf 90' lang='lat' dir='ltr'>prout</span> <span class='ocrx_word' id='word_1_183' title='bbox 2070 2209 2231 2271; x_wconf 88' lang='lat' dir='ltr'>enim</span> <span class='ocrx_word' id='word_1_184' title='bbox 2279 2208 2486 2290; x_wconf 88' lang='lat' dir='ltr'>plures</span> <span class='ocrx_word' id='word_1_185' title='bbox 2534 2208 2870 2290; x_wconf 80' lang='lat' dir='ltr'>opiniones,</span> <span class='ocrx_word' id='word_1_186' title='bbox 2905 2230 3062 2291; x_wconf 86' lang='lat' dir='ltr'>quas</span> <span class='ocrx_word' id='word_1_187' title='bbox 3095 2211 3204 2274; x_wconf 84' lang='lat' dir='ltr'>ali-</span> 
     </span>
     <span class='ocr_line' id='line_1_20' title="bbox 739 2310 3202 2394; baseline 0 -19"><span class='ocrx_word' id='word_1_188' title='bbox 739 2312 985 2394; x_wconf 89' lang='lat' dir='ltr'>quando</span> <span class='ocrx_word' id='word_1_189' title='bbox 1038 2314 1338 2393; x_wconf 84' lang='lat' dir='ltr'>tanquam</span> <span class='ocrx_word' id='word_1_190' title='bbox 1386 2311 1733 2394; x_wconf 84' lang='lat' dir='ltr'>probabiles</span> <span class='ocrx_word' id='word_1_191' title='bbox 1780 2310 1990 2386; x_wconf 88' lang='lat' dir='ltr'>habui,</span> <span class='ocrx_word' id='word_1_192' title='bbox 2034 2312 2248 2392; x_wconf 87' lang='lat' dir='ltr'>postea</span> <span class='ocrx_word' id='word_1_193' title='bbox 2295 2328 2415 2374; x_wconf 90' lang='lat' dir='ltr'>non</span> <span class='ocrx_word' id='word_1_194' title='bbox 2463 2311 2682 2374; x_wconf 88' lang='lat' dir='ltr'>erubui</span> <span class='ocrx_word' id='word_1_195' title='bbox 2731 2312 3067 2394; x_wconf 86' lang='lat' dir='ltr'>reprobare,</span> <span class='ocrx_word' id='word_1_196' title='bbox 3103 2314 3202 2375; x_wconf 74' lang='lat' dir='ltr'>ita</span> 
     </span>
     <span class='ocr_line' id='line_1_21' title="bbox 736 2411 3202 2496; baseline 0 -20"><span class='ocrx_word' id='word_1_197' title='bbox 736 2418 799 2476; x_wconf 74' lang='lat' dir='ltr'>ct</span> <span class='ocrx_word' id='word_1_198' title='bbox 823 2414 1017 2476; x_wconf 66' lang='lat' dir='ltr'>multo</span> <span class='ocrx_word' id='word_1_199' title='bbox 1049 2416 1251 2496; x_wconf 72' lang='lat' dir='ltr'>maye&#39;s</span> <span class='ocrx_word' id='word_1_200' title='bbox 1282 2434 1407 2476; x_wconf 79' lang='lat' dir='ltr'>non</span> <span class='ocrx_word' id='word_1_201' title='bbox 1439 2414 1822 2476; x_wconf 74' lang='lat' dir='ltr'>erubuissem</span> <span class='ocrx_word' id='word_1_202' title='bbox 1852 2411 2012 2475; x_wconf 71' lang='lat' dir='ltr'>hanc</span> <span class='ocrx_word' id='word_1_203' title='bbox 2041 2412 2432 2485; x_wconf 64' lang='lat' dir='ltr'>sententiam,</span> <span class='ocrx_word' id='word_1_204' title='bbox 2466 2433 2623 2492; x_wconf 73' lang='lat' dir='ltr'>quae</span> <span class='ocrx_word' id='word_1_205' title='bbox 2664 2414 2917 2476; x_wconf 70' lang='lat' dir='ltr'>maioris</span> <span class='ocrx_word' id='word_1_206' title='bbox 2948 2418 3042 2476; x_wconf 73' lang='lat' dir='ltr'>est</span> <span class='ocrx_word' id='word_1_207' title='bbox 3071 2435 3202 2477; x_wconf 83' lang='lat' dir='ltr'>mo-</span> 
     </span>
     <span class='ocr_line' id='line_1_22' title="bbox 736 2515 3206 2590; baseline 0.001 -12"><span class='ocrx_word' id='word_1_208' title='bbox 736 2519 948 2590; x_wconf 76' lang='lat' dir='ltr'>menti,</span> <span class='ocrx_word' id='word_1_209' title='bbox 983 2521 1324 2579; x_wconf 71' lang='lat' dir='ltr'>retractare</span> <span class='ocrx_word' id='word_1_210' title='bbox 1356 2540 1417 2579; x_wconf 83' lang='lat'>».</span> <span class='ocrx_word' id='word_1_211' title='bbox 1457 2517 1648 2579; x_wconf 90' lang='lat' dir='ltr'>Porro</span> <span class='ocrx_word' id='word_1_212' title='bbox 1688 2516 1914 2579; x_wconf 90' lang='lat' dir='ltr'>summi</span> <span class='ocrx_word' id='word_1_213' title='bbox 1955 2533 2088 2578; x_wconf 86' lang='lat' dir='ltr'>esse</span> <span class='ocrx_word' id='word_1_214' title='bbox 2115 2515 2412 2578; x_wconf 86' lang='lat' dir='ltr'>momenti</span> <span class='ocrx_word' id='word_1_215' title='bbox 2452 2516 2643 2579; x_wconf 89' lang='lat' dir='ltr'>etiam</span> <span class='ocrx_word' id='word_1_216' title='bbox 2675 2516 2922 2589; x_wconf 87' lang='lat' dir='ltr'>thesim,</span> <span class='ocrx_word' id='word_1_217' title='bbox 2963 2534 3072 2581; x_wconf 90' lang='lat' dir='ltr'>seu</span> <span class='ocrx_word' id='word_1_218' title='bbox 3109 2517 3206 2581; x_wconf 85' lang='lat' dir='ltr'>be-</span> 
     </span>
     <span class='ocr_line' id='line_1_23' title="bbox 738 2618 3201 2703; baseline 0 -20"><span class='ocrx_word' id='word_1_219' title='bbox 738 2621 992 2703; x_wconf 85' lang='lat' dir='ltr'>nignam</span> <span class='ocrx_word' id='word_1_220' title='bbox 1026 2622 1418 2694; x_wconf 82' lang='lat' dir='ltr'>sententiam,</span> <span class='ocrx_word' id='word_1_221' title='bbox 1446 2638 1635 2701; x_wconf 88' lang='lat' dir='ltr'>quam</span> <span class='ocrx_word' id='word_1_222' title='bbox 1670 2638 1808 2682; x_wconf 89' lang='lat' dir='ltr'>ann.</span> <span class='ocrx_word' id='word_1_223' title='bbox 1841 2620 2030 2682; x_wconf 78' lang='grc'>1749.</span> <span class='ocrx_word' id='word_1_224' title='bbox 2057 2622 2119 2681; x_wconf 91' lang='grc'>91</span> <span class='ocrx_word' id='word_1_225' title='bbox 2161 2619 2350 2681; x_wconf 79' lang='grc'>1755.</span> <span class='ocrx_word' id='word_1_226' title='bbox 2378 2621 2510 2681; x_wconf 84' lang='lat' dir='ltr'>tam</span> <span class='ocrx_word' id='word_1_227' title='bbox 2544 2636 2796 2700; x_wconf 88' lang='lat' dir='ltr'>operose</span> <span class='ocrx_word' id='word_1_228' title='bbox 2827 2618 3201 2696; x_wconf 85' lang='lat' dir='ltr'>defenderat,</span> 
     </span>
     <span class='ocr_line' id='line_1_24' title="bbox 739 2719 3203 2804; baseline 0.001 -21"><span class='ocrx_word' id='word_1_229' title='bbox 739 2724 926 2801; x_wconf 85' lang='lat' dir='ltr'>atque</span> <span class='ocrx_word' id='word_1_230' title='bbox 961 2722 1110 2785; x_wconf 86' lang='lat' dir='ltr'>adeo</span> <span class='ocrx_word' id='word_1_231' title='bbox 1144 2723 1393 2785; x_wconf 87' lang='lat' dir='ltr'>omnino</span> <span class='ocrx_word' id='word_1_232' title='bbox 1434 2741 1751 2804; x_wconf 79' lang='lat' dir='ltr'>expressae</span> <span class='ocrx_word' id='word_1_233' title='bbox 1783 2721 2178 2785; x_wconf 84' lang='lat' dir='ltr'>correctionis</span> <span class='ocrx_word' id='word_1_234' title='bbox 2210 2739 2317 2784; x_wconf 89' lang='lat' dir='ltr'>seu</span> <span class='ocrx_word' id='word_1_235' title='bbox 2351 2719 2796 2784; x_wconf 85' lang='lat' dir='ltr'>emendationis</span> <span class='ocrx_word' id='word_1_236' title='bbox 2843 2739 2984 2784; x_wconf 89' lang='lat' dir='ltr'>eam</span> <span class='ocrx_word' id='word_1_237' title='bbox 3018 2722 3203 2786; x_wconf 82' lang='lat' dir='ltr'>fuisse</span> 
     </span>
     <span class='ocr_line' id='line_1_25' title="bbox 730 2822 3200 2905; baseline 0.001 -21"><span class='ocrx_word' id='word_1_238' title='bbox 730 2822 1007 2905; x_wconf 86' lang='lat' dir='ltr'>dignam.</span> <span class='ocrx_word' id='word_1_239' title='bbox 1050 2824 1352 2904; x_wconf 81' lang='lat' dir='ltr'>siquidem</span> <span class='ocrx_word' id='word_1_240' title='bbox 1393 2824 1624 2904; x_wconf 84' lang='lat' dir='ltr'>aliquid</span> <span class='ocrx_word' id='word_1_241' title='bbox 1675 2824 1956 2886; x_wconf 85' lang='lat' dir='ltr'>fallaciae</span> <span class='ocrx_word' id='word_1_242' title='bbox 2003 2842 2110 2886; x_wconf 87' lang='lat' dir='ltr'>seu</span> <span class='ocrx_word' id='word_1_243' title='bbox 2144 2822 2280 2886; x_wconf 85' lang='lat' dir='ltr'>vitii</span> <span class='ocrx_word' id='word_1_244' title='bbox 2327 2824 2389 2886; x_wconf 80' lang='lat' dir='ltr'>in</span> <span class='ocrx_word' id='word_1_245' title='bbox 2440 2824 2571 2905; x_wconf 89' lang='lat' dir='ltr'>ipsa</span> <span class='ocrx_word' id='word_1_246' title='bbox 2620 2842 2665 2886; x_wconf 75' lang='lat' dir='ltr'>s,</span> <span class='ocrx_word' id='word_1_247' title='bbox 2703 2824 2942 2887; x_wconf 90' lang='lat' dir='ltr'>Doctor</span> <span class='ocrx_word' id='word_1_248' title='bbox 2989 2824 3200 2888; x_wconf 88' lang='lat' dir='ltr'>deinde</span> 
     </span>
     <span class='ocr_line' id='line_1_26' title="bbox 736 2925 1764 3002; baseline 0.001 -14"><span class='ocrx_word' id='word_1_249' title='bbox 736 2925 1123 3002; x_wconf 76' lang='lat' dir='ltr'>advertisset,</span> <span class='ocrx_word' id='word_1_250' title='bbox 1156 2945 1253 2990; x_wconf 88' lang='lat' dir='ltr'>res</span> <span class='ocrx_word' id='word_1_251' title='bbox 1292 2931 1387 2990; x_wconf 89' lang='lat' dir='ltr'>est</span> <span class='ocrx_word' id='word_1_252' title='bbox 1417 2928 1764 2990; x_wconf 84' lang='lat' dir='ltr'>manifesta.</span> 
     </span>
    </p>

    <p class='ocr_par' dir='ltr' id='par_1_4' title="bbox 687 3027 3210 3824">
     <span class='ocr_line' id='line_1_27' title="bbox 832 3027 3202 3112; baseline 0.001 -22"><span class='ocrx_word' id='word_1_253' title='bbox 832 3029 888 3090; x_wconf 88' lang='lat'>7.</span> <span class='ocrx_word' id='word_1_254' title='bbox 933 3027 1049 3091; x_wconf 76' lang='lat' dir='ltr'>Sed</span> <span class='ocrx_word' id='word_1_255' title='bbox 1100 3032 1171 3092; x_wconf 89' lang='lat' dir='ltr'>ut</span> <span class='ocrx_word' id='word_1_256' title='bbox 1216 3030 1469 3112; x_wconf 84' lang='lat' dir='ltr'>propius</span> <span class='ocrx_word' id='word_1_257' title='bbox 1505 3029 1580 3092; x_wconf 90' lang='lat' dir='ltr'>ad</span> <span class='ocrx_word' id='word_1_258' title='bbox 1613 3048 1742 3091; x_wconf 82' lang='lat' dir='ltr'>rem</span> <span class='ocrx_word' id='word_1_259' title='bbox 1783 3028 2161 3100; x_wconf 83' lang='lat' dir='ltr'>accedamus,</span> <span class='ocrx_word' id='word_1_260' title='bbox 2196 3028 2481 3103; x_wconf 79' lang='lat' dir='ltr'>diximus,</span> <span class='ocrx_word' id='word_1_261' title='bbox 2530 3029 2710 3092; x_wconf 86' lang='lat' dir='ltr'>facile</span> <span class='ocrx_word' id='word_1_262' title='bbox 2750 3030 2996 3093; x_wconf 87' lang='lat' dir='ltr'>ostendi</span> <span class='ocrx_word' id='word_1_263' title='bbox 3030 3048 3202 3112; x_wconf 85' lang='lat' dir='ltr'>posse</span> 
     </span>
     <span class='ocr_line' id='line_1_28' title="bbox 736 3131 3201 3214; baseline 0 -19"><span class='ocrx_word' id='word_1_264' title='bbox 736 3132 1169 3212; x_wconf 83' lang='lat' dir='ltr'>quaestionem</span> <span class='ocrx_word' id='word_1_265' title='bbox 1207 3132 1401 3195; x_wconf 88' lang='lat' dir='ltr'>serius</span> <span class='ocrx_word' id='word_1_266' title='bbox 1450 3131 1832 3214; x_wconf 82' lang='lat' dir='ltr'>propositam</span> <span class='ocrx_word' id='word_1_267' title='bbox 1868 3149 1904 3193; x_wconf 88' lang='lat' dir='ltr'>a</span> <span class='ocrx_word' id='word_1_268' title='bbox 1949 3150 1997 3195; x_wconf 89' lang='lat' dir='ltr'>s.</span> <span class='ocrx_word' id='word_1_269' title='bbox 2039 3132 2306 3194; x_wconf 89' lang='lat' dir='ltr'>Doctore</span> <span class='ocrx_word' id='word_1_270' title='bbox 2353 3131 2657 3194; x_wconf 87' lang='lat' dir='ltr'>diversam</span> <span class='ocrx_word' id='word_1_271' title='bbox 2703 3150 2960 3213; x_wconf 87' lang='lat' dir='ltr'>prorsus</span> <span class='ocrx_word' id='word_1_272' title='bbox 3012 3133 3088 3195; x_wconf 90' lang='lat' dir='ltr'>ab</span> <span class='ocrx_word' id='word_1_273' title='bbox 3131 3151 3201 3196; x_wconf 82' lang='lat' dir='ltr'>ea</span> 
     </span>
     <span class='ocr_line' id='line_1_29' title="bbox 737 3232 3202 3316; baseline 0 -19"><span class='ocrx_word' id='word_1_274' title='bbox 737 3253 886 3310; x_wconf 88' lang='lat' dir='ltr'>esse,</span> <span class='ocrx_word' id='word_1_275' title='bbox 929 3234 1001 3297; x_wconf 87' lang='lat' dir='ltr'>de</span> <span class='ocrx_word' id='word_1_276' title='bbox 1049 3254 1171 3316; x_wconf 89' lang='lat' dir='ltr'>qua</span> <span class='ocrx_word' id='word_1_277' title='bbox 1221 3254 1358 3297; x_wconf 89' lang='lat' dir='ltr'>ann.</span> <span class='ocrx_word' id='word_1_278' title='bbox 1400 3235 1688 3297; x_wconf 60' lang='grc'>1741191</span> <span class='ocrx_word' id='word_1_279' title='bbox 1738 3234 1929 3296; x_wconf 73' lang='lat'>1755.</span> <span class='ocrx_word' id='word_1_280' title='bbox 1966 3236 2142 3296; x_wconf 88' lang='lat' dir='ltr'>tanto</span> <span class='ocrx_word' id='word_1_281' title='bbox 2191 3233 2397 3296; x_wconf 88' lang='lat' dir='ltr'>studio</span> <span class='ocrx_word' id='word_1_282' title='bbox 2444 3232 2838 3308; x_wconf 86' lang='lat' dir='ltr'>disseruerat,</span> <span class='ocrx_word' id='word_1_283' title='bbox 2888 3234 3042 3298; x_wconf 85' lang='lat' dir='ltr'>licet</span> <span class='ocrx_word' id='word_1_284' title='bbox 3087 3252 3202 3298; x_wconf 91' lang='lat' dir='ltr'>non</span> 
     </span>
     <span class='ocr_line' id='line_1_30' title="bbox 738 3334 3201 3418; baseline 0 -20"><span class='ocrx_word' id='word_1_285' title='bbox 738 3336 1141 3409; x_wconf 86' lang='lat' dir='ltr'>diffiteamur,</span> <span class='ocrx_word' id='word_1_286' title='bbox 1192 3336 1493 3400; x_wconf 84' lang='lat' dir='ltr'>eiusmodi</span> <span class='ocrx_word' id='word_1_287' title='bbox 1543 3336 1969 3399; x_wconf 79' lang='lat' dir='ltr'>diversitatem</span> <span class='ocrx_word' id='word_1_288' title='bbox 2015 3335 2118 3398; x_wconf 76' lang='lat' dir='ltr'>vix</span> <span class='ocrx_word' id='word_1_289' title='bbox 2165 3336 2275 3397; x_wconf 89' lang='lat' dir='ltr'>aut</span> <span class='ocrx_word' id='word_1_290' title='bbox 2322 3354 2396 3398; x_wconf 90' lang='lat' dir='ltr'>ne</span> <span class='ocrx_word' id='word_1_291' title='bbox 2443 3335 2542 3398; x_wconf 80' lang='lat' dir='ltr'>vix</span> <span class='ocrx_word' id='word_1_292' title='bbox 2589 3334 2838 3416; x_wconf 89' lang='lat' dir='ltr'>quidem</span> <span class='ocrx_word' id='word_1_293' title='bbox 2890 3355 3201 3418; x_wconf 86' lang='lat' dir='ltr'>apparere,</span> 
     </span>
     <span class='ocr_line' id='line_1_31' title="bbox 743 3437 3204 3521; baseline 0 -20"><span class='ocrx_word' id='word_1_294' title='bbox 743 3441 1105 3521; x_wconf 76' lang='lat' dir='ltr'>praesertim</span> <span class='ocrx_word' id='word_1_295' title='bbox 1154 3441 1204 3502; x_wconf 88' lang='lat' dir='ltr'>si</span> <span class='ocrx_word' id='word_1_296' title='bbox 1253 3440 1582 3503; x_wconf 80' lang='lat' dir='ltr'>verborum</span> <span class='ocrx_word' id='word_1_297' title='bbox 1630 3438 1994 3521; x_wconf 87' lang='lat' dir='ltr'>inspiciatur</span> <span class='ocrx_word' id='word_1_298' title='bbox 2039 3439 2257 3514; x_wconf 85' lang='lat' dir='ltr'>forma,</span> <span class='ocrx_word' id='word_1_299' title='bbox 2293 3437 2517 3518; x_wconf 89' lang='lat' dir='ltr'>quibus</span> <span class='ocrx_word' id='word_1_300' title='bbox 2565 3437 2794 3502; x_wconf 88' lang='lat' dir='ltr'>alicubi</span> <span class='ocrx_word' id='word_1_301' title='bbox 2832 3438 3041 3502; x_wconf 85' lang='lat' dir='ltr'>theses</span> <span class='ocrx_word' id='word_1_302' title='bbox 3089 3440 3204 3502; x_wconf 88' lang='lat' dir='ltr'>huc</span> 
     </span>
     <span class='ocr_line' id='line_1_32' title="bbox 687 3537 3201 3624; baseline 0.001 -23"><span class='ocrx_word' id='word_1_303' title='bbox 687 3559 695 3567; x_wconf 94' lang='lat'><strong>·</strong></span> <span class='ocrx_word' id='word_1_304' title='bbox 739 3545 1086 3622; x_wconf 79' lang='lat' dir='ltr'>spectantes</span> <span class='ocrx_word' id='word_1_305' title='bbox 1135 3542 1487 3605; x_wconf 84' lang='lat' dir='ltr'>efferuntur.</span> <span class='ocrx_word' id='word_1_306' title='bbox 1532 3543 1629 3605; x_wconf 86' lang='lat' dir='ltr'>Ita</span> <span class='ocrx_word' id='word_1_307' title='bbox 1678 3561 1735 3604; x_wconf 73' lang='lat' dir='ltr'>V.</span> <span class='ocrx_word' id='word_1_308' title='bbox 1773 3560 1864 3624; x_wconf 81' lang='lat' dir='ltr'>gr.</span> <span class='ocrx_word' id='word_1_309' title='bbox 1906 3559 1952 3602; x_wconf 89' lang='lat' dir='ltr'>s.</span> <span class='ocrx_word' id='word_1_310' title='bbox 2003 3541 2235 3604; x_wconf 86' lang='lat' dir='ltr'>Doctor</span> <span class='ocrx_word' id='word_1_311' title='bbox 2282 3539 2495 3603; x_wconf 88' lang='lat' dir='ltr'>scribit</span> <span class='ocrx_word' id='word_1_312' title='bbox 2527 3537 2714 3603; x_wconf 81' lang='lat' dir='ltr'>Hom.</span> <span class='ocrx_word' id='word_1_313' title='bbox 2751 3541 2977 3619; x_wconf 69' lang='lat' dir='ltr'>Apo-st.</span> <span class='ocrx_word' id='word_1_314' title='bbox 3014 3545 3092 3604; x_wconf 91' lang='lat' dir='ltr'>tr.</span> <span class='ocrx_word' id='word_1_315' title='bbox 3148 3542 3201 3604; x_wconf 93' lang='lat' dir='ltr'>l.</span> 
     </span>
     <span class='ocr_line' id='line_1_33' title="bbox 737 3642 3210 3724; baseline 0 -20"><span class='ocrx_word' id='word_1_316' title='bbox 737 3660 869 3724; x_wconf 86' lang='lat' dir='ltr'>cap.</span> <span class='ocrx_word' id='word_1_317' title='bbox 913 3644 971 3704; x_wconf 74' lang='lat'>3.</span> <span class='ocrx_word' id='word_1_318' title='bbox 1024 3662 1082 3707; x_wconf 89' lang='lat' dir='ltr'>n.</span> <span class='ocrx_word' id='word_1_319' title='bbox 1120 3645 1260 3707; x_wconf 61' lang='lat'>32:</span> <span class='ocrx_word' id='word_1_320' title='bbox 1296 3642 1604 3718; x_wconf 63' lang='lat' dir='ltr'>Dicimus,</span> <span class='ocrx_word' id='word_1_321' title='bbox 1648 3662 1768 3704; x_wconf 71' lang='lat' dir='ltr'>non</span> <span class='ocrx_word' id='word_1_322' title='bbox 1821 3642 2021 3716; x_wconf 73' lang='grc' dir='ltr'>11ῗοον0,</span> <span class='ocrx_word' id='word_1_323' title='bbox 2062 3644 2159 3702; x_wconf 68' lang='lat' dir='ltr'>uti</span> <span class='ocrx_word' id='word_1_324' title='bbox 2203 3644 2488 3720; x_wconf 70' lang='lat' dir='ltr'>opimone</span> <span class='ocrx_word' id='word_1_325' title='bbox 2533 3643 2744 3705; x_wconf 75' lang='lat' dir='ltr'>minus</span> <span class='ocrx_word' id='word_1_326' title='bbox 2779 3642 3108 3721; x_wconf 73' lang='lat' dir='ltr'>probabili</span> <span class='ocrx_word' id='word_1_327' title='bbox 3151 3647 3210 3707; x_wconf 76' lang='lat' dir='ltr'>et</span> 
     </span>
     <span class='ocr_line' id='line_1_34' title="bbox 738 3743 3203 3824; baseline 0.002 -19"><span class='ocrx_word' id='word_1_328' title='bbox 738 3745 948 3806; x_wconf 56' lang='lat' dir='ltr'>ove-irtus</span> <span class='ocrx_word' id='word_1_329' title='bbox 999 3749 1132 3806; x_wconf 71' lang='lat' dir='ltr'>tnta</span> <span class='ocrx_word' id='word_1_330' title='bbox 1178 3745 1478 3807; x_wconf 75' lang='lat' dir='ltr'>adversus</span> <span class='ocrx_word' id='word_1_331' title='bbox 1524 3744 2010 3824; x_wconf 67' lang='lat' dir='ltr'>probabiliorem</span> <span class='ocrx_word' id='word_1_332' title='bbox 2043 3765 2168 3823; x_wconf 73' lang='lat' dir='ltr'>pro</span> <span class='ocrx_word' id='word_1_333' title='bbox 2224 3743 2354 3824; x_wconf 74' lang='grc' dir='ltr'>10ῃο</span> <span class='ocrx_word' id='word_1_334' title='bbox 2380 3764 2400 3806; x_wconf 90' lang='grc'>.·</span> <span class='ocrx_word' id='word_1_335' title='bbox 2447 3745 2597 3808; x_wconf 87' lang='lat' dir='ltr'>item</span> <span class='ocrx_word' id='word_1_336' title='bbox 2645 3763 2692 3808; x_wconf 81' lang='grc'>5.</span> <span class='ocrx_word' id='word_1_337' title='bbox 2742 3746 2981 3810; x_wconf 80' lang='lat' dir='ltr'>Doctor</span> <span class='ocrx_word' id='word_1_338' title='bbox 3045 3747 3203 3811; x_wconf 80' lang='lat' dir='ltr'>hisce</span> 
     </span>
    </p>

    <p class='ocr_par' dir='ltr' id='par_1_5' title="bbox 656 3846 3213 4545">
     <span class='ocr_line' id='line_1_35' title="bbox 738 3846 3203 3930; baseline 0 -20"><span class='ocrx_word' id='word_1_339' title='bbox 738 3848 937 3911; x_wconf 82' lang='lat' dir='ltr'>verbis</span> <span class='ocrx_word' id='word_1_340' title='bbox 972 3868 1148 3912; x_wconf 88' lang='lat' dir='ltr'>suam</span> <span class='ocrx_word' id='word_1_341' title='bbox 1183 3849 1552 3912; x_wconf 87' lang='lat' dir='ltr'>sententiam</span> <span class='ocrx_word' id='word_1_342' title='bbox 1589 3847 1876 3930; x_wconf 81' lang='lat' dir='ltr'>exprimit</span> <span class='ocrx_word' id='word_1_343' title='bbox 1909 3846 2073 3925; x_wconf 68' lang='lat' dir='ltr'>Syst.</span> <span class='ocrx_word' id='word_1_344' title='bbox 2115 3868 2265 3909; x_wconf 79' lang='lat' dir='ltr'>mor.</span> <span class='ocrx_word' id='word_1_345' title='bbox 2307 3847 2495 3909; x_wconf 84' lang='grc'>1785.</span> <span class='ocrx_word' id='word_1_346' title='bbox 2531 3867 2589 3909; x_wconf 88' lang='grc'>11.</span> <span class='ocrx_word' id='word_1_347' title='bbox 2626 3850 2767 3910; x_wconf 79' lang='lat'><strong>55.:</strong></span> <span class='ocrx_word' id='word_1_348' title='bbox 2814 3847 2946 3912; x_wconf 76' lang='lat' dir='ltr'>Ubi</span> <span class='ocrx_word' id='word_1_349' title='bbox 2979 3850 3203 3911; x_wconf 59' lang='lat' dir='ltr'>ver-ms</span> 
     </span>
     <span class='ocr_line' id='line_1_36' title="bbox 656 3937 3204 4030; baseline 0 -19"><span class='ocrx_word' id='word_1_350' title='bbox 656 3937 657 3940; x_wconf 24' lang='lat'>¹</span> <span class='ocrx_word' id='word_1_351' title='bbox 735 3949 902 4012; x_wconf 77' lang='lat' dir='ltr'>clare</span> <span class='ocrx_word' id='word_1_352' title='bbox 946 3951 1222 4012; x_wconf 63' lang='lat' dir='ltr'>inveniri</span> <span class='ocrx_word' id='word_1_353' title='bbox 1252 3951 1481 4030; x_wconf 72' lang='lat' dir='ltr'>nequit,</span> <span class='ocrx_word' id='word_1_354' title='bbox 1526 3954 1802 4012; x_wconf 75' lang='lat' dir='ltr'>tene-mur</span> <span class='ocrx_word' id='word_1_355' title='bbox 1846 3949 2135 4028; x_wconf 66' lang='lat' dir='ltr'>aneplecte&#39;</span> <span class='ocrx_word' id='word_1_356' title='bbox 2177 3948 2399 4011; x_wconf 74' lang='lat' dir='ltr'>saltem</span> <span class='ocrx_word' id='word_1_357' title='bbox 2429 3949 2779 4027; x_wconf 57' lang='lat' dir='ltr'>opinionem</span> <span class='ocrx_word' id='word_1_358' title='bbox 2815 3948 3017 4021; x_wconf 73' lang='lat' dir='ltr'>illam,</span> <span class='ocrx_word' id='word_1_359' title='bbox 3052 3970 3204 4030; x_wconf 68' lang='grc' dir='ltr'>911αο</span> 
     </span>
     <span class='ocr_line' id='line_1_37' title="bbox 724 4049 3196 4132; baseline 0 -20"><span class='ocrx_word' id='word_1_360' title='bbox 724 4053 993 4130; x_wconf 70' lang='lat' dir='ltr'>propius</span> <span class='ocrx_word' id='word_1_361' title='bbox 1039 4051 1127 4113; x_wconf 76' lang='lat' dir='ltr'>ad</span> <span class='ocrx_word' id='word_1_362' title='bbox 1160 4053 1481 4114; x_wconf 62' lang='lat' dir='ltr'>veritatem</span> <span class='ocrx_word' id='word_1_363' title='bbox 1516 4051 1770 4125; x_wconf 72' lang='lat' dir='ltr'>accedit,</span> <span class='ocrx_word' id='word_1_364' title='bbox 1805 4051 2012 4132; x_wconf 72' lang='lat' dir='ltr'>qualis</span> <span class='ocrx_word' id='word_1_365' title='bbox 2049 4055 2140 4114; x_wconf 71' lang='lat' dir='ltr'>est</span> <span class='ocrx_word' id='word_1_366' title='bbox 2185 4052 2392 4130; x_wconf 69' lang='lat' dir='ltr'>opinio</span> <span class='ocrx_word' id='word_1_367' title='bbox 2425 4049 2838 4128; x_wconf 71' lang='lat' dir='ltr'>probabilior.</span> <span class='ocrx_word' id='word_1_368' title='bbox 2881 4051 3196 4116; x_wconf 83' lang='lat' dir='ltr'>Undenam</span> 
     </span>
     <span class='ocr_line' id='line_1_38' title="bbox 739 4153 3200 4236; baseline 0 -19"><span class='ocrx_word' id='word_1_369' title='bbox 739 4155 909 4219; x_wconf 90' lang='lat' dir='ltr'>enim</span> <span class='ocrx_word' id='word_1_370' title='bbox 955 4155 1282 4218; x_wconf 80' lang='lat' dir='ltr'>diversitas</span> <span class='ocrx_word' id='word_1_371' title='bbox 1330 4156 1710 4236; x_wconf 88' lang='lat' dir='ltr'>quaestionis</span> <span class='ocrx_word' id='word_1_372' title='bbox 1759 4155 1820 4218; x_wconf 90' lang='lat' dir='ltr'>in</span> <span class='ocrx_word' id='word_1_373' title='bbox 1871 4156 2080 4219; x_wconf 87' lang='lat' dir='ltr'>oculos</span> <span class='ocrx_word' id='word_1_374' title='bbox 2127 4155 2414 4226; x_wconf 89' lang='lat' dir='ltr'>incurret,</span> <span class='ocrx_word' id='word_1_375' title='bbox 2465 4153 2612 4215; x_wconf 91' lang='lat' dir='ltr'>dum</span> <span class='ocrx_word' id='word_1_376' title='bbox 2659 4153 2952 4234; x_wconf 86' lang='lat' dir='ltr'>pristinas</span> <span class='ocrx_word' id='word_1_377' title='bbox 2997 4153 3200 4217; x_wconf 83' lang='lat' dir='ltr'>theses</span> 
     </span>
     <span class='ocr_line' id='line_1_39' title="bbox 740 4254 3207 4340; baseline 0 -22"><span class='ocrx_word' id='word_1_378' title='bbox 740 4255 833 4319; x_wconf 89' lang='lat' dir='ltr'>his</span> <span class='ocrx_word' id='word_1_379' title='bbox 869 4257 1069 4320; x_wconf 73' lang='lat' dir='ltr'>verbis</span> <span class='ocrx_word' id='word_1_380' title='bbox 1107 4260 1432 4340; x_wconf 86' lang='lat' dir='ltr'>conceptas</span> <span class='ocrx_word' id='word_1_381' title='bbox 1468 4258 1733 4340; x_wconf 82' lang='lat' dir='ltr'>legimus</span> <span class='ocrx_word' id='word_1_382' title='bbox 1772 4257 1916 4320; x_wconf 86' lang='lat' dir='ltr'>diss.</span> <span class='ocrx_word' id='word_1_383' title='bbox 1959 4258 2146 4320; x_wconf 78' lang='lat'>1755.</span> <span class='ocrx_word' id='word_1_384' title='bbox 2182 4277 2240 4324; x_wconf 88' lang='lat' dir='ltr'>n.</span> <span class='ocrx_word' id='word_1_385' title='bbox 2276 4257 2335 4318; x_wconf 81' lang='lat'>3.</span> <span class='ocrx_word' id='word_1_386' title='bbox 2360 4278 2374 4318; x_wconf 90' lang='lat'><strong>:</strong></span> <span class='ocrx_word' id='word_1_387' title='bbox 2403 4254 2636 4317; x_wconf 74' lang='lat' dir='ltr'>licitu-m</span> <span class='ocrx_word' id='word_1_388' title='bbox 2673 4258 2767 4317; x_wconf 72' lang='lat' dir='ltr'>cst</span> <span class='ocrx_word' id='word_1_389' title='bbox 2797 4257 2892 4317; x_wconf 70' lang='lat' dir='ltr'>uti</span> <span class='ocrx_word' id='word_1_390' title='bbox 2921 4256 3207 4335; x_wconf 70' lang='lat' dir='ltr'>opinione</span> 
     </span>
     <span class='ocr_line' id='line_1_40' title="bbox 732 4355 3213 4438; baseline 0.002 -19"><span class='ocrx_word' id='word_1_391' title='bbox 732 4359 1059 4436; x_wconf 65' lang='lat' dir='ltr'>probabili</span> <span class='ocrx_word' id='word_1_392' title='bbox 1106 4362 1291 4422; x_wconf 75' lang='lat' dir='ltr'>ctiam</span> <span class='ocrx_word' id='word_1_393' title='bbox 1338 4362 1407 4422; x_wconf 71' lang='lat' dir='ltr'>in</span> <span class='ocrx_word' id='word_1_394' title='bbox 1455 4379 1756 4424; x_wconf 72' lang='lat' dir='ltr'>concursu</span> <span class='ocrx_word' id='word_1_395' title='bbox 1791 4358 2244 4438; x_wconf 63' lang='lat' dir='ltr'>probabilior-es</span> <span class='ocrx_word' id='word_1_396' title='bbox 2269 4379 2390 4436; x_wconf 76' lang='lat' dir='ltr'>pro</span> <span class='ocrx_word' id='word_1_397' title='bbox 2426 4357 2608 4438; x_wconf 63' lang='lat' dir='ltr'>Iege?</span> <span class='ocrx_word' id='word_1_398' title='bbox 2637 4355 2856 4420; x_wconf 87' lang='lat' dir='ltr'>Nonne</span> <span class='ocrx_word' id='word_1_399' title='bbox 2907 4357 3069 4422; x_wconf 86' lang='lat' dir='ltr'>idem</span> <span class='ocrx_word' id='word_1_400' title='bbox 3115 4379 3213 4423; x_wconf 87' lang='lat' dir='ltr'>su-</span> 
     </span>
     <span class='ocr_line' id='line_1_41' title="bbox 746 4461 2278 4545; baseline 0.001 -22"><span class='ocrx_word' id='word_1_401' title='bbox 746 4461 1019 4526; x_wconf 88' lang='lat' dir='ltr'>biectum</span> <span class='ocrx_word' id='word_1_402' title='bbox 1058 4466 1122 4527; x_wconf 91' lang='lat' dir='ltr'>et</span> <span class='ocrx_word' id='word_1_403' title='bbox 1156 4464 1577 4545; x_wconf 86' lang='lat' dir='ltr'>praedicatum</span> <span class='ocrx_word' id='word_1_404' title='bbox 1608 4464 1940 4544; x_wconf 87' lang='lat' dir='ltr'>utrobique</span> <span class='ocrx_word' id='word_1_405' title='bbox 1979 4464 2278 4545; x_wconf 69' lang='lat' dir='ltr'>apparet?</span> 
     </span>
    </p>

    <p class='ocr_par' dir='ltr' id='par_1_6' title="bbox 834 4563 3213 4648">
     <span class='ocr_line' id='line_1_42' title="bbox 834 4563 3213 4648; baseline 0.003 -26"><span class='ocrx_word' id='word_1_406' title='bbox 834 4563 892 4624; x_wconf 74' lang='lat'>8.</span> <span class='ocrx_word' id='word_1_407' title='bbox 926 4563 1344 4627; x_wconf 82' lang='lat' dir='ltr'>Veruntamen</span> <span class='ocrx_word' id='word_1_408' title='bbox 1372 4565 1695 4628; x_wconf 84' lang='lat' dir='ltr'>diversitas</span> <span class='ocrx_word' id='word_1_409' title='bbox 1730 4565 1890 4629; x_wconf 90' lang='lat' dir='ltr'>inter</span> <span class='ocrx_word' id='word_1_410' title='bbox 1913 4567 2244 4645; x_wconf 80' lang='lat' dir='ltr'>utramque</span> <span class='ocrx_word' id='word_1_411' title='bbox 2270 4565 2694 4646; x_wconf 81' lang='lat' dir='ltr'>quaestionem</span> <span class='ocrx_word' id='word_1_412' title='bbox 2717 4563 2899 4627; x_wconf 83' lang='lat' dir='ltr'>facile</span> <span class='ocrx_word' id='word_1_413' title='bbox 2930 4569 3213 4648; x_wconf 87' lang='lat' dir='ltr'>apparet,</span> 
     </span>
    </p>
   </div>
  </div>
 </body>
</html>
