3529 5158
688 363 797 417 408
1207 378 1416 419 'rancun
1457 378 1547 418 111.
1586 379 1671 418 nn
1706 377 1990 419 mmmm.
2027 376 2227 418 oAPu‘r
2262 378 2343 418 1v.
2383 377 2525 418 nnn.
2565 377 2646 418 1v.
3013 362 3158 438 [421]

686 473 977 550 Ecclesia,
1027 493 1100 538 ex
1147 494 1269 557 quo
1302 474 1411 539 illa
1443 476 1753 559 praecepti
1801 476 2102 559 obligatio
2140 474 2558 558 proveniebat.
2601 473 2716 537 Vel
2754 474 2966 556 potius
3006 475 3156 540 obli-

686 578 861 663 gatio
908 577 1017 641 illa
1065 578 1190 642 alio
1237 578 1533 662 impletur
1579 580 1784 658 modo,
1834 580 1943 661 qui
1988 580 2051 642 in
2098 580 2279 661 pacto
2318 578 2452 661 ipso
2500 577 2953 655 includebatur,
3004 579 3153 644 dum

685 679 992 745 Ecclesiae
1037 681 1221 746 modo
1270 681 1646 765 praescripto
1695 701 1767 745 ex
1814 680 2174 745 rationabili
2219 698 2408 745 causa
2457 698 2492 744 a
2554 697 2843 763 supremo
2891 680 3152 747 Pastore

686 782 1065 865 providetur.
1101 782 1279 847 Suar.
1313 784 1355 846 l.
1392 804 1442 847 c.

775 885 856 947 Et
902 885 1052 949 haec
1100 886 1254 950 satis
1301 886 1464 950 circa
1510 886 1957 967 quaestionem,
2010 904 2084 948 an
2126 884 2479 968 dispensare
2508 883 2798 948 Pontifex
2828 885 3148 951 Romanus

687 987 885 1069 possit
919 987 979 1050 in
1011 988 1148 1070 lege
1172 1007 1282 1051 seu
1313 987 1446 1052 iure
1477 988 1713 1063 divin03
1749 1006 1909 1068 quae
1942 986 2019 1050 ad
2051 987 2113 1051 id
2151 987 2514 1070 profuerint,
2551 988 2623 1051 ut
2655 986 2816 1051 ratio
2855 988 3149 1053 reddatur

685 1088 1237 1172 dispensationum,
1271 1109 1427 1171 quas
1460 1090 1979 1154 enumeravimus.

776 1188 938 1260 421.
978 1190 1170 1255 Addit
1201 1191 1336 1255 heic
1374 1210 1422 1255 s.
1457 1191 1641 1274 Alph.
1691 1191 1799 1255 lib.
1857 1192 1911 1254 1.
1954 1212 2013 1254 n.
2052 1193 2199 1255 188.
2234 1191 2600 1256 Pontificem
2630 1192 2946 1274 potestate
2995 1193 3148 1256 ordi-

685 1299 860 1362 naria
893 1297 1244 1380 dispensare
1290 1317 1466 1382 posse
1501 1298 1567 1361 in
1598 1297 2093 1380 quibuscumque
2138 1299 2381 1383 legibus
2428 1299 2757 1363 canonicis
2808 1299 2891 1363 Et
2921 1299 3040 1363 hac
3085 1299 3144 1363 in

683 1420 750 1464 re
776 1399 1157 1479 advertatur,
1186 1401 1248 1464 in
1273 1400 1513 1484 legibus
1545 1419 1712 1464 mere
1743 1399 2174 1465 ecclesiasticis
2206 1400 2729 1482 dispensationem
2753 1418 2996 1483 semper
3019 1400 3147 1465 fore

685 1503 976 1579 validam,
1025 1503 1172 1567 licet
1216 1503 1439 1567 illicita
1485 1522 1616 1567 esse
1664 1504 1880 1586 possit,
1916 1504 2024 1568 ubi
2071 1503 2243 1567 deest
2279 1522 2466 1567 causa
2504 1502 2836 1585 quaepiam
2869 1503 3147 1567 rationa-

684 1605 856 1669 bilis:
890 1607 953 1668 in
984 1606 1062 1669 iis
1093 1624 1258 1681 ver0‚
1292 1605 1356 1668 in
1389 1605 1614 1687 quibus
1646 1605 1934 1670 Pontifex
1965 1607 2153 1670 habet
2184 1606 2558 1687 potestatem
2605 1607 2859 1670 tantum
2891 1605 3147 1670 admini-

685 1709 1035 1785 strativam,
1071 1709 1167 1773 uti
1205 1729 1262 1772 v.
1297 1729 1392 1792 gr.
1427 1709 1490 1771 in
1522 1708 1979 1792 dispensatione
2012 1710 2322 1786 votorum,
2365 1711 2597 1773 iustam
2629 1727 2883 1772 causam
2916 1710 3143 1792 requiri

682 1829 808 1875 uon
839 1812 1023 1875 modo
1049 1811 1122 1874 ut
1155 1812 1238 1875 sit
1267 1810 1461 1890 licita,
1491 1811 1595 1875 sed
1627 1812 1817 1875 etiam
1845 1814 1917 1875 ut
1953 1812 2036 1875 sit
2068 1810 2294 1874 valida.
2330 1810 2409 1874 Et
2440 1810 2604 1874 hunc
2635 1830 2884 1874 sensum
2916 1811 3146 1876 habent

684 1914 871 1977 verba
908 1913 1220 1990 Auctoris,
1271 1914 1379 1978 ubi
1424 1914 1648 1995 inquit,
1698 1934 1826 1977 non
1858 1933 2044 1993 posse
2090 1914 2226 1976 sine
2272 1932 2461 1977 causa
2507 1912 2859 1996 dispensare
2899 1915 2969 1977 in
3018 1913 3146 1996 leqe

685 2014 922 2087 divina,
956 2015 1116 2080 idest
1137 2016 1202 2080 in
1225 2016 1323 2093 iis,
1349 2016 1414 2079 in
1445 2015 1670 2097 quibus
1702 2016 1805 2098 (ut
1836 2016 2117 2099 superius
2151 2016 2621 2099 explicavimus)
2643 2017 2958 2100 potestate
2983 2036 3146 2081 mere

691 2117 1082 2182 oeconomica
1107 2119 1330 2183 utitur.

773 2217 950 2298 Quod
996 2219 1147 2285 dicit
1184 2220 1258 2284 A.
1309 2220 1382 2285 de
1429 2221 1768 2304 EpiscopiS‚
1819 2221 1927 2302 qui
1974 2221 2037 2284 in
2083 2221 2218 2304 lege
2266 2221 2572 2284 Ecclesiae
2619 2220 2974 2302 dispensare
3023 2240 3141 2286 non

685 2324 946 2404 possunt
976 2323 1106 2387 sine
1137 2324 1316 2407 gravi
1352 2342 1559 2401 causa,
1594 2323 1875 2408 intellige
1922 2323 2113 2387 etiam
2144 2322 2218 2386 de
2256 2321 2600 2385 validitate.
2635 2320 2926 2387 Ceterum
2958 2343 3146 2407 quan-

684 2423 928 2501 donam,
969 2424 1138 2489 iusta
1170 2444 1355 2489 causa
1390 2426 1730 2502 accedente,
1771 2426 1834 2489 in
1868 2425 2110 2508 legibus
2142 2425 2534 2509 generalibus
2566 2425 2875 2490 Ecclesiae
2907 2428 3147 2509 possint

683 2526 1052 2610 dispensare,
1094 2528 1376 2611 superius
1408 2528 1645 2593 dictum
1677 2529 1774 2593 est
1803 2549 1862 2592 n.
1898 2529 2049 2592 403.

796 2689 1077 2741 Lxxxlx.
1099 2691 1149 2740 2.
1176 2686 1485 2753 Dispensatio
1506 2687 1553 2741 in
1585 2694 1701 2740 voto
1730 2691 1807 2740 vel
1832 2686 2121 2753 iun-ameum,
2143 2687 2245 2742 sine
2271 2687 2399 2742 iusta
2425 2703 2587 2753 causa,
2615 2687 2759 2742 etiam
2786 2703 2811 2741 a
2844 2692 2977 2757 Papa
3005 2696 3142 2756 lacta,

685 2778 775 2833 est,
806 2771 1036 2832 invalida,
1064 2779 1118 2825 ut
1144 2774 1376 2825 Sanchez.
1405 2775 1545 2824 Suar.
1570 2773 1621 2825 ΙΙ.
1648 2786 1718 2824 66.

770 2894 954 2968 422.
989 2900 1176 2964 Ratio
1202 2900 1426 2964 horum
1450 2920 1523 2964 ex
1545 2899 1883 2983 disputatis
1909 2901 2101 2983 patet.
2129 2898 2297 2963 Nota
2322 2901 2551 2972 tamen,
2586 2919 2709 2964 non
2734 2901 2966 2965 temere
2990 2900 3145 2966 iudi-

681 3000 948 3065 candum
994 3001 1068 3066 de
1114 3002 1424 3085 superiore
1472 3003 1536 3066 et
1580 3002 1701 3065 nisi
1748 3001 2062 3067 evidenter
2098 3002 2339 3066 constet
2385 3001 2458 3065 de
2508 3002 2814 3084 opposito,
2851 3021 2963 3085 pro
3012 3003 3143 3087 ipso

681 3105 812 3168 stat
848 3105 1270 3190 praesumptio
1310 3125 1382 3170 ac
1419 3105 1672 3190 proinde
1703 3124 1814 3188 pro
1846 3104 2193 3169 validitate.
2236 3104 2375 3168 Vid.
2416 3104 2480 3167 in
2518 3104 2700 3168 resol.
2740 3105 2801 3166 4.
2835 3124 2963 3187 seq.

789 3266 895 3319 XC.
924 3268 972 3320 3.
1003 3265 1178 3319 valida
1205 3272 1296 3330 est,
1323 3265 1365 3319 si
1391 3264 1619 3332 superior
1655 3279 1743 3332 per
1782 3278 2002 3319 errorem
2039 3264 2216 3318 iustam
2255 3278 2450 3318 causam
2491 3264 2766 3330 arbitretur,
2793 3271 2894 3330 aut,
2925 3264 3018 3319 etsi
3046 3280 3140 3318 non

680 3348 943 3403 arbitretur
978 3357 1029 3403 et
1066 3356 1250 3404 temere
1287 3349 1554 3417 dispenset,
1580 3349 1739 3418 reipsa
1781 3355 1941 3403 tamen
1977 3348 2058 3403 sit.
2097 3352 2274 3403 Sanch.
2311 3352 2341 3402 Ι.
2366 3363 2409 3402 6.
2438 3352 2585 3402 Azor.
2614 3349 2692 3408 Sa.
2716 3350 2858 3403 Salas
2885 3365 2932 3402 n.
2958 3353 3045 3403 81.
3074 3350 3143 3404 si·

682 3431 863 3486 militer
886 3433 930 3486 si
955 3432 1202 3499 dispenset
1226 3447 1392 3499 causa,
1419 3448 1546 3500 quae
1583 3448 1755 3488 revera
1797 3432 2010 3498 legitima
2035 3438 2125 3497 est,
2153 3448 2248 3488 uon
2275 3432 2604 3501 praecognita,
2633 3433 2956 3500 probabiliter
2984 3441 3141 3489 tamen

679 3518 844 3570 valere
883 3519 1061 3571 docent
1098 3521 1274 3571 Sanch.
1303 3524 1352 3571 et
1392 3517 1530 3573 Dian.
1557 3533 1605 3586 p.
1633 3521 1682 3570 8.
1717 3526 1751 3571 ί.
1781 3521 1831 3573 3.
1861 3533 1900 3571 r.
1936 3521 2014 3570 19.
2041 3521 2123 3571 21.
2156 3525 2248 3572 etc.
2276 3524 2445 3571 contra
2485 3520 2631 3571 Azor.

767 3640 950 3712 423.
1000 3643 1187 3717 Nota,
1237 3645 1353 3709 hoc
1398 3645 1534 3710 loco
1581 3665 1703 3711 non
1750 3647 1857 3730 agi
1889 3645 1962 3709 de
2007 3646 2386 3730 legislatore,
2426 3645 2536 3728 qui
2568 3645 2771 3710 valide
2801 3646 3139 3729 dispensat,

677 3746 927 3810 etiamsi
955 3746 1116 3811 desit
1147 3747 1312 3811 iusta
1336 3767 1543 3824 causa,
1579 3748 1809 3830 quique
1834 3748 1895 3812 in
1943 3768 2093 3813 casu
2139 3749 2449 3831 praesenti
2473 3748 2666 3812 etiam
2695 3749 2866 3812 licite
2897 3748 3146 3832 dispen—

679 3850 863 3926 saret,
913 3850 967 3914 si
1013 3850 1175 3914 bona
1221 3849 1339 3914 fide
1386 3852 1657 3932 putaret,
1708 3850 2119 3915 sufficientem
2165 3849 2377 3914 adesse
2423 3849 2818 3932 dispensandi
2864 3869 3143 3915 causam.

678 3952 909 4037 Agitur
944 3970 1092 4037 ergo
1139 3951 1214 4015 de
1259 3952 1545 4016 inferiore
1591 3971 1700 4016 seu
1746 3952 1821 4015 de
1867 3972 1959 4030 eo,
1995 3953 2104 4035 qui
2143 3971 2261 4017 non
2302 3953 2366 4015 in
2405 3971 2519 4015 sua
2551 3951 2707 4036 lege,
2742 3952 2847 4016 sed
2892 3953 2958 4016 in
3005 3952 3147 4037 lege

677 4055 1010 4137 superioris
1027 4053 1355 4137 dispenset,
1383 4053 1731 4118 cuiusmodi
1756 4055 1851 4117 est
1875 4055 2064 4118 etiam
2081 4055 2365 4119 Pontifex
2391 4055 2585 4119 relate
2610 4054 2688 4118 ad
2712 4074 2806 4127 ea,
2824 4055 2889 4118 in
2914 4055 3147 4137 quibus

678 4175 842 4220 mere
876 4157 1260 4221 oeconomice
1291 4155 1584 4239 disponit.

766 4258 983 4337 Quoad
1014 4258 1171 4321 hanc
1203 4261 1442 4340 partem
1479 4259 1902 4324 Resolutionis
1936 4279 1984 4323 S.
2019 4259 2376 4343 Alphonsus
2409 4260 2472 4322 in
2502 4260 2785 4342 parenth.
2822 4260 2899 4323 ad
2924 4259 2984 4323 h.
3016 4258 3147 4325 loc.

674 4382 734 4425 n.
779 4362 925 4422 180.
969 4360 1236 4423 remissit
1270 4361 1392 4424 alio
1426 4361 1489 4424 et
1511 4362 1713 4445 reipsa
1736 4362 1843 4425 lib.
1874 4364 1934 4426 3.
1974 4384 2033 4426 n.
2064 4363 2213 4425 251.
2242 4381 2429 4447 agens
2454 4361 2527 4426 de
2552 4364 2721 4438 vot0,
2748 4361 2984 4426 fatetur
3007 4380 3155 4427 sen-

674 4463 938 4527 tentiam
969 4462 1261 4527 Auctoris
1292 4463 1422 4526 scil.
1458 4463 1623 4544 quod
1663 4464 1870 4528 valida
1909 4465 1993 4530 sit
2032 4465 2430 4547 dispensatio,
2466 4463 2629 4528 tradi
2668 4484 2705 4527 a
2752 4463 3153 4548 gravissimis

673 4567 808 4629 DD.
837 4564 1127 4637 Sanchez,
1153 4564 1384 4640 Lessio,
1413 4564 1904 4644 Salmanticens.,
1932 4567 2215 4643 Navarr.‚
2244 4565 2415 4644 Soto,
2442 4566 2805 4630 Tamburini
2831 4569 2967 4641 etc„
2996 4567 3151 4632 aliis
