3529 5158
352 349 499 425 [299]
695 365 1025 407 onmea‘no
1064 366 1241 407 Lame
1278 367 1601 408 numanam.
1639 368 1721 408 AN
1761 368 1970 410 nmen
2008 369 2128 409 nex
2169 368 2468 410 romans
2714 356 2822 410 319

348 463 519 547 Ergo
568 466 631 527 et
677 464 813 546 lege
857 464 1128 546 positiva
1173 464 1382 528 divina
1421 466 1484 528 et
1520 466 1657 549 lege
1685 466 1962 529 naturali
1999 465 2071 529 fit
2101 467 2379 548 potestas
2411 466 2818 549 praecipiendi

349 568 417 631 et
436 566 741 650 obligatio
768 567 1086 632 obediendi
1111 568 1303 631 etiam
1321 568 1386 632 in
1403 567 1796 644 conscientia,
1818 571 1892 632 ut
1915 568 2066 632 dicit
2082 568 2317 633 Paulus
2336 568 2516 633 Rom.
2535 568 2713 633 XIII.
2734 571 2815 633 5.:

357 692 396 726 ‹
427 667 683 732 Subdiu·
718 671 904 732 estote
926 688 1054 733 non
1099 668 1300 733 solum
1332 674 1596 750 propter
1632 671 1818 744 iram,
1850 671 1964 735 sed
2004 672 2192 735 et‘e'am
2208 674 2473 750 propter
2508 672 2820 735 conscien-

352 772 510 834 tiam
557 794 618 835 ι».

440 873 712 938 Adverte
757 877 985 952 tamen,
1035 877 1198 939 recte
1251 875 1327 939 A.
1376 876 1757 958 respondere,
1823 877 2167 960 superiores
2206 897 2394 956 posse
2451 877 2815 960 praecipere,

347 994 476 1039 non
508 994 653 1040 vero
700 994 867 1038 mere
913 994 1152 1060 semper
1197 977 1313 1040 sub
1358 978 1539 1060 culpa
1551 980 1935 1058 praecipere.
1978 979 2165 1045 Ratio
2198 981 2311 1057 est,
2353 980 2500 1062 quia
2539 979 2819 1062 superior

346 1079 560 1161 potest
604 1078 917 1161 imponere
963 1082 1359 1163 praeceptum
1417 1100 1582 1145 mere
1641 1082 1916 1163 poenale,
1965 1082 2131 1163 quod
2176 1082 2411 1146 scilicet
2459 1082 2694 1164 obliget
2740 1081 2817 1144 ad

346 1180 551 1244 solam
598 1198 859 1261 poenam
905 1199 1026 1245 non
1076 1183 1287 1245 autem
1318 1181 1394 1245 ad
1425 1182 1692 1266 culpam.
1723 1183 1889 1247 Hinc
1918 1203 2053 1248 mos
2085 1185 2463 1267 regularum,
2504 1203 2663 1265 quae
2694 1201 2815 1247 non

347 1282 636 1366 obligant
681 1282 797 1346 sub
846 1285 1095 1364 peccato
1129 1285 1190 1347 et
1221 1303 1488 1366 quarum
1526 1286 1938 1370 transgressio
1976 1287 2443 1370 reprehensione
2476 1289 2589 1351 aut
2620 1305 2815 1369 poena

347 1384 481 1448 alia
526 1384 802 1467 punitur.
837 1384 1093 1449 Monent
1130 1389 1342 1450 tamen
1388 1387 1489 1451 vix
1537 1388 1650 1452 aut
1693 1407 1769 1452 ne
1817 1389 1919 1452 vix
1963 1388 2213 1470 quidem
2244 1389 2491 1472 culpam
2541 1388 2815 1469 aliquam

349 1487 584 1551 abesse.
633 1487 851 1552 Aberit
887 1488 1087 1571 culpa,
1127 1508 1267 1553 cum
1299 1489 1585 1556 subditus
1619 1489 1823 1554 utitur
1858 1490 2124 1573 epikeia;
2160 1492 2222 1555 in
2254 1510 2377 1573 quo
2426 1493 2636 1555 tamen
2668 1509 2815 1554 casu

344 1590 622 1654 exterius
649 1590 726 1653 ad
750 1590 1109 1674 disciplinae
1139 1591 1488 1656 custodiam
1535 1592 1956 1676 transgressor
1986 1594 2192 1675 puniri
2223 1594 2471 1675 poterit.

443 1688 618 1762 299.
646 1691 816 1756 Haec
861 1695 957 1757 est
986 1692 1269 1774 quaestio
1301 1694 1715 1771 celeberrima,
1744 1715 1822 1759 an
1854 1695 2078 1759 dentur
2114 1696 2281 1779 leges
2306 1716 2468 1759 mere
2505 1696 2812 1778 poenales·

343 1794 436 1857 Et
457 1798 700 1873 recepta
729 1798 824 1858 est
842 1793 1000 1859 DD.
1034 1796 1363 1874 sententia,
1397 1797 1700 1861 eiusmodi
1722 1797 1890 1881 leges
1914 1796 2050 1861 dari
2080 1816 2279 1880 posse,
2311 1797 2557 1879 quando
2582 1798 2816 1863 scilicet

341 1899 593 1963 constet
615 1898 772 1962 hanc
797 1917 927 1963 esse
956 1899 1335 1982 legislatoris
1368 1899 1776 1964 voluntatem.
1818 1900 1991 1964 Tunc
2026 1900 2149 1986 hae,
2173 1901 2340 1984 leges
2371 1918 2493 1964 non
2533 1901 2815 1984 obligant

331 2021 463 2081 per
492 2002 644 2075 sein
675 2002 1048 2066 conscientia
1098 2002 1174 2067 ad
1219 2002 1507 2067 vitandas
1556 2005 2095 2087 transgressiones
2130 2004 2235 2068 sed
2268 2004 2549 2086 obligant
2597 2004 2813 2085 utique

343 2105 413 2168 in
462 2104 836 2168 conscientia
861 2104 1065 2169 solum
1090 2105 1168 2169 ad
1200 2106 1583 2171 subeundam
1615 2123 1897 2189 poenam.
1938 2105 2080 2170 Dixi
2100 2126 2223 2185 per
2244 2126 2309 2170 se
2328 2127 2348 2168 .·
2374 2107 2520 2188 quia
2546 2107 2600 2171 si
2621 2126 2813 2190 grave

345 2205 600 2271 aliunde
631 2207 717 2271 sit
747 2208 1109 2290 periculum,
1145 2208 1246 2271 cui
1276 2227 1340 2272 se
1371 2209 1715 2274 committit
1744 2209 2075 2291 quispiam,
2102 2210 2237 2292 lege
2261 2209 2544 2273 caritatis
2577 2228 2725 2292 erga
2748 2227 2812 2272 se

345 2309 657 2393 adstringi
703 2311 935 2392 poterit
979 2310 1171 2374 etiam
1215 2311 1280 2374 in
1328 2311 1702 2375 conscientia
1752 2311 1831 2374 ad
1878 2311 2177 2376 eiusmodi
2227 2312 2567 2394 periculum
2618 2311 2814 2375 vitan-

342 2412 533 2476 dum:
574 2412 681 2476 sed
728 2413 876 2477 haec
922 2431 1043 2476 non
1093 2414 1186 2476 est
1233 2413 1535 2497 obligatio
1586 2415 1722 2478 orta
1771 2433 1845 2477 ex
1880 2414 1989 2477 illa
2026 2414 2181 2497 lege.

437 2513 761 2591 Indicium,
795 2533 919 2596 quo
967 2518 1379 2599 cognoscatur
1423 2515 1623 2602 legem
1671 2534 1802 2582 esse
1840 2536 2000 2596 pure
2045 2516 2386 2600 poenalem,
2422 2518 2516 2582 est
2566 2517 2633 2578 1⁰
2677 2517 2813 2600 ipsa

341 2619 548 2684 forma
593 2618 770 2701 logie,
810 2637 969 2699 quae
1017 2636 1278 2700 poenam
1325 2620 1528 2684 solum
1577 2621 1988 2703 praescribat:
2024 2641 2082 2683 v,
2115 2641 2209 2703 gr.
2250 2619 2369 2699 Qui
2417 2620 2534 2685 hoc
2580 2621 2810 2697 fecerit,

341 2723 569 2788 subeat
615 2741 752 2787 eam
798 2742 1092 2805 poenam:
1128 2723 1236 2805 qui
1281 2724 1397 2790 hoc
1444 2724 1577 2789 loco
1626 2725 1894 2808 deponat
1938 2725 2389 2803 immunditias,
2439 2726 2503 2789 in
2550 2745 2812 2809 poenam

340 2845 456 2891 seu
502 2826 806 2891 mulctam
852 2825 1036 2890 cadit.
1088 2827 1156 2889 2⁰
1193 2824 1447 2891 Confert
1491 2827 1569 2891 ad
1615 2828 1775 2892 hauc
1810 2829 2385 2911 interpretationem
2430 2829 2810 2894 consuetudo

340 2930 408 2994 et
445 2928 792 2992 communis
825 2945 1040 2995 sensus
1072 2948 1259 3013 v.-gr.
1284 2929 1358 2994 de
1395 2929 1686 2994 solvendo
1721 2930 2015 3013 vectigali
2047 2949 2156 3012 pro
2190 2931 2403 3006 caseis,
2438 2933 2658 2995 tabaco
2692 2934 2810 2995 etc.

433 3030 731 3113 Exempla
763 3030 974 3113 legum
999 3050 1162 3093 mere
1186 3032 1538 3114 poenalium
1564 3033 1853 3114 proponit
1878 3051 1925 3095 s.
1953 3030 2138 3112 Alph.
2170 3049 2231 3092 n.
2272 3032 2417 3094 145.
2452 3032 2517 3093 in
2550 3034 2810 3095 statutis

341 3133 717 3216 oppidorum
750 3133 1218 3215 prohibentibus
1264 3134 1380 3197 sub
1426 3152 1640 3214 poena,
1675 3153 1749 3195 ne
1781 3132 1920 3212 quis
1952 3132 2125 3213 ligna
2157 3132 2375 3194 caedat
2409 3135 2521 3195 aut
2553 3134 2811 3196 venetur

340 3238 457 3301 aut
501 3235 779 3318 piscetur
826 3236 940 3300 aut
987 3235 1206 3300 herbas
1255 3234 1514 3317 colligat
1560 3254 1668 3298 seu
1714 3234 1778 3297 in
1825 3252 1929 3297 eas
1975 3231 2307 3313 compellat
2353 3251 2605 3314 gregem
2655 3234 2808 3307 etc.;

338 3358 484 3403 cum
519 3338 653 3403 scil.
688 3339 901 3423 agitur
933 3338 1007 3402 de
1053 3338 1229 3403 bonis
1278 3336 1769 3403 communitatis.
1806 3336 1902 3399 Ita
1936 3336 2034 3399 lex
2071 3334 2347 3417 poena-Iis
2382 3334 2523 3409 erit,
2560 3334 2663 3397 ubi
2697 3335 2812 3398 sub

337 3441 580 3504 mulcta
617 3441 1011 3523 praecipitur,
1045 3461 1120 3504 ne
1156 3440 1296 3522 quis
1322 3457 1538 3502 currus
1574 3439 1686 3501 aut
1717 3456 1908 3519 equos
1939 3438 2001 3501 in
2033 3436 2334 3518 quasdam
2370 3438 2502 3501 vias
2532 3436 2807 3502 inducat.

431 3543 598 3607 HInc
630 3542 878 3624 quando
918 3543 1130 3627 agitur
1161 3543 1235 3607 de
1270 3542 1513 3625 legibus
1553 3540 1874 3615 eiusmodi,
1908 3539 2114 3605 deficit
2160 3540 2397 3623 regula,
2432 3559 2622 3622 quam
2668 3558 2811 3604 cum

339 3645 486 3709 aliis
518 3664 569 3709 s.
598 3644 784 3727 Alph.
819 3647 1109 3728 proponit
1139 3666 1201 3710 n.
1241 3646 1409 3719 145„
1444 3644 1518 3707 ut
1554 3643 1788 3708 scilicet
1811 3643 2188 3727 gravitatem
2214 3643 2615 3728 obligationis
2639 3644 2815 3708 desu-

341 3766 596 3813 mamus
644 3765 717 3811 ex
747 3765 978 3829 poenae
1002 3748 1335 3831 gravitate.
1372 3744 1530 3811 Sane
1563 3746 1933 3831 gravissima
1964 3764 2159 3829 poena
2195 3729 2539 3828 imponitur
2569 3747 2667 3823 iis,
2704 3748 2814 3827 qui

335 3849 597 3935 fugiant
645 3869 676 3915 e
724 3869 963 3916 carcere
995 3854 1056 3915 et
1090 3853 1299 3917 tamen
1345 3850 1691 3915 communis
1738 3852 1832 3913 est
1864 3848 2164 3923 doctrina,
2204 3866 2326 3912 non
2368 3868 2614 3928 peccare
2646 3867 2809 3921 eum,

336 3952 453 4035 qui
501 3953 719 4037 fugam
767 3953 1049 4035 arripiat.
1083 3954 1184 4017 Ita
1214 3953 1584 4037 gravissima
1616 3955 1712 4017 est
1742 3971 1939 4035 poena
1970 3950 2202 4033 captivi
2249 3949 2454 4014 bellici
2485 3950 2537 4011 si
2570 3950 2808 4032 fugiat:

335 4074 453 4119 nec
483 4056 700 4119 tamen
738 4074 845 4136 per
883 4074 946 4119 se
994 4057 1240 4120 tenetur
1271 4075 1390 4121 nou
1431 4057 1671 4119 tentare
1704 4054 1939 4138 fugam.

433 4156 955 4222 Salmanticenses
988 4157 1062 4220 de
1100 4158 1255 4239 Lcy.
1289 4177 1422 4241 cap.
1458 4161 1518 4222 2.
1553 4179 1611 4221 n.
1655 4158 1758 4220 53.
1795 4156 2032 4220 addunt
2057 4156 2403 4238 exemplum
2434 4155 2675 4231 militis,
2703 4156 2808 4237 qui

334 4278 556 4324 muros
602 4259 941 4335 custodiat,
981 4259 1082 4324 cui
1129 4279 1323 4343 poena
1370 4261 1591 4325 mortis
1638 4260 1998 4342 imponitur,
2034 4259 2087 4322 si
2121 4259 2322 4324 officio
2348 4258 2525 4324 desit.
2552 4259 2639 4324 At
2670 4280 2812 4324 cum

329 4361 500 4425 mica
549 4361 703 4425 salis
736 4360 795 4423 id
832 4362 927 4425 est
971 4362 1463 4448 intelligendum.
1497 4362 1660 4426 Nam
1694 4364 1968 4445 tempore
1993 4362 2138 4426 belli
2172 4381 2242 4426 ac
2277 4363 2621 4427 communis
2660 4364 2815 4446 peri-

327 4463 465 4529 culi
487 4463 718 4539 nesciO,
757 4481 836 4526 au
868 4464 1006 4544 quis
1039 4482 1436 4529 concessurus
1468 4465 1569 4541 sit,
1605 4466 1806 4549 legem
1837 4464 2217 4529 custodiendi
2255 4483 2465 4529 muros
2496 4485 2627 4531 esse
2662 4485 2812 4548 pure

329 4568 686 4650 poenalem.
