3529 5158
759 315 870 370 332
1293 325 1503 367 TnAc‘r.
1543 325 1632 365 111.
1671 325 1756 365 nn
1793 324 2071 365 nmmos.
2112 323 2310 366 cerm·
2347 327 2387 366 1.
2426 325 2568 367 Dua.
2608 325 2688 366 lv.
3083 312 3230 388 [317]

764 425 1013 486 excuset
1045 441 1082 484 a
1122 421 1323 503 culpa,
1364 418 1679 483 excusabit
1724 435 1969 498 quoque
2002 417 2079 481 ab
2116 417 2493 492 irritatione3
2534 418 2682 498 quia
2728 436 2851 483 non
2897 419 3228 484 exsistente

763 542 972 597 causa,
1027 542 1150 587 non
1196 522 1440 587 exsistit
1485 521 1756 585 effeetus.
1807 518 2033 584 Suarez
2080 520 2121 582 1.
2171 539 2223 584 c.
2263 539 2395 603 cap.
2447 522 2550 583 22.
2601 540 2660 584 n.
2701 521 2763 584 3.
2798 521 2886 585 At
2922 522 2977 585 si
3013 522 3229 604 culpae

765 629 978 689 reatus
1035 624 1427 699 admittatur,
1476 624 1800 707 ignoretur
1847 622 2058 686 autem
2104 641 2300 705 poena
2345 623 2717 687 irritationis
2770 623 2958 704 (quae
3004 623 3229 689 dicitur

769 748 962 812 poena
1004 728 1409 810 exorbitans),
1451 729 1664 790 utrum
1710 725 1983 790 irritatio
2030 725 2158 788 vim
2196 744 2374 789 suam
2410 725 2638 789 habeat
2675 729 2737 789 et
2784 728 2963 790 actus
2994 726 3107 790 fiat
3148 727 3226 790 ir-

762 831 946 904 rituS,
994 830 1369 895 dissentiunt
1407 828 1728 912 Theologi.
1763 826 1941 907 Quod
1972 827 2131 891 forte
2160 828 2389 890 mirum
2428 827 2621 891 videri
2657 828 2933 909 potest*

853 933 1016 997 Nam
1050 935 1103 998 si
1125 933 1399 997 irritatio
1433 934 1527 996 est
1551 949 1767 1014 poena,
1798 930 1926 994 iam
1949 931 2248 1011 quaestio,
2272 950 2357 992 an
2384 930 2747 1010 iynorantia
2777 931 3219 994 imitationis..

762 1036 1069 1114 impediat
1097 1035 1518 1098 irritationem
1548 1037 1744 1106 actus,
1778 1034 2028 1096 utemur
2059 1032 2260 1096 verbis
2292 1033 2487 1114 ipsius
2519 1031 2744 1096 Suarez
2781 1033 2824 1096 1.
2852 1052 2904 1096 c.
2945 1052 3077 1116 cap.
3118 1035 3218 1097 22.

762 1160 821 1202 ιι.
865 1141 947 1214 4.,
973 1138 1207 1218 pendet
1235 1159 1312 1201 ex
1335 1138 1712 1218 quaestione,
1744 1157 1831 1199 an
1861 1137 2227 1217 ion-orantia
2255 1135 2452 1199 solius
2476 1157 2716 1215 poenae
2748 1140 2999 1201 excuset
3026 1137 3218 1212 illam,

762 1242 1012 1303 etiamsi
1044 1244 1263 1304 contra
1296 1239 1488 1320 leyem
1511 1243 1836 1318 peccatu-m
1867 1240 1970 1302 sit.
2005 1240 2086 1301 Et
2115 1239 2245 1322 ipse
2276 1239 2524 1320 quidem
2549 1241 2804 1323 neganti
2835 1241 3109 1322 opinioni
3139 1242 3221 1305 sic

763 1343 918 1406 ibid.
955 1343 1274 1408 adhaeret:
1339 1343 1422 1406 In
1459 1363 1582 1423 qua
1618 1342 2036 1424 (quaestione)
2070 1345 2321 1420 partem
2370 1346 2697 1423 neyantem
2748 1344 3051 1406 veriorem
3096 1363 3220 1407 3333

761 1446 1138 1509 censuimus.
1173 1444 1470 1524 Quocirca
1495 1444 1698 1525 quoad
1725 1443 2048 1525 specialem
2075 1443 2501 1524 quaestionem
2525 1442 2597 1507 de
2631 1443 3006 1508 irritationis
3031 1464 3219 1527 poena

762 1547 852 1610 sic
900 1547 1144 1630 arguit:
1197 1544 1374 1611 Unde
1404 1548 1844 1625 consequenter
1890 1546 1958 1607 in
1983 1545 2311 1624 praesenti
2341 1543 2668 1608 dicendum
2691 1550 2803 1620 est,
2835 1546 3087 1627 qnando
3125 1545 3222 1610 lex

763 1647 1041 1711 humana
1074 1646 1370 1728 prohibet
1410 1650 1618 1710 actum
1661 1646 1945 1710 addendo
1983 1648 2404 1710 irritationem
2436 1667 2560 1726 per
2602 1646 2851 1710 niodum
2874 1668 3137 1728 poenae,
3166 1650 3222 1712 si

760 1749 866 1814 lex
895 1772 1020 1814 non
1051 1753 1384 1832 iqnoratur
1399 1754 1472 1813 ut
1477 1748 1842 1829 prohibens,
1863 1748 2343 1830 lieetiynoretur
2365 1753 2439 1811 ut
2466 1751 2755 1823 irritans,
2779 1755 2989 1813 actum
3009 1756 3220 1815 eontra

762 1854 963 1935 leyem
1006 1854 1242 1932 factum
1286 1873 1415 1917 esse
1461 1853 1750 1928 irritatus
1782 1853 1933 1932 quia
1967 1851 2114 1915 talis
2150 1853 2518 1933 ignorantia
2562 1872 2689 1916 non
2734 1858 2995 1918 excusat
3013 1874 3220 1934 peeca-

766 1962 894 2019 tum
925 1960 1143 2019 contra
1175 1955 1367 2036 leyem
1398 1959 1460 2017 et
1486 1958 1926 2035 consequenter
1957 1974 2066 2017 nee
2096 1957 2355 2018 catcasat
2368 1975 2658 2034 poenam,
2692 1954 2838 2019 lieet
2865 1957 3216 2038 iynoretum

763 2079 911 2140 erqo
959 2078 1152 2139 neque
1184 2061 1443 2122 excusat
1474 2059 1914 2120 irritationem.
1949 2057 2050 2121 Ita
2087 2058 2334 2138 quidem
2367 2056 2611 2122 Suarez.

853 2163 939 2224 At
963 2179 1106 2225 vero
1133 2160 1478 2225 solidumne
1495 2162 1590 2224 est
1620 2160 1736 2224 hoc
1770 2159 2281 2224 fundamentum?
2318 2159 2482 2223 Nam
2519 2159 2787 2225 Sanchez
2820 2160 2895 2225 de
2926 2161 3211 2226 stlat-rim.

763 2266 871 2329 lib.
900 2267 959 2328 9.
1001 2264 1155 2347 disp.
1191 2265 1296 2327 32.
1336 2283 1395 2327 n.
1435 2264 1538 2328 17.
1563 2261 1769 2344 quoad
1799 2263 2082 2346 generale
2120 2263 2276 2326 illud
2307 2263 2695 2346 principium,
2715 2266 2900 2347 putat
2924 2267 3214 2329 veriorem

767 2368 1140 2433 sententiam
1173 2367 1541 2449 oppositam.
1577 2364 1676 2429 Sic
1705 2365 1839 2429 ille:
1886 2364 2107 2428 Verius
2132 2369 2336 2428 tamen
2356 2386 2485 2429 esse
2508 2365 2708 2439 eredo,
2734 2366 3066 2431 universas
3111 2367 3217 2431 lias

753 2490 993 2551 poenas
1031 2490 1157 2532 non
1187 2469 1452 2540 incurri,
1485 2467 1594 2530 ubi
1629 2467 1809 2530 adest
1830 2465 2163 2545 praedicta
2193 2469 2356 2531 iuris
2380 2468 2538 2548 (scil.
2558 2468 2899 2552 punientis)
2920 2470 3215 2551 iynoran-

765 2575 872 2638 tia.
914 2571 1116 2652 Quare
1148 2573 1210 2635 et
1246 2569 1450 2651 quoad
1494 2569 1911 2633 irritationem
1958 2570 2087 2652 ipse
2133 2570 2196 2634 in
2243 2571 2625 2635 contrarium
2671 2572 2758 2636 sic
2803 2571 2953 2637 ibid.
3005 2594 3065 2637 n.
3120 2574 3211 2637 18.

760 2677 1105 2742 concludit:
1140 2673 1326 2737 Adde
1362 2672 1860 2736 annullationem
1889 2678 2085 2747 actus,
2112 2674 2360 2755 quando
2397 2695 2525 2738 non
2548 2679 2642 2739 est
2675 2696 2752 2739 esc
2781 2675 3214 2742 sollemnitatis

765 2777 1021 2855 defectu,
1053 2775 1168 2839 sed
1209 2777 1278 2837 in
1325 2773 1745 2854 delinquentis
1770 2795 2039 2854 poenam
2084 2797 2209 2839 non
2256 2778 2504 2840 incurri
2545 2798 2588 2841 a
2633 2777 2791 2860 leyis·
2836 2780 3106 2860 iynaraesss,
3151 2783 3216 2842 ut

762 2881 911 2944 bene
946 2879 1218 2942 advertit
1238 2877 1562 2941 Antonius
1592 2898 1623 2941 e
1655 2877 1891 2941 Butrio
1915 2879 1978 2943 in
2003 2898 2052 2942 e.
2075 2882 2135 2943 2.
2170 2879 2243 2942 de
2269 2880 2530 2944 Constit.
2557 2902 2616 2945 n.
2641 2883 2742 2945 19.
2761 2880 2940 2961 Quod
2973 2883 3207 2964 quidem

760 2982 972 3048 referri
1011 2981 1088 3045 ad
1119 2981 1532 3045 irritationem
1564 2999 1810 3062 quoque
1841 2983 2242 3056 matrimonii,
2270 2984 2445 3064 patet
2468 3002 2538 3047 ex
2562 2984 2637 3048 iis
2669 3003 2828 3066 quae
2853 2985 3005 3050 alibi
3035 2986 3210 3049 habet

763 3086 870 3149 lib.
916 3085 972 3147 7.
1008 3084 1163 3166 disp.
1201 3085 1261 3146 5.
1303 3102 1361 3146 ιι.
1401 3083 1457 3145 7.
1492 3082 1714 3160 dicenS,
1749 3083 2219 3147 matrimonium
2265 3084 2427 3148 inter
2472 3087 2774 3167 quosdam
2819 3088 3105 3153 interdici
3150 3088 3210 3149 in

762 3188 974 3252 delicti
1003 3187 1269 3251 adm-issi
1301 3206 1589 3265 poenam.

847 3292 1079 3357 Exinde
1131 3291 1464 3373 intelligeS,
1499 3308 1608 3353 cur
1640 3291 1962 3372 supposito
1994 3290 2103 3355 illo
2159 3290 2385 3355 Suarez
2433 3293 2751 3375 principie,
2790 3294 2958 3375 quod
2990 3294 3209 3358 Palaus

765 3397 990 3461 merito
1025 3393 1293 3457 addebat
1322 3411 1451 3455 esse
1488 3393 1558 3455 in
1603 3394 1879 3455 omnium
1923 3394 2249 3469 sententia,
2290 3395 2586 3459 nimirum
2636 3396 3109 3461 matrimonium
3152 3396 3207 3458 in

763 3516 915 3561 casu
969 3495 1209 3558 irritari
1262 3494 1326 3556 in
1380 3512 1641 3576 poenam
1689 3494 1981 3571 criminiS,
2042 3494 2320 3560 Leander
2366 3516 2402 3560 a
2448 3496 2688 3561 Murcia
2735 3497 2891 3580 disp.
2930 3499 2997 3563 in
3049 3501 3103 3563 1.
3152 3499 3205 3560 2.

759 3620 809 3663 e.
846 3600 1065 3663 Thom.
1105 3598 1212 3660 lib.
1250 3598 1309 3660 2.
1345 3597 1499 3680 disp.
1527 3599 1612 3673 4.,
1646 3597 2033 3673 concluserit,
2054 3618 2179 3677 pro
2210 3597 2325 3661 hoc
2355 3601 2667 3663 sententia
2703 3600 2948 3683 (nempe
2986 3622 3107 3668 non
3130 3602 3211 3665 in-

767 3701 933 3764 curri
969 3699 1342 3764 irritationis
1373 3699 1756 3763 matrimonii
1789 3703 2079 3783 poenam)
2109 3705 2277 3764 stare
2315 3721 2543 3776 omnes,
2576 3704 2687 3783 qui
2720 3709 3037 3779 asserunt,
3069 3707 3213 3767 ἐννε-

766 3802 1174 3886 yularitatem
1209 3804 1270 3866 et
1297 3802 1464 3865 alias
1482 3821 1741 3881 poemat,
1763 3822 1886 3881 per
1918 3801 2081 3883 leyes
2114 3803 2561 3868 ecclesiasticas
2592 3807 2934 3885 impositas,
2968 3828 3095 3873 non
3126 3808 3209 3869 in-

758 3907 938 3969 curri
982 3905 1062 3968 ab
1111 3924 1199 3979 e0,
1248 3906 1359 3986 qui
1392 3903 1538 3967 illas
1569 3905 1841 3985 iynorat,
1874 3906 2059 3968 etia-m
2091 3908 2455 3987 immi-antia
2502 3908 2845 3974 vincibili...
2895 3908 3210 3974 dummodo

761 4029 888 4073 non
917 4011 1007 4071 sit
1034 4028 1250 4071 crassa
1287 4011 1348 4070 et
1376 4008 1623 4086 supina.

846 4108 1003 4182 317.
1047 4112 1239 4176 Porro
1272 4110 1437 4192 quod
1483 4111 1789 4175 sententia
1820 4111 1962 4186 ista,
1997 4131 2156 4193 quae
2194 4113 2270 4176 ad
2316 4114 2711 4178 incurrendas
2757 4134 2987 4197 poenas
3026 4116 3208 4201 exigit

755 4215 1083 4278 scientiam
1129 4214 1284 4278 iuris
1319 4231 1441 4276 non
1488 4213 1693 4276 solum
1727 4212 2139 4291 prohibenti&
2174 4216 2279 4279 sed
2325 4217 2518 4280 etiam
2542 4218 2891 4295 punientis,
2931 4219 3209 4302 plurimis

759 4317 1080 4399 placuerit,
1129 4336 1200 4381 ex
1247 4315 1382 4379 DD.
1433 4334 1467 4378 a
1516 4313 1783 4378 Sanchez
1830 4316 1871 4379 l.
1922 4337 1972 4379 c.
2022 4336 2080 4380 ιι.
2138 4318 2237 4380 17.
2288 4318 2576 4401 allegatis
2633 4318 2860 4383 discere
2924 4321 3209 4386 facillime

753 4419 920 4482 licet.
971 4420 1049 4482 Et
1099 4418 1342 4483 omissis
1389 4416 1718 4493 moderniS,
1768 4418 1875 4499 qui
1913 4418 2206 4495 fatentur,
2256 4420 2413 4483 hanc
2458 4439 2591 4485 esse
2644 4423 3020 4487 sententiam
3062 4444 3211 4488 eom-

754 4542 1019 4595 m-unem,
1049 4522 1109 4584 in
1136 4538 1421 4603 praesens
1445 4520 1724 4583 sufficere
1747 4520 1905 4583 illud
1931 4524 2154 4603 potest,
2181 4520 2345 4603 quod
2371 4522 2918 4607 Schmalzgrueber
2941 4525 3005 4588 in
3030 4526 3133 4589 lib.
3150 4526 3206 4588 5.
