3529 5158
716 374 783 428 12
1159 388 1371 429 macr.
1411 389 1449 429 1.
1488 389 1573 428 nn
1610 385 1865 429 Ac‘rmus
1902 386 2196 431 nunsula.
2235 386 2434 429 capu-r
2470 388 2534 427 11.
2574 374 2625 443 ξ.
2669 374 2719 427 1.
3063 372 3171 448 [13]

715 487 793 550 ad
839 486 1043 561 finem,
1078 486 1312 551 moveri
1360 487 1423 549 in
1468 485 1653 549 finem
1699 486 1763 548 et
1807 501 1930 547 non
1977 482 2211 547 moveri
2242 508 2303 546 ».
2330 483 2493 567 Ergo
2541 484 2787 548 nomine
2833 484 3173 549 voluntarii

716 588 850 652 heic
883 589 1051 652 venit
1097 588 1392 652 liberum:
1428 587 1588 669 quod
1641 584 2062 650 adnotandum
2095 586 2188 649 est
2234 604 2343 667 pro
2389 584 2485 662 iis,
2519 604 2679 666 quae
2723 603 2868 649 mox
2899 585 3170 651 dicemus

712 690 786 753 de
834 690 1034 772 prima
1082 689 1421 754 voluntarii
1467 689 1820 771 partitione.

804 788 904 861 13.
941 793 1081 856 Duo
1130 810 1276 875 ergo
1325 792 1473 855 sunt
1520 790 1859 855 voluntarii
1904 789 2304 865 conditioneS,
2345 791 2413 852 1⁸
2442 791 2515 852 ut
2561 790 2647 854 sit
2676 808 2713 854 a
2746 790 3045 873 principio
3076 789 3171 854 in-

712 893 976 957 trinseco
1025 894 1260 957 scilicet
1293 913 1329 957 a
1362 893 1705 967 voluntate,
1732 911 1891 973 quae
1920 891 1985 956 in
2019 892 2328 957 obiectum
2360 891 2637 956 affective
2671 910 2742 956 ac
2772 892 3172 975 propensione

712 1012 824 1059 sua
873 995 1126 1059 feratur.
1177 994 1511 1059 Peccatum
1571 1013 1718 1078 ergo
1769 1014 1804 1057 a
1851 994 1980 1058 Deo
2030 994 2396 1076 permissum
2441 1012 2563 1058 non
2620 995 2827 1075 potest
2871 994 2994 1058 dici
3039 995 3169 1060 Deo

711 1097 1177 1171 voluntariumz
1228 1097 1373 1178 quia
1421 1099 1589 1161 Deus
1636 1096 1859 1162 affectu
1906 1116 2027 1160 non
2075 1097 2269 1161 fertur
2313 1098 2377 1160 in
2424 1099 2748 1179 peccatum
2793 1098 2856 1161 et
2900 1096 3171 1179 idipsum

712 1198 1037 1262 dicendum
1067 1201 1162 1262 est
1208 1199 1281 1263 de
1313 1200 1532 1280 quavis
1563 1199 1713 1263 mali
1761 1200 2179 1281 permissione,
2215 1220 2271 1263 v.
2306 1220 2397 1284 gr.
2431 1199 2581 1264 dum
2628 1200 2767 1281 quis
2805 1218 3169 1284 oppugnans

711 1301 926 1364 urbem
971 1299 1175 1376 infert,
1211 1302 1452 1382 praeter
1496 1300 1922 1377 intentionem,
1958 1302 2252 1365 damnum
2300 1302 2486 1365 alicui
2530 1302 2861 1378 innocenti,
2898 1301 2975 1366 ad
3006 1301 3169 1383 quod

711 1422 833 1466 non
883 1402 1179 1479 affective,
1228 1402 1330 1466 sed
1395 1402 1751 1485 permissive
1799 1424 1862 1468 se
1907 1404 2113 1467 habet.
2166 1406 2237 1467 2³
2283 1404 2371 1469 Ut
2417 1406 2626 1468 motus
2674 1405 2758 1469 sit
2801 1423 2874 1469 ex
2921 1404 3170 1486 praevia

712 1505 922 1585 aliqua
954 1503 1306 1587 cognitione
1345 1504 1754 1569 intellectuali
1802 1524 1910 1568 seu
1956 1506 2266 1569 rationali.
2303 1506 2384 1569 Et
2413 1505 2662 1587 quidem
2707 1505 3032 1570 moralitas
3064 1522 3172 1569 seu

709 1606 1170 1688 imputabilitas
1217 1608 1472 1670 eatenus
1520 1607 1722 1670 solum
1771 1626 1900 1671 sese
1947 1607 2237 1682 extendit,
2288 1610 2595 1689 quatenus
2641 1607 3032 1691 protenditur
3078 1626 3172 1672 co-

710 1708 909 1792 gnitio
943 1710 1129 1789 (quae
1177 1707 1341 1771 adsit
1386 1709 1484 1771 vel
1531 1708 1740 1772 adesse
1788 1708 2093 1792 debuerit)
2133 1709 2406 1792 partium
2455 1712 2517 1774 et
2563 1701 3170 1774 circumstantiarum

710 1810 881 1873 illius
914 1814 1110 1886 actuS,
1140 1811 1231 1873 ita
1262 1813 1336 1874 ut
1366 1830 1488 1875 non
1520 1811 1852 1893 deputetur
1884 1812 2100 1893 culpae
2132 1812 2430 1893 quidquid
2460 1812 2523 1876 in
2558 1815 2701 1876 actu
2733 1812 3172 1876 invincibiliter

702 1912 1053 1993 ignoratur.
1089 1912 1252 1995 Ergo
1286 1912 1338 1975 si
1370 1912 1589 1976 fureris
1618 1932 1768 1988 rem,
1795 1931 1983 1993 quam
2015 1914 2452 1978 invincibiliter
2481 1914 2731 1997 ignoras
2754 1932 2885 1978 esse
2909 1931 3166 1989 sacram,

710 2012 951 2075 furtum
998 2013 1358 2086 committis,
1411 2032 1531 2077 non
1581 2014 1993 2097 sacrilegium.
2043 2016 2125 2079 Et
2171 2016 2258 2079 sic
2302 2016 2706 2099 intelligenda
2751 2019 2847 2081 est
2892 2014 3169 2080 definitio

712 2114 1050 2178 voluntarii
1096 2134 1167 2177 ex
1214 2114 1551 2178 Aristotele
1597 2116 1880 2197 superius
1928 2117 2150 2181 allata:
2193 2142 2228 2173 «
2260 2118 2487 2183 sciente
2534 2119 2800 2203 singula,
2833 2118 2898 2182 in
2944 2118 3169 2199 quibus

709 2221 803 2281 est
852 2217 1014 2280 actio
1050 2241 1111 2289 »‚
1147 2215 1277 2280 sive
1324 2219 1397 2280 ut
1442 2218 1631 2281 habet
1677 2238 1724 2281 s.
1760 2218 2031 2283 Thomas
2077 2219 2140 2282 in
2188 2220 2458 2284 eiusdem
2504 2221 2625 2284 loci
2679 2219 3166 2285 commentario:

715 2344 751 2376 «
782 2323 853 2383 ut
886 2319 1045 2383 sciat
1077 2318 1356 2402 singulas
1389 2319 1907 2397 circumstantias,
1941 2340 2101 2401 quae
2132 2324 2503 2385 concurrunt
2542 2321 2618 2385 ad
2652 2322 3072 2403 operationem
3103 2348 3164 2386 ».

708 2420 942 2503 Nempe
989 2421 1418 2486 voluntarium
1463 2424 1718 2486 eatenus
1767 2441 1896 2487 sese
1942 2422 2223 2507 porrigit,
2258 2426 2564 2505 quatenus
2612 2424 2760 2487 haec
2806 2423 3064 2487 scientia
3105 2443 3169 2488 se

707 2523 981 2588 extendit
1012 2526 1075 2588 et
1123 2524 1302 2604 siqua
1350 2542 1491 2606 pars
1525 2527 1701 2589 actus
1748 2526 2043 2607 praeterit
2077 2526 2285 2591 oculos
2334 2525 2593 2610 agentis,
2630 2543 2701 2590 ea
2747 2524 2825 2589 ad
2866 2524 3170 2592 rationem

710 2630 886 2690 actus
933 2626 1124 2700 illius,
1161 2645 1283 2706 qua
1331 2627 1720 2691 voluntarius
1768 2631 1880 2697 est,
1914 2647 2035 2692 non
2083 2629 2365 2709 pertinet.

799 2723 902 2795 14.
952 2726 1391 2790 Voluntarium
1421 2727 1832 2812 distinguitur
1863 2748 1899 2792 a
1929 2729 2135 2793 volito.
2169 2730 2490 2795 Obiectum
2521 2730 2788 2795 volitum
2822 2730 3172 2812 appellatur

706 2830 925 2910 utique
957 2830 1398 2905 voluntarium,
1433 2831 1534 2895 sed
1570 2831 2044 2908 denominative,
2078 2833 2428 2898 extrinsece.
2473 2832 2741 2897 Velitum
2774 2833 3015 2915 proprie
3046 2852 3169 2897 non

706 2931 940 2995 dicitur
970 2931 1044 2995 de
1079 2934 1221 2995 actu
1271 2932 1534 3007 volendi,
1570 2934 1674 2997 sed
1721 2936 1815 2998 est
1845 2933 1928 3010 id,
1962 2934 2025 2996 in
2072 2936 2237 3015 quod
2268 2937 2560 3000 voluntas
2606 2955 2712 3018 per
2743 2937 2952 3000 actum
2984 2952 3170 3000 suum

706 3033 925 3110 tendit,
975 3034 1149 3097 velut
1195 3035 1258 3097 in
1308 3035 1634 3110 obiectum,
1670 3035 1854 3116 quod,
1888 3037 2006 3100 etsi
2052 3037 2163 3101 illa
2211 3038 2307 3101 vel
2351 3037 2617 3102 maxime
2663 3036 2816 3102 velit
2863 3039 2925 3101 et
2956 3037 3170 3119 cupiat

707 3139 780 3200 ut
827 3135 929 3211 sit,
959 3138 1167 3200 tamen
1216 3155 1336 3200 non
1384 3139 1478 3201 est
1509 3137 1651 3216 (aut
1697 3139 1859 3202 certe
1891 3138 2023 3202 fieri
2069 3141 2275 3220 potest
2322 3142 2394 3202 ut
2440 3157 2562 3202 non
2608 3139 2719 3220 sit)
2753 3158 2789 3201 a
2823 3138 3166 3216 voluntate,

706 3239 798 3303 ita⁴
846 3241 920 3301 ut
968 3239 1044 3302 ab
1091 3258 1164 3303 ea
1211 3242 1512 3319 tanquam
1558 3239 1810 3304 effectus
1859 3260 1894 3303 a
1942 3259 2055 3304 sua
2100 3260 2305 3316 causa,
2332 3240 2599 3305 mediate
2646 3241 2743 3305 vel
2788 3239 3165 3317 immediate,

709 3341 1019 3422 procedat.
1048 3339 1148 3404 Sic
1173 3361 1230 3405 v.
1258 3362 1351 3424 gr.
1380 3341 1565 3405 Petro
1599 3343 1844 3424 optanti
1876 3347 2139 3408 mortem
2172 3342 2406 3406 inimici
2437 3343 2536 3407 sui
2564 3362 2732 3408 mors
2753 3343 2888 3406 eius
2919 3341 3168 3424 quidem

704 3443 823 3505 erit
872 3442 1069 3506 volita
1116 3443 1293 3522 eique
1339 3445 1540 3525 grata,
1597 3464 1718 3508 non
1769 3448 1976 3510 tamen
2025 3445 2398 3520 voluntaria,
2434 3445 2554 3510 nisi
2600 3446 2809 3527 aliquo
2855 3444 3040 3512 modo
3089 3445 3168 3510 ad

704 3563 841 3608 eam
873 3544 1254 3607 inferendam
1302 3548 1646 3609 concurrat.
1672 3547 1787 3611 Est
1832 3551 2041 3612 tamen
2072 3549 2258 3612 Petro
2305 3548 2729 3613 voluntarium
2778 3566 3040 3630 pravum
3071 3547 3169 3612 de-

704 3646 996 3709 siderium
1043 3647 1142 3709 vel
1187 3666 1448 3728 pravum
1494 3648 1794 3730 gaudium
1827 3649 1899 3712 de
1947 3650 2219 3714 eiusdem
2265 3653 2497 3726 morte;
2531 3651 2683 3716 haec
2727 3651 2889 3716 enim
2923 3651 3001 3714 ab
3034 3650 3175 3730 eius,

708 3748 1032 3812 voluntate
1079 3748 1432 3830 procedunt.

793 3849 1013 3912 Differt
1066 3849 1489 3912 voluntarizmc
1538 3873 1571 3915 3
1630 3857 1988 3931 spontaneo,
2053 3855 2200 3918 licet
2255 3855 2419 3936 apud
2473 3854 2800 3936 scriptores
2854 3854 3168 3921 interdum

706 3953 1117 4033 spontaneum
1148 3971 1256 4033 pro
1304 3953 1658 4019 voluntario
1691 3959 2025 4038 usurpetur
2056 3959 2118 4021 et
2165 3957 2436 4020 vicissim
2467 3955 2894 4021 voluntarium
2923 3955 3170 4024 dicatur

705 4054 897 4118 etiam
927 4053 999 4117 de
1032 4054 1251 4130 brutis,
1287 4056 1511 4136 quibus
1560 4059 1881 4122 convenire
1928 4077 2048 4122 non
2097 4060 2304 4140 potest
2348 4059 2466 4123 nisi
2512 4077 2695 4124 sensu
2741 4058 3014 4140 quodam
3060 4060 3172 4125 im-

702 4155 959 4219 minute.

792 4258 1133 4324 Discrimen
1167 4258 1231 4321 in
1263 4278 1333 4323 eo
1367 4262 1479 4334 est,
1514 4261 1679 4341 quod
1727 4262 1805 4326 ad
1836 4262 2261 4327 voluntarium
2305 4263 2643 4344 requiritur
2673 4261 2949 4346 cognitio
2980 4264 3170 4329 ratio-

700 4361 879 4432 nalis,
933 4361 1061 4426 sive
1122 4380 1273 4425 usus
1319 4362 1622 4425 rationis:
1673 4363 1747 4427 ad
1798 4366 2207 4446 spontaneum
2263 4365 2494 4429 sufficit
2541 4364 2814 4448 cognitio
2861 4364 3166 4445 quaedam

700 4464 1027 4539 sensibilis,
1063 4464 1265 4544 qualis
1300 4467 1362 4528 et
1394 4465 1593 4528 brutis
1639 4466 1956 4549 competit.
1993 4466 2092 4532 Sic
2124 4468 2234 4533 bos
2264 4471 2484 4551 sponte
2513 4469 2707 4532 currit
2738 4468 2816 4532 ad
2855 4486 3165 4551 praesepe,

701 4568 865 4649 quod
914 4565 1267 4649 cognitione
1315 4566 1584 4647 quadam
1632 4568 1906 4634 sensibili
1953 4571 2370 4653 apprehendit.
2415 4572 2551 4636 Hac
2596 4570 2810 4636 eadem
2856 4570 2929 4634 de
2977 4589 3167 4637 causa

701 4667 1053 4733 voluntaria
1086 4685 1280 4748 neque
1327 4671 1474 4732 sunt
1507 4689 1699 4752 neque
1747 4671 2038 4736 dicuntur
2084 4692 2174 4751 ea,
2209 4692 2367 4755 quae
2414 4673 2574 4737 flunt
2604 4693 2710 4756 per
2741 4690 3030 4736 somnum
3065 4674 3165 4739 vel
