3529 5158
331 388 436 464 [81]
976 384 981 389 ’
1141 403 1227 444 ω]
1265 403 1661 444 momm‘m‘m
1697 403 1849 452 an
1890 405 1983 447 srr
2723 389 2792 445 ’Π

323 503 578 562 anathema
619 498 682 553 sit
708 519 758 552 »ι
786 506 888 552 tum
923 497 972 552 in
1010 498 1319 552 damnatione
1351 497 1525 553 tertiae
1564 499 1915 568 propositionis
1949 501 2292 556 iansenianae:
2353 523 2377 550 α
2402 503 2475 556 Ad
2515 502 2793 556 merendum

339 587 416 639 vel
441 586 794 639 demerendum
823 582 872 637 in
901 589 1032 637 statu
1057 590 1260 638 naturae
1288 584 1453 650 lapsae
1480 598 1577 638 non
1602 584 1871 651 requiritur
1898 586 1947 639 in
1975 586 2171 641 homine
2199 586 2403 642 libertas
2439 602 2466 640 a
2495 585 2801 649 necessitate,

340 671 425 724 sed
462 669 646 724 suflicit
683 668 884 724 libertas
921 684 949 722 a
987 667 1241 723 coactione
1266 689 1317 719 ι.
1811 692 1820 701 ·

520 754 574 806 4⁰
602 752 823 819 Denique
861 752 1136 806 libertatem
1168 751 1342 807 Adami
1380 753 1624 819 peccantis
1662 769 1758 808 non
1796 759 2038 823 sufficere,
2083 764 2137 810 ut
2176 755 2391 809 hominis
2430 755 2553 823 lapsi
2584 755 2800 808 actiones

335 842 547 895 morales
575 856 629 895 ac
656 838 999 894 demeritoriae
1036 841 1260 903 evadant,
1287 839 1539 894 delinitum
1569 840 1656 894 ruit
1688 841 1735 894 in
1776 842 2135 910 proscriptione
2161 843 2309 897 huius
2343 843 2496 897 thesis
2526 842 2790 898 Christiani

333 924 455 992 Lupi
496 925 610 991 (est.
641 927 699 977 ⁴⁸
723 938 784 977 ex
812 926 897 977 3¹.
923 926 984 976 ab
1011 925 1152 977 Alex.
1180 925 1305 978 Vlll.
1348 923 1637 992 damnatis):
1686 947 1710 975 ι
1737 929 1785 981 ln
1824 934 1953 981 statu
1994 933 2196 981 naturae
2238 931 2403 995 lapsae
2445 930 2503 981 ad
2543 934 2796 993 peccatum

323 1011 537 1070 formale
562 1014 613 1062 et
638 1008 930 1062 demeritum
952 1007 1135 1063 sumcit
1164 1007 1246 1063 illa
1274 1008 1493 1073 libertas,
1522 1024 1614 1075 qua
1646 1009 1967 1065 voluntarium
1996 1026 2051 1065 ae
2080 1011 2288 1066 liberum
2320 1011 2410 1066 ruit
2435 1012 2483 1066 in
2514 1027 2601 1066 sna
2633 1026 2800 1076 causa,

331 1100 533 1160 peccato
570 1091 794 1156 originali
830 1098 880 1145 et
915 1092 1143 1146 libertate
1179 1093 1352 1147 Adami
1391 1093 1638 1161 peccantis
1676 1116 1727 1149 ι.

439 1178 621 1231 XLlX.
646 1178 880 1234 Ceterum
916 1176 1115 1232 interest
1152 1176 1320 1244 utique
1359 1185 1408 1232 et
1449 1178 1660 1233 maxime
1695 1179 1917 1243 interest,
1957 1186 2154 1248 praesto
2192 1195 2303 1235 esse
2339 1181 2579 1245 subsidia,
2621 1180 2799 1246 quihus

332 1263 603 1317 diiudicare
623 1263 781 1326 liceat,
803 1277 916 1317 num
938 1270 988 1317 et
1005 1278 1258 1330 quousque
1278 1270 1415 1318 actus
1433 1263 1624 1318 censeri
1646 1264 1789 1319 liberi
1811 1267 2039 1319 debeant.
2061 1267 2158 1319 Pro
2181 1264 2424 1319 libertatis
2443 1264 2569 1319 enini
2595 1266 2796 1318 modulo

341 1346 558 1401 formalis
595 1355 792 1401 actuum
831 1346 1083 1401 moralitas
1112 1346 1410 1401 aestimanda
1450 1355 1541 1402 est.

436 1435 620 1485 Verum
659 1430 736 1485 his
772 1438 1086 1499 prospectum
1122 1431 1219 1484 iam
1256 1431 1374 1485 satis
1412 1439 1487 1486 est
1522 1431 1570 1485 in
1610 1432 2029 1499 praecedentibus,
2057 1433 2139 1488 uhi
2178 1433 2363 1500 egimus
2401 1435 2461 1488 de
2510 1433 2789 1488 voluntario

331 1518 488 1583 deque
510 1516 590 1579 iis,
614 1529 739 1582 quae
767 1515 1096 1571 voluntarium
1120 1522 1207 1569 aut
1231 1518 1406 1570 tollunt
1425 1524 1510 1571 aut
1535 1517 1775 1572 minuunt.
1801 1521 1899 1573 Aut
1922 1518 2049 1572 enim
2076 1518 2240 1585 ungis,
2272 1526 2412 1574 actus
2438 1533 2500 1572 ex
2528 1518 2794 1573 voluntarii

330 1603 520 1655 delectu
560 1615 657 1654 non
682 1615 793 1655 esse
829 1602 1149 1666 undequaque
1187 1605 1429 1667 perlectos
1466 1606 1515 1656 et
1552 1602 1623 1656 sic
1657 1611 1891 1668 qnantum
1918 1619 1945 1656 a
1972 1604 2238 1657 voluntarii
2276 1605 2558 1658 tantundem
2597 1618 2622 1655 a
2652 1602 2795 1657 liberi

332 1684 523 1739 ratione
548 1691 689 1738 actus
709 1683 950 1745 delicIent.
976 1686 1074 1738 Aut
1101 1684 1402 1753 praestituis,
1428 1692 1570 1739 actus
1599 1702 1624 1739 a
1651 1691 1864 1753 perlecta
1887 1687 2153 1742 voluntarii
2178 1687 2366 1741 ratione
2393 1687 2512 1741 nihil
2540 1686 2794 1741 discedere

334 1784 421 1822 nec
446 1767 774 1833 cognitionem
798 1768 983 1822 scilicet
1023 1783 1111 1823 nec
1149 1768 1416 1823 voluntatis
1454 1769 1819 1824 inclinationem
1848 1770 1898 1823 in
1926 1778 2097 1834 agente
2127 1773 2299 1824 deesse
2326 1778 2374 1824 et
2414 1770 2484 1823 sic
2526 1774 2702 1823 trustra
2745 1770 2795 1822 in

333 1852 530 1906 homine
554 1852 766 1908 viatore
788 1867 998 1920 quaeres
1036 1860 1173 1907 actus
1211 1868 1306 1907 non
1347 1854 1544 1908 liberos.
1572 1853 1756 1908 Contra
1783 1855 1908 1908 enim
1936 1855 2097 1908 inania
2143 1855 2445 1922 quorundam
2484 1855 2794 1922 philosophe·

333 1943 476 2000 mata,
500 1937 583 2003 qui
620 1937 902 1991 innumeros
940 1937 1034 1991 sihi
1072 1940 1351 2001 confingunt
1391 1939 1656 1992 voluntatis
1696 1943 1937 1993 humanae
1980 1946 2116 1993 actus
2142 1953 2239 1993 non
2271 1938 2425 1992 libere
2461 1939 2668 2001 elicitos,
2700 1941 2785 1991 sed

330 2022 620 2076 necessitate
643 2024 1003 2087 quodammodo
1028 2035 1304 2089 expressos,
1330 2025 1639 2076 statuendum
1677 2030 1768 2086 est,
1809 2023 1996 2077 homini
2033 2025 2192 2078 adhuc
2232 2022 2428 2084 viatori,
2470 2022 2552 2076 uhi
2591 2037 2792 2089 compos

329 2106 405 2161 sni
441 2121 737 2173 suarumque
762 2107 1042 2161 facultatum
1079 2106 1160 2173 sit,
1187 2107 1486 2160 voluntatem
1524 2107 1572 2160 in
1599 2107 1844 2171 omnihus,
1872 2123 1997 2173 quae
2024 2111 2115 2161 sub
2143 2107 2428 2162 electionem
2481 2109 2662 2161 cadunt
2703 2121 2788 2160 seu

328 2207 452 2259 qnae
488 2191 540 2245 in
574 2194 721 2246 linem
758 2191 980 2246 ultimum
1017 2191 1316 2255 ordinantur,
1341 2192 1547 2246 liheranl
1574 2206 1782 2254 manere,
1819 2212 1843 2240 ι
1867 2193 1917 2245 in
1943 2197 2035 2246 hoc
2062 2195 2195 2256 solo,
2227 2200 2277 2245 ut
2303 2191 2461 2258 inquit
2503 2206 2542 2245 s,
2575 2194 2796 2246 Thomas

330 2280 376 2330 2.
405 2276 519 2330 dist.
548 2276 634 2329 25.
663 2292 709 2341 q.
740 2278 781 2329 l.
808 2283 898 2330 art.
921 2278 991 2341 2.,
1014 2275 1466 2330 determinationem
1493 2278 1768 2340 habentem,
1800 2279 1931 2341 quod
1968 2277 2248 2331 felicitatem
2281 2276 2568 2330 naturaliter
2603 2276 2795 2344 appetit

329 2370 375 2416 et
398 2377 494 2416 non
535 2360 855 2415 determinate
891 2361 939 2414 in
979 2364 1073 2414 hoc
1095 2363 1169 2415 vel
1195 2361 1281 2414 illo
1302 2381 1352 2414 ι.
1374 2360 1619 2427 Quinimo,
1641 2368 1694 2414 ut
1716 2361 1849 2414 addit
1869 2377 1909 2414 S.
1931 2364 2104 2414 Thom.
2128 2359 2193 2414 de
2216 2360 2347 2416 Mal.
2373 2377 2419 2426 q.
2443 2363 2492 2413 6.
2514 2368 2607 2414 art.
2633 2359 2790 2413 unic.:

339 2446 493 2515 «ipsa
528 2460 725 2513 quoque
768 2444 1082 2500 beatitudinis
1126 2444 1361 2512 appetitio
1399 2459 1464 2498 ex
1510 2444 1804 2500 necessitate
1840 2452 1912 2498 est
1957 2453 2190 2511 qnantum
2233 2447 2294 2498 ad
2338 2445 2792 2498 determinationem

332 2539 495 2600 actus3
534 2531 647 2599 quia
684 2545 783 2585 non
820 2536 983 2599 potest
1020 2533 1148 2586 velle
1173 2528 1455 2597 oppositum
1479 2543 1577 2584 non
1603 2536 1764 2585 autem
1804 2537 2033 2597 quantum
2072 2531 2132 2584 ad
2163 2528 2453 2585 exercitium
2482 2536 2648 2598 actus;
2673 2528 2787 2596 quia

330 2624 488 2683 potest
523 2615 701 2683 aliquis
726 2631 823 2670 non
847 2618 975 2671 velle
1002 2623 1117 2670 tune
1140 2614 1358 2680 cogitare
1384 2617 1444 2668 de
1472 2614 1784 2680 beatitudine,
1813 2615 1923 2683 quia
1950 2615 2095 2670 etiam
2123 2614 2220 2683 ipsi
2244 2622 2381 2669 actus
2420 2615 2698 2669 intellectus
2743 2623 2792 2669 et

334 2702 598 2757 voluntatis
635 2701 961 2769 particulares
1001 2707 1112 2755 sunt
1155 2722 1206 2754 ι.

1312 2911 1581 2979 CAPUT
1630 2914 1806 2978 VIII.

1189 3069 1287 3114 DE
1358 3068 1945 3116 MORALITATE

433 3243 489 3296 1..
517 3240 824 3296 Dissentiunt
858 3239 988 3293 iuter
1024 3253 1078 3292 se
1116 3242 1372 3302 Doctores,
1400 3239 1450 3292 in
1487 3253 1585 3304 quo
1624 3236 1717 3289 sita
1757 3236 1821 3289 sit
1859 3252 2135 3290 monimus
2174 3243 2222 3288 et
2261 3236 2322 3287 de
2359 3250 2457 3299 quo
2485 3248 2688 3288 Monate
2718 3234 2789 3286 di·

330 3333 465 3379 catur
502 3340 592 3392 per
631 3324 784 3392 priuS.
811 3326 968 3377 Porro
1007 3323 1148 3377 nohis
1186 3330 1260 3377 sat
1298 3323 1392 3377 erit
1417 3337 1542 3376 nunc
1569 3321 1689 3374 illud
1718 3320 1946 3385 retinere,
1973 3321 2103 3384 quod
2131 3322 2217 3372 lert
2251 3332 2383 3379 usuS‚
2415 3324 2468 3370 ut
2494 3316 2785 3370 moralitatis

330 3410 519 3464 nomine
557 3409 853 3473 intelligatur
889 3415 1083 3461 actuum
1120 3412 1442 3462 humanorum
1481 3404 1716 3457 habitudo
1750 3406 1812 3456 ad
1853 3402 2123 3457 honestatis
2149 3416 2388 3466 normam,
2422 3417 2482 3455 ex
2510 3416 2602 3467 qua
2630 3404 2698 3462 lit,
2731 3408 2784 3454 ut

329 3495 551 3548 anthoni
591 3501 674 3547 aut
712 3493 827 3547 mali
864 3492 1113 3547 moraliter
1149 3492 1390 3554 dicantur,
1419 3489 1580 3556 prouti
1606 3503 1716 3541 cum
1743 3503 1800 3541 ea
1829 3502 2052 3541 mensura
2081 3493 2374 3551 congruunt,
2408 3489 2485 3541 vel
2513 3490 2574 3540 ab
2610 3487 2782 3539 eadem

329 3582 575 3634 recedunt.
595 3578 823 3632 Diximus
849 3583 1040 3631 autem:
1066 3576 1301 3630 habitudo
1323 3589 1521 3628 Aornum
1544 3587 1853 3626 HUMANORUM
1867 3587 1880 3639 3
1909 3587 2065 3637 neque
2086 3571 2212 3625 enim
2236 3571 2343 3625 heic
2364 3570 2631 3625 attenditur
2653 3586 2782 3624 com·

328 3663 515 3730 paratio
533 3662 663 3716 iuter
681 3661 902 3715 ordinem
920 3660 1188 3714 honestatis
1206 3665 1256 3713 et
1273 3667 1433 3713 actum
1454 3656 1772 3712 materialiter
1791 3663 2077 3723 spectatum,
2094 3673 2121 3710 e
2134 3671 2227 3723 qua
2253 3656 2524 3711 materialis
2539 3659 2776 3722 quaedam

330 3748 521 3801 bonitas
545 3754 630 3801 aut
655 3744 837 3800 malitia
875 3751 1192 3812 sequeretur;
1219 3746 1305 3798 sed
1331 3742 1567 3809 accipitur
1591 3741 1891 3809 comparatio
1917 3756 2026 3796 cum
2053 3748 2180 3805 actu,
2208 3741 2369 3809 prouti
2409 3740 2487 3795 hie
2527 3740 2577 3794 in
2616 3746 2786 3804 agente

333 3838 595 3898 spectatur,
622 3845 709 3885 seu
737 3829 903 3898 prouti
928 3833 986 3882 ah
1014 3836 1247 3896 operante
1285 3827 1512 3893 scienter,
1539 3827 1694 3881 libere
1720 3833 1769 3880 et
1796 3841 1905 3880 cum
1931 3825 2237 3880 advertentia
2264 3827 2324 3878 ad
2351 3827 2572 3888 regulam
2598 3838 2789 3876 morum

333 3918 576 3984 procedit;
619 3919 746 3969 unde
784 3916 976 3969 bonitas
1013 3922 1060 3968 et
1100 3912 1297 3976 malitia,
1337 3920 1390 3966 ut
1428 3912 1562 3966 aiunt
1600 3912 1822 3976 Scholae,
1863 3910 2079 3964 formalis
2117 3908 2352 3973 exsurgit.

436 4000 733 4069 Multiplices
758 3997 955 4053 actuum
993 4003 1313 4052 humanorum
1352 3996 1563 4060 habituS,
1594 3999 1720 4049 unde
1758 3994 2050 4061 multiplices
2076 3993 2138 4046 iis
2178 3994 2415 4046 accedunt
2455 3992 2686 4053 rationes,
2719 3990 2793 4044 sic

335 4090 548 4142 breviter
567 4087 724 4141 innuit
740 4077 1008 4142 ¹caietanus
1030 4084 1079 4138 in
1104 4087 1149 4138 l.
1172 4087 1221 4138 2.
1241 4099 1287 4151 q.
1312 4086 1394 4137 21.
1416 4090 1506 4137 art.
1532 4086 1610 4136 l.:
1641 4102 1663 4131 ι
1683 4085 1838 4135 Actus
1865 4085 2105 4134 humanus
2134 4077 2449 4133 constituitur
2472 4077 2521 4132 in
2543 4091 2651 4132 csse
2675 4078 2790 4131 honi

337 4174 408 4226 vel
433 4172 549 4226 mali
587 4171 729 4238 quasi
752 4184 815 4225 ex
845 4184 995 4224 causa
1025 4169 1217 4222 formali
1254 4174 1304 4222 et
1339 4182 1486 4234 super
1522 4170 1618 4221 hoc
1657 4169 1902 4228 tundatur,
1928 4166 2056 4230 quod
2082 4179 2145 4218 ex
2177 4162 2350 4217 ordine
2379 4165 2441 4216 ad
2484 4165 2641 4226 tinem,
2676 4163 2797 4218 recti

336 4258 409 4311 vel
432 4255 638 4322 peccati,
662 4270 726 4310 ex
749 4254 922 4309 ordine
957 4256 1020 4307 ad
1058 4253 1288 4316 efficiens,
1313 4250 1575 4307 laudabilis
1610 4252 1687 4305 vel
1713 4249 1987 4317 culpabiliS,
2015 4263 2076 4303 ex
2114 4247 2285 4302 ordine
2345 4249 2403 4302 ad
2445 4249 2668 4313 alterum,
2700 4261 2802 4301 me—

337 4340 487 4395 ritorii
527 4342 607 4395 vel
645 4337 951 4394 demeritorii
984 4337 1221 4392 rationem
1261 4339 1408 4391 hahet
1442 4358 1492 4390 ι).

420 4480 520 4553 81.
561 4481 790 4548 Suarez
834 4480 901 4544 in
952 4480 1008 4542 1.
1051 4480 1110 4542 2.
1150 4480 1332 4543 tract.
1372 4479 1432 4541 3.
1474 4476 1629 4559 disp.
1675 4476 1731 4538 1.
1774 4476 1919 4538 sect.
1965 4475 2020 4537 1.
2060 4493 2120 4537 n.
2166 4475 2222 4538 1.
2266 4475 2390 4538 ait:
2439 4497 2473 4529 ‹<
2507 4472 2665 4544 Mos,
2715 4474 2791 4534 ut

340 4586 573 4651 notavit
620 4604 670 4649 s,
707 4583 980 4646 ThOmas
1023 4583 1080 4645 1.
1108 4584 1167 4644 2¹.
1193 4599 1252 4662 q.
1281 4581 1385 4644 58.
1415 4598 1469 4643 a.
1502 4580 1580 4655 1.‚
1607 4577 1771 4642 idem
1816 4577 1939 4641 fere
1986 4579 2100 4652 est,
2140 4575 2303 4657 quod
2335 4576 2622 4654 frequens
2663 4589 2793 4633 sae-
