3529 5158
712 345 816 399 166
1192 357 1403 398 macr.
1443 356 1507 396 11.
1546 355 1632 396 na
1669 354 2085 397 conseramus.
2124 356 2322 399 CAPUT
2357 356 2424 399 11.
2461 356 2604 400 nna.
2644 356 2686 398 1.
3024 342 3173 420 [169]

713 460 1082 540 spectatum,
1127 474 1252 520 non
1299 472 1429 518 esse
1473 452 1766 517 illicitum
1812 473 1870 515 v.
1917 473 2011 536 gr.
2059 471 2182 519 non
2228 472 2358 518 esse
2405 457 2622 519 contra
2668 454 2999 534 iustitiam,
3048 474 3174 521 non

711 562 928 624 contra
972 558 1318 633 caritatem,
1351 575 1473 620 non
1506 558 1720 619 contra
1754 555 2170 619 obedientiam
2201 559 2315 620 aut
2351 559 2679 639 praecepta
2710 556 3040 630 Ecclesiae,
3074 559 3175 623 vel

710 681 810 725 me
846 680 1007 726 nunc
1040 660 1267 725 habere
1296 658 1622 733 rationem,
1657 675 1816 738 quae
1855 676 1891 721 a
1922 657 2221 723 servando
2256 661 2583 741 praecepto
2615 662 2865 724 excuset
2902 662 3020 724 etc.
3057 659 3175 725 Vel

713 783 927 828 rursus
959 765 1218 847 possunt
1256 780 1384 826 esse
1421 760 1734 847 generalia
1767 760 2066 843 principia
2099 780 2156 824 v.
2192 780 2287 847 gr.
2320 762 2383 826 in
2416 760 2605 826 dubio
2639 761 3042 847 obligationis
3075 783 3176 828 ne-

712 867 941 933 minem
976 866 1182 952 ligari.

803 967 930 1033 Cur
965 971 1177 1033 autem
1206 968 1445 1033 Auctor
1480 967 1647 1031 dicat
1680 966 1951 1049 insuper,
1978 965 2199 1049 deponi
2230 984 2407 1050 posse
2438 965 2698 1031 dubium
2729 985 2836 1049 per
2866 966 3177 1033 rationem

712 1071 1109 1153 probabilem,
1137 1089 1208 1134 ex
1240 1069 1509 1134 dicendis
1533 1069 1800 1152 patebit;
1828 1068 2180 1150 aequivalet
2203 1088 2420 1152 nempe
2450 1068 2715 1132 consil-io
2752 1074 2866 1133 aut
2897 1068 3178 1149 exemplo

700 1173 979 1251 piorum.

823 1310 887 1363 X.
912 1311 1059 1375 Resp.
1091 1310 1138 1363 ⁴.
1168 1308 1220 1363 Si
1245 1308 1445 1363 dubium
1466 1308 1651 1362 oriatur
1676 1323 1740 1362 ex
1766 1305 2147 1372 obligationibus
2171 1316 2221 1363 et
2249 1309 2526 1377 praeceptis
2546 1309 2821 1373 contr-ariis,
2844 1325 2893 1361 v.
2911 1325 2988 1375 gr.
3010 1318 3177 1364 utrum

714 1395 823 1461 quis
859 1395 940 1449 die
976 1398 1100 1448 resto
1139 1402 1357 1449 teneatur
1391 1396 1520 1461 apud
1546 1402 1801 1457 aegrotum
1839 1408 2048 1458 manere,
2075 1392 2259 1448 omisso
2298 1409 2451 1457 sacro,
2478 1410 2539 1449 an
2585 1409 2707 1448 vero
2745 1409 2937 1449 sacrum
2977 1394 3177 1450 audire:

712 1486 905 1533 tenetur
931 1494 984 1532 se
1009 1480 1264 1533 resolvere
1290 1486 1337 1533 et
1366 1480 1626 1546 prudenter
1652 1477 1889 1543 iudicare,
1916 1477 2025 1532 heic
2050 1486 2098 1532 et
2129 1493 2256 1532 nunc
2282 1482 2488 1534 alterum
2527 1478 2748 1545 obligare
2774 1487 2823 1533 et
2849 1482 3055 1535 alterum
3082 1479 3180 1534 sibi

714 1563 895 1618 licitum
934 1578 1071 1617 esse:
1113 1562 1294 1630 alioqui
1331 1562 1461 1616 enim
1500 1570 1713 1630 exponet
1751 1577 1804 1615 se
1844 1560 2060 1629 periculo
2101 1562 2348 1630 peccandi.
2394 1565 2458 1618 Ut
2497 1577 2617 1617 vero
2659 1562 2707 1617 id
2746 1570 2876 1618 recte
2913 1566 3015 1628 liat,
3054 1568 3178 1619 haec

712 1652 953 1703 servanda
994 1656 1121 1703 sunt.
1158 1649 1211 1701 -l0
1236 1647 1473 1715 Exquirat
1510 1647 1716 1702 aliorum
1757 1646 1978 1712 consilia,
2019 1647 2061 1700 si
2102 1655 2278 1715 potest.
2320 1647 2375 1701 2⁰
2417 1648 2468 1702 Si
2505 1663 2603 1701 non
2643 1654 2844 1715 potest„
2861 1662 2912 1702 v.
2951 1664 3020 1713 gr.
3061 1649 3176 1715 quia

713 1738 849 1789 solus
886 1743 976 1797 est,
1007 1736 1083 1789 vel
1109 1733 1221 1801 quia
1251 1748 1311 1787 ex
1338 1732 1641 1787 consessione
1664 1747 1768 1786 rem
1795 1731 2051 1796 intellexit,
2079 1731 2370 1795 consideret,
2394 1740 2629 1799 quantum
2659 1732 2739 1786 res
2764 1739 2815 1786 et
2840 1740 3037 1801 tempus
3066 1738 3175 1798 lert,

715 1827 877 1875 utrum
915 1835 977 1874 ex
1014 1822 1209 1873 duobus
1230 1817 1329 1874 illis
1355 1818 1418 1872 sit
1442 1821 1520 1872 vel
1549 1817 1771 1872 videatur
1798 1817 1957 1871 11111163
1982 1820 2161 1871 malum
2187 1817 2333 1884 idque
2357 1818 2506 1882 eligat
2531 1825 2581 1871 et
2611 1832 2707 1872 non
2748 1819 3001 1885 peccabit:
3032 1831 3082 1870 v.
3100 1834 3173 1884 gr.

715 1907 763 1959 iu
799 1921 916 1961 casu
955 1905 1087 1959 dicto
1124 1904 1283 1958 minus
1321 1906 1498 1957 malum
1536 1910 1626 1966 est,
1666 1901 1894 1957 omittere
1930 1916 2140 1967 sacrum,
2180 1917 2323 1969 quam
2361 1904 2592 1957 deserere
2638 1901 2917 1967 iniit-murm
2953 1903 3069 1969 qaia
3113 1905 3174 1958 de

715 2006 856 2045 sacro
896 1990 1136 2043 audiendo
1175 1996 1248 2042 est
1285 1995 1594 2055 praeceptum
1626 1986 1971 2041 affirmativum
1997 1994 2186 2042 tantum
2216 1993 2264 2040 et
2289 1986 2411 2041 iuris
2447 1987 2666 2051 numani,
2695 1994 2742 2041 at
2780 1990 2840 2042 de
2877 1988 3076 2042 infirmo
3102 1995 3178 2043 est

715 2074 990 2140 negativum
1012 2082 1059 2127 ct
1080 2072 1203 2127 iuris
1222 2071 1471 2126 naturalis.
1494 2075 1670 2126 Sancti.
1702 2075 1814 2125 Bec.
1835 2074 1866 2124 l.
1888 2086 1931 2125 c.
1954 2074 2009 2125 3⁰
2033 2071 2085 2124 Si
2113 2080 2371 2137 utrumque
2400 2070 2623 2125 videatur
2647 2086 2800 2138 aeque
2824 2087 2990 2138 grave,
3011 2081 3176 2127 utrum

717 2163 864 2223 volet,
896 2161 1078 2225 absque
1106 2166 1307 2225 peccato
1346 2156 1506 2222 eliget,
1533 2158 1595 2209 ob
1634 2157 1877 2210 deiectum
1916 2155 2170 2211 libertatis
2200 2158 2344 2224 Quod
2385 2171 2555 2210 verum
2595 2163 2685 2220 est,
2725 2157 2914 2210 etiamsi
2954 2158 3177 2225 culpabi-

717 2244 826 2298 liter
862 2243 909 2297 in
948 2242 1089 2296 istam
1127 2242 1497 2309 perplexitatem
1524 2256 1577 2295 se
1602 2240 1918 2308 coniecisset3
1946 2243 2090 2294 modo
2118 2244 2178 2294 de
2205 2244 2347 2308 culpa
2387 2241 2651 2308 praeterita
2691 2244 2870 2295 doleat.
2904 2242 3049 2295 Ratio
3076 2249 3169 2306 est,

714 2329 828 2395 qnia
853 2328 1034 2395 alioqui
1058 2331 1120 2382 ad
1145 2326 1450 2396 impossibile
1482 2326 1832 2391 obligaremur,
1856 2328 1988 2392 quod
2015 2341 2104 2380 nec
2143 2328 2278 2380 Dens
2304 2326 2455 2391 exigit
2493 2342 2582 2381 nec
2609 2328 2717 2382 fieri
2746 2335 2937 2393 potest:
2964 2328 3178 2394 ideoque

715 2421 815 2468 tum
856 2420 1016 2468 cessat
1052 2412 1287 2478 obligatio
1326 2412 1479 2465 minor
1519 2415 1614 2476 vel,
1643 2411 1686 2465 si
1724 2411 1821 2465 sint
1860 2417 1943 2467 aut
1981 2411 2239 2465 videantur
2278 2413 2519 2478 aequales,
2560 2412 2809 2467 utralibet.
2839 2412 2970 2466 Vide
3005 2416 3177 2479 Laym.

718 2502 746 2551 l.
774 2502 818 2551 l.
843 2505 903 2552 tr.
934 2501 973 2551 1.
995 2514 1037 2551 c.
1062 2499 1109 2551 4.
1131 2506 1180 2551 et
1202 2500 1250 2551 5.
1275 2496 1382 2551 Fili.
1404 2504 1440 2550 t.
1462 2500 1544 2550 21.
1567 2512 1610 2551 6.
1635 2498 1681 2550 4.
1702 2497 1882 2549 Bonae.
1906 2499 1936 2548 l.
1962 2510 2004 2549 c.
2028 2510 2075 2562 p.
2098 2498 2146 2549 6.
2169 2510 2214 2548 11.
2239 2497 2323 2549 27.

805 2627 956 2701 189.
982 2630 1137 2715 Agit
1160 2630 1335 2694 Aede
1358 2629 1732 2694 conscientia
1754 2629 2041 2712 perplexa
2065 2648 2136 2693 ex
2159 2633 2627 2713 praeceptorum
2650 2630 2963 2695 conflictu.
2993 2630 3177 2709 Sunt,

715 2733 822 2814 qui
854 2733 969 2796 hoc
1004 2732 1142 2796 loco
1175 2731 1427 2796 tradant
1457 2731 1726 2815 regulae,
1760 2731 1986 2813 quibus
2017 2732 2318 2797 Doctores
2349 2734 2660 2810 statuunt,
2688 2737 2904 2797 utrum
2936 2753 3182 2816 praeoe-

713 2838 893 2918 ptum
924 2833 1133 2897 cedere
1165 2833 1347 2897 alteri
1378 2833 1597 2897 debeat
1643 2836 1706 2898 et
1752 2833 2077 2916 disputant
2109 2833 2182 2899 de
2227 2835 2474 2899 malitia
2504 2835 2858 2908 intrinseca,
2893 2835 2969 2899 de
3006 2855 3181 2918 prae-

714 2938 1031 3020 ceptorum
1064 2935 1371 3020 dignitate
1403 2938 1516 2998 etc.
1542 2935 1714 3000 Haec
1737 2955 1920 3019 porro
1951 2954 2075 3000 11011
2101 2939 2363 3019 possunt
2393 2956 2524 3001 esse
2557 2937 2774 3021 regula
2803 2938 3176 3016 communis,

715 3039 863 3103 dum
909 3041 1156 3103 constat
1200 3038 1265 3102 in
1301 3037 1659 3103 huiusmodi
1695 3037 2164 3120 quaestionibus
2205 3039 2303 3104 vel
2338 3039 2490 3122 ipsis
2526 3038 2912 3104 doctioribus
2946 3059 3179 3122 aquam

714 3143 981 3207 haerere.
1007 3142 1084 3206 V.
1110 3162 1204 3227 gr.
1229 3141 1394 3226 finge
1431 3142 1739 3224 expectari
1777 3140 2177 3218 sacerdotem,
2218 3145 2290 3206 ut
2336 3142 2546 3225 plures
2583 3142 2824 3224 possint
2870 3141 2968 3207 die
3015 3142 3181 3209 festo

714 3245 973 3310 Missam
1005 3245 1249 3322 audire3
1284 3245 1666 3310 sacerdotem
1704 3247 1918 3309 autem
1956 3244 2260 3321 advenire,
2296 3245 2403 3328 qui
2439 3245 2886 3330 gravissimum
2916 3246 3182 3312 dubium

711 3348 917 3424 habet,
945 3368 1008 3412 se
1038 3366 1160 3413 non
1193 3367 1322 3413 esse
1351 3348 1649 3413 ieiunum.
1677 3345 1967 3413 Ceterum
1999 3365 2159 3429 quae
2192 3346 2266 3411 de
2303 3347 2420 3412 hoc
2443 3350 2835 3432 argumento,
2861 3350 2940 3414 A.
2967 3349 3182 3423 habet,

712 3450 879 3514 clara
917 3451 1070 3514 satis
1109 3453 1274 3515 sunt.
1309 3451 1480 3514 Haec
1517 3453 1769 3514 tantum
1802 3450 2075 3515 adverte.

897 3553 962 3615 1⁰
991 3552 1050 3617 N
1055 3570 1132 3616 on
1169 3553 1374 3617 solum
1412 3553 1677 3616 aliorum
1713 3552 1991 3630 consilia,
2025 3551 2132 3616 sed
2164 3552 2290 3616 alia
2327 3552 2537 3617 media
2570 3552 2852 3618 adhiberi
2889 3573 3093 3636 posse.

891 3655 961 3717 2⁰
976 3654 1153 3735 Quod
1176 3654 1344 3731 dicit,
1363 3653 1604 3735 alioqui
1624 3674 1689 3718 se
1712 3657 2047 3733 exponeret
2054 3653 2339 3734 periculo
2351 3654 2675 3734 peccandi,
2699 3656 3182 3742 intelligendum

713 3776 783 3822 eo
839 3776 1019 3821 sensu
1069 3760 1182 3832 est,
1231 3775 1415 3838 quem
1461 3756 1744 3838 superius
1792 3757 1880 3838 (n.
1918 3757 2066 3820 165.
2117 3759 2272 3840 seq.)
2318 3757 2781 3840 explicavimus,
2830 3759 3180 3840 periculum

713 3859 921 3925 adesse
954 3878 1170 3942 nempe
1215 3858 1477 3923 faciendi
1521 3862 1739 3923 contra
1787 3860 2021 3922 iustam
2057 3859 2449 3925 voluntatem
2481 3859 2837 3943 superioris.
2873 3861 3052 3926 Iusta
3085 3864 3179 3926 est

710 3967 921 4029 autem
954 3963 1284 4047 superioris
1330 3964 1643 4041 voluntaS,
1696 3966 1769 4028 ut
1818 3965 2155 4045 antequam
2203 3982 2374 4048 aga3‚
2413 3963 2487 4027 de
2523 3964 2854 4029 voluntate
2901 3965 3037 4029 eius
3085 3984 3180 4031 ex-

711 4073 948 4154 quiras:
990 4073 1130 4135 hinc
1170 4071 1470 4155 obligatio
1509 4070 1886 4153 inquirendi.

891 4174 960 4236 3⁰
991 4173 1248 4252 Quando
1280 4173 1355 4238 A.
1390 4173 1558 4244 dicit,
1599 4173 1914 4237 hominem
1959 4173 2021 4237 in
2069 4173 2147 4237 iis
2194 4174 2501 4238 adiunctis
2539 4174 2737 4239 teneri
2776 4174 2851 4238 ad
2893 4193 2957 4239 se
2999 4176 3184 4241 resol-

711 4275 997 4351 vendum,
1047 4274 1434 4357 supponitur,
1483 4275 1649 4356 quod
1695 4276 1893 4357 possit
1941 4275 2245 4341 actionem
2293 4276 2530 4341 differre
2581 4279 2643 4341 et
2691 4277 2769 4341 ad
2807 4278 2924 4342 hoc
2973 4278 3180 4362 ipsum

712 4379 862 4441 tunc
893 4378 1159 4448 tenetur,
1199 4377 1252 4439 si
1286 4376 1505 4458 possit.
1539 4376 1680 4440 Vid.
1714 4396 1764 4441 s.
1800 4377 1986 4461 Alph.
2021 4398 2082 4442 n.
2123 4379 2224 4442 10.

800 4479 1063 4543 Inferius
1095 4481 1305 4543 autem
1354 4479 1610 4561 patebit.
1653 4499 1723 4544 ex
1763 4481 2082 4546 occasione
2135 4481 2520 4546 necessitatis
2553 4482 2829 4548 solvendi
2875 4501 2940 4548 se
2979 4486 3058 4549 ab
3088 4485 3184 4549 his

710 4581 882 4646 dubii
919 4581 1228 4666 augustiis
1276 4581 1577 4667 originem
1623 4583 1914 4647 habuisse
1945 4583 2257 4648 doctrinas
2297 4584 2370 4648 de
2408 4603 2529 4648 usu
2569 4584 2833 4649 alicuius
2869 4587 3179 4668 opinionis
