3529 5158
420 318 567 398 [454]
767 337 919 384 Qum
955 337 1010 379 sr
1048 338 1269 379 ensem
1306 338 1505 380 causa
1543 339 1705 380 ΑΜΕ
1742 340 1861 380 vm,
1899 338 2047 380 ros-r
2085 340 2553 382 meacm-ioum
2784 328 2895 381 433

422 435 703 517 exemplo
749 436 1053 518 parenteS,
1097 434 1255 500 falso
1303 436 1561 501 exhibiti
1610 437 1683 500 ut
1728 454 2048 519 paupereS,
2110 436 2268 500 fiant
2310 436 2514 520 reipsa
2561 457 2890 521 pauperes3

420 538 513 602 ita
561 537 616 601 si
662 536 820 602 falso
869 537 1175 621 allegetur
1220 539 1486 620 sequuta
1532 538 1754 621 copula
1804 538 1881 601 ad
1929 537 2326 603 obtinendam
2372 538 2892 622 dispensationem

421 639 486 704 et
530 639 684 704 haec
730 638 946 704 deinde
998 640 1299 721 sequatur
1351 639 1659 723 (intellige
1707 641 1916 704 tamen
1965 659 2036 705 ex
2098 640 2494 726 fragilitate),
2554 644 2891 725 antequam

420 740 605 806 detur
650 741 1058 824 dispensatio,
1100 742 1305 826 excipe
1336 742 1456 806 nisi
1487 742 1638 806 haec
1669 743 1893 825 copula
1940 745 2239 825 sequatur
2275 763 2346 808 ex
2378 744 2624 809 malitia
2662 748 2726 810 et
2756 765 2896 810 con-

421 842 675 908 fidentia
708 842 1213 926 dispensationis;
1248 844 1396 926 quia
1426 863 1549 910 non
1587 845 2010 927 praesumitur
2032 846 2318 910 Pontifex
2350 847 2507 911 velle
2541 847 2628 912 sic
2659 847 2927 932 dispen-.

420 964 578 1024 sare,
618 967 694 1010 ne
726 945 832 1010 det
869 965 1084 1010 ansam
1123 946 1432 1030 peccandi.

508 1043 693 1118 452.
730 1046 948 1128 Quoad
983 1049 1046 1112 4.
1087 1051 1278 1132 caput
1312 1048 1625 1120 Auctoris,
1674 1068 1911 1131 nempe,
1960 1048 2126 1130 quod
2174 1050 2227 1113 si
2274 1047 2654 1132 dispensatio
2703 1050 2895 1115 dedu-

419 1151 601 1214 catur
636 1151 701 1215 in
740 1152 972 1229 actum,
1007 1150 1116 1234 qui
1149 1151 1233 1216 sit
1277 1150 1726 1228 irrevocabilis;
1768 1169 1890 1214 non
1939 1151 2189 1215 amittet
2236 1170 2414 1215 suam
2464 1153 2611 1229 vim,
2646 1152 2893 1217 etiamsi

419 1253 706 1317 totaliter
751 1255 948 1319 cesset
979 1273 1187 1331 causa,
1221 1254 1472 1336 propter
1503 1272 1691 1336 quam
1724 1252 2102 1337 dispensatio
2135 1271 2422 1317 concessa
2453 1255 2581 1318 est:
2615 1255 2894 1337 exempla

420 1354 665 1420 habetis
702 1355 848 1420 bina
880 1375 1063 1439 penes
1100 1357 1458 1428 Auctorem,
1513 1355 1577 1419 in
1625 1374 1893 1437 quorum
1939 1354 2203 1419 secundo
2252 1374 2440 1419 causa
2500 1355 2893 1439 dispensandi

421 1460 635 1541 posset
666 1478 797 1523 esse
827 1459 1160 1524 necessitas
1198 1460 1544 1541 parentum,
1582 1457 1695 1520 aut
1728 1456 1781 1521 si
1812 1476 2007 1520 unum
2045 1456 2407 1522 beneficium
2454 1458 2582 1522 iam
2616 1458 2755 1541 quis
2786 1459 2894 1523 ha-

417 1559 565 1624 beat
611 1562 675 1624 et
719 1561 836 1626 hoc
883 1562 1046 1625 esset
1081 1560 1458 1624 insufficiens
1508 1559 1584 1623 ad
1632 1559 2215 1637 substentationem,
2251 1579 2441 1625 causa
2486 1580 2615 1625 esse
2662 1562 2888 1643 potest,

418 1681 529 1726 cur
574 1662 963 1746 dispensetur
1001 1663 1078 1728 ad
1125 1662 1527 1729 obtinendum
1576 1661 1934 1726 secundum.
1970 1662 2164 1727 Porro
2213 1664 2357 1745 post
2400 1662 2675 1727 beneficii
2708 1664 2893 1728 colla-

417 1764 673 1841 tionem,
707 1784 804 1829 res
835 1784 956 1830 non
1004 1763 1393 1837 rescinditur,
1424 1763 1574 1828 licet
1606 1764 1683 1828 ob
1714 1764 1980 1827 mortem
2016 1765 2345 1847 parentum
2395 1766 2507 1828 aut
2555 1765 2743 1827 aliam
2789 1785 2891 1829 ra-

417 1866 654 1931 tionem
692 1868 888 1958 cesset
933 1868 1043 1932 illa
1091 1867 1423 1932 necessitas
1458 1868 1569 1930 aut
1595 1865 1646 1930 si
1679 1866 1852 1949 prius
1883 1865 2247 1930 beneficium
2283 1866 2544 1931 decursu
2592 1867 2890 1950 temporis

416 1969 706 2035 evaderet
735 1990 842 2054 per
872 1990 937 2036 se
969 1971 1314 2046 sufficiens3
1350 1990 1494 2033 nam
1525 1970 1677 2034 haec
1715 1969 1994 2034 rescissio
2020 1970 2264 2053 pareret
2284 1969 2675 2035 incommoda
2708 1972 2773 2035 et
2794 1971 2891 2035 est

415 2075 661 2156 praeter
692 2073 1174 2138 ecclesiasticam
1205 2071 1734 2138 consuetudinem.

506 2174 678 2240 Adde
725 2176 1092 2259 exemplum,
1133 2175 1185 2240 si
1231 2173 1592 2259 irregularis
1641 2173 2033 2257 dispensatus
2079 2173 2268 2238 fuerit
2314 2173 2391 2237 ad
2426 2173 2667 2239 ordines
2699 2175 2889 2239 susci-

415 2278 675 2361 piendos
707 2278 771 2343 et
800 2278 945 2362 post
981 2278 1336 2360 susceptum
1383 2276 1921 2351 subdiaconatum,
1956 2277 2224 2339 cessaret
2269 2274 2659 2357 dispensandi
2697 2295 2885 2340 causa

417 2400 475 2443 v.
510 2401 605 2465 gr.
646 2383 759 2444 aut
787 2380 998 2464 inopia
1045 2380 1374 2464 parentum
1421 2380 1534 2442 aut
1592 2378 1804 2462 inopia
1862 2378 2293 2442 ministrorum
2340 2377 2689 2453 Ecclesiae;
2741 2398 2886 2443 nam

416 2483 628 2565 posset
659 2483 735 2548 ad
767 2483 1038 2566 reliquos
1070 2481 1326 2547 Ordines
1366 2480 1707 2555 ascendere,
1756 2480 1905 2562 quia
1954 2479 2310 2563 oppositum
2357 2480 2521 2544 esset
2566 2479 2660 2543 illi
2707 2479 2887 2544 valde

416 2585 878 2652 incommodum
916 2587 981 2650 et
1016 2585 1284 2650 difficile.
1320 2585 1420 2649 Ita
1458 2583 1821 2649 Communis
1854 2583 1992 2648 DD.

508 2684 691 2759 453.
727 2687 1019 2772 Superest
1041 2687 1302 2770 denique
1331 2687 1621 2770 quintum
1652 2685 1946 2751 Auctoris
1986 2686 2193 2769 caput,
2227 2685 2334 2749 ubi
2367 2686 2709 2769 quaeritur,
2734 2685 2884 2768 quid

415 2791 824 2870 sentiendum,
859 2790 1105 2874 quando
1138 2790 1306 2855 facta
1342 2789 1819 2873 dispensatione,
1853 2808 2041 2854 causa
2078 2788 2275 2871 ipsius
2308 2789 2558 2854 omnino
2591 2789 2792 2854 cessat
2822 2791 2885 2853 et

416 2893 594 2959 actus
626 2894 722 2958 est
750 2892 1116 2957 revocabilis
1133 2892 1231 2956 vel
1246 2911 1367 2956 non
1395 2892 1491 2956 est
1506 2891 1885 2974 dispensatio
1911 2891 2174 2955 deducta
2198 2891 2262 2955 in
2286 2893 2498 2956 actum
2522 2893 2584 2956 et
2607 2890 2886 2973 exempla

413 2997 578 3082 apud
610 2996 687 3061 A.
727 2995 969 3061 habetis
1003 2996 1140 3060 tum
1172 2994 1511 3078 dispensati
1545 2994 1606 3059 in
1641 2995 1790 3059 voto
1825 2993 2136 3057 castitatis
2170 2992 2248 3056 ob
2290 2994 2686 3070 tentationes,
2725 3011 2886 3074 quae

411 3103 629 3186 postea
661 3101 917 3176 cessent,
937 3100 1076 3163 tum
1100 3096 1439 3181 dispensati
1461 3098 1523 3160 in
1549 3095 1914 3160 recitatione
1938 3094 2257 3158 Horarum
2287 3094 2484 3157 autin
2509 3092 2645 3176 lege
2672 3092 2886 3156 ieiunii

412 3205 541 3269 sive
574 3201 985 3268 abstinentiae
1018 3201 1096 3265 ob
1126 3198 1577 3275 infirmitatem,
1612 3216 1775 3278 quae
1816 3194 2031 3259 deinde
2057 3195 2277 3258 cessat.

501 3306 627 3370 Ubi
659 3304 984 3380 advertite,
1018 3302 1324 3385 duplicem
1357 3320 1572 3364 casum
1603 3298 1756 3383 fingi
1782 3316 1982 3381 posse,
2008 3296 2219 3380 prouti
2249 3315 2353 3361 eos
2378 3296 2738 3362 coniunctos
2755 3317 2885 3379 per-

415 3409 650 3473 tractat
679 3408 948 3473 Sanchez
983 3406 1055 3469 de
1095 3404 1389 3468 Matrim.
1418 3402 1526 3466 lib.
1556 3402 1615 3465 8.
1652 3402 1809 3485 disp.
1846 3400 1952 3464 30.
1986 3419 2088 3463 nn.
2127 3399 2230 3464 13.
2269 3399 2393 3476 14„
2428 3417 2693 3481 quorum
2725 3399 2885 3463 alter

412 3511 708 3594 supponit
744 3507 1266 3592 dispensationem
1299 3523 1672 3579 concessam,
1715 3502 1816 3566 sed
1852 3501 2124 3566 nondum
2174 3501 2251 3565 ad
2299 3503 2509 3566 actum
2556 3499 2885 3565 deductam

411 3634 520 3680 seu
553 3614 688 3697 ipso
727 3631 845 3676 usu
896 3609 1261 3684 adhibitam,
1295 3629 1354 3672 V.
1391 3627 1483 3692 gr.
1513 3626 1654 3670 cum
1696 3605 1836 3688 quis
1869 3604 2262 3688 dispensatus
2294 3604 2416 3669 fuit
2448 3624 2484 3669 a
2516 3605 2664 3669 voto
2704 3604 2886 3669 casti-

407 3717 564 3783 tatis
597 3715 675 3781 ad
705 3714 1044 3780 ineundum
1089 3710 1583 3786 matrimonium,
1636 3708 1803 3791 quod
1849 3707 2057 3773 tamen
2104 3707 2377 3772 nondum
2431 3707 2740 3771 contraxit
2784 3708 2883 3771 vel

408 3821 488 3886 ab
524 3816 991 3904 irregularitate
1024 3814 1102 3878 ad
1133 3811 1553 3896 suscipiendos
1585 3811 1864 3888 Ordines,
1899 3828 2055 3892 quos
2094 3811 2301 3873 tamen
2349 3808 2622 3873 nondum
2652 3810 2884 3891 recepit

407 3923 505 3988 vel
538 3922 620 3986 ad
646 3918 1047 3986 obtinendum
1079 3914 1462 3992 beneficium,
1497 3914 1662 3995 quod
1695 3916 1904 3978 tamen
1935 3911 2209 3977 nondum
2248 3910 2367 3993 ipsi
2400 3910 2701 3974 collatum
2734 3913 2849 3975 est.

497 4025 677 4090 Alter
708 4041 853 4087 vero
887 4019 1181 4104 supponit
1225 4016 1747 4101 dispensationem
1799 4016 1991 4080 etiam
2036 4014 2100 4077 in
2150 4013 2361 4076 actum
2392 4011 2739 4088 deductam,
2774 4013 2879 4077 sed

404 4148 530 4194 non
575 4127 761 4192 unico
799 4125 911 4189 illo
961 4124 1108 4188 actu
1153 4121 1280 4185 iam
1328 4120 1716 4196 exhaustam,
1780 4117 1929 4182 adeo
1977 4116 2052 4179 ut
2098 4113 2374 4179 revocari
2418 4113 2649 4201 possit,
2677 4134 2734 4179 v.
2782 4135 2880 4199 gr.

406 4228 788 4315 dispensatio
837 4227 901 4293 in
947 4225 1215 4302 ieiuniis,
1251 4242 1410 4307 quae
1455 4221 1731 4287 revocari
1782 4219 2007 4303 potest,
2044 4217 2376 4301 postquam
2423 4216 2562 4298 quis
2610 4234 2680 4280 ea
2727 4236 2879 4282 usus

409 4337 509 4401 est
537 4355 645 4418 per
681 4332 948 4418 primam
986 4326 1498 4413 quadragesimae
1529 4321 2012 4389 hebdomadam.

496 4431 680 4507 454.
716 4433 854 4515 Qua
885 4434 959 4498 de
1004 4451 1070 4496 re
1100 4429 1374 4495 notanda
1419 4427 1589 4493 venit
1637 4427 1881 4491 curiosa
1921 4422 2140 4509 agendi
2190 4421 2353 4486 ratio
2399 4421 2622 4486 Basilii
2667 4421 2879 4486 Pontii

409 4547 473 4608 et
525 4541 676 4625 quid
719 4538 862 4603 inde
908 4536 1144 4600 factum
1192 4533 1294 4596 sit.
1350 4531 1515 4596 Nam
1563 4529 1854 4606 Sanchez,
1895 4528 1969 4591 ut
2014 4525 2141 4590 dixi
2187 4523 2261 4588 dc
2308 4523 2607 4594 Matrini.
2650 4524 2758 4588 lib.
2809 4523 2869 4587 8.

568 4663 852 4706 Banumun.
876 4684 927 4692 —
949 4655 1116 4702 uorat.
1143 4656 1279 4698 Tom.
1308 4654 1350 4696 1.
2656 4646 2712 4688 28

2910 4885 3095 4984 f
