3529 5158
681 340 792 394 492
1079 355 1291 397 macr.
1329 355 1410 396 w,
1450 355 1535 394 ms
1573 353 1879 395 pacem-rs.
1916 351 2116 393 carm·
2150 352 2190 391 1.
2229 350 2373 393 mm.
2411 349 2477 389 11.
2515 349 2654 389 AR'r.
2691 349 2756 391 11.
2823 325 2830 332 ‘
3000 335 3151 410 [533]

688 452 1019 516 lectatione
1056 451 1603 534 concupiscentiae,
1637 451 1786 534 quia
1831 451 1896 514 in
1927 469 1999 515 ea
2044 449 2428 531 frequentius
2473 446 2893 511 committitur
2939 467 3153 529 pecca-

690 556 860 628 tum;
896 554 1046 617 haec
1093 555 1321 629 tamen,
1363 555 1609 618 servata
1656 553 2071 636 proportione,
2122 551 2418 634 applicari
2464 549 2689 613 debent
2734 548 2874 613 aliis
2921 550 3154 633 passio-

685 655 884 732 nibus,
920 676 977 718 v.
1012 675 1106 740 gr.
1140 656 1481 739 superbiae,
1518 655 1660 730 odii,
1696 655 1963 719 invidiae
1995 655 2110 718 etc.

782 754 959 828 533.
1010 759 1197 824 Hisce
1250 760 1557 823 claritatis
1610 759 1819 843 gratia
1869 758 2241 841 praemissis,
2291 759 2366 821 ut
2408 757 2693 821 solvatur
2738 757 3026 838 quaestio
3075 758 3151 822 ab

688 860 958 926 Auctore
997 863 1315 945 proposita
1347 887 1380 918 «
1412 862 1525 926 An
1558 861 1879 925 delectatio
1923 880 2169 924 morosa
2198 859 2285 923 sit
2320 878 2560 939 semper
2591 862 2922 938 peccatum
2950 884 3014 934 »,
3048 878 3156 924 no-

686 962 946 1026 tandum
978 963 1213 1036 sedulo,
1254 963 1375 1028 duo
1410 965 1487 1028 ad
1524 965 1641 1028 hoc
1686 965 2008 1047 peccatum
2039 961 2290 1043 requiri,
2310 959 2559 1026 ‘scilicet
2608 962 2675 1024 1⁰
2708 962 2782 1025 ut
2817 961 3150 1026 delectatio

684 1065 770 1127 sit
817 1065 1116 1129 obiective
1149 1067 1277 1130 sive
1310 1066 1646 1130 secundum
1693 1066 2003 1130 obiectum
2048 1065 2217 1128 mala
2262 1082 2373 1128 seu
2418 1064 2504 1128 sit
2533 1064 2607 1126 de
2654 1063 2895 1128 obiecto
2942 1065 3145 1128 malo:

690 1168 760 1228 2⁰
793 1169 866 1230 ut
897 1168 981 1231 sit
1012 1167 1206 1231 libera
1245 1187 1355 1232 seu
1386 1170 1461 1232 ut
1495 1169 1683 1232 libere
1722 1169 1786 1232 in
1816 1169 2017 1251 ipsam
2047 1168 2337 1231 voluntas
2366 1167 2732 1230 consentiat.

776 1270 857 1332 Et
886 1271 1009 1335 duo
1041 1271 1193 1335 haec
1223 1271 1325 1354 (de
1358 1272 1582 1352 quibus
1600 1271 1836 1336 Auctor
1869 1271 2100 1354 duplici
2122 1270 2415 1334 distincta
2445 1270 2839 1352 responsione
2874 1270 3040 1354 agit)
3061 1269 3148 1333 di-

686 1372 951 1455 ligenter
986 1393 1132 1455 prae
1173 1373 1366 1437 oculis
1411 1372 1693 1437 habenda
1724 1374 1890 1448 sunt,
1925 1374 2115 1437 etiam
2148 1374 2223 1436 ut
2251 1374 2370 1436 rite
2404 1373 2799 1456 intelligatur
2838 1372 3003 1436 ratio
3049 1371 3147 1437 de·

682 1473 980 1539 finitionis
1010 1495 1287 1539 morosae
1318 1474 1763 1548 delectationis,
1799 1475 1872 1540 de
1904 1495 2026 1557 qua
2058 1476 2153 1538 est
2184 1494 2404 1539 sermo.

743 1561 1041 1642 ‘Sanchez
1075 1578 1180 1642 lib.
1214 1581 1270 1642 1.
1299 1598 1430 1662 cap.
1460 1581 1520 1641 2.
1546 1599 1605 1641 n.
1638 1579 1694 1641 1.
1723 1579 1811 1643 sic
1847 1598 1977 1642 rem
2010 1578 2307 1660 explicat:
2341 1602 2376 1635 «
2398 1578 2638 1660 Duplex
2669 1581 2765 1641 est
2796 1578 3145 1643 voluntatis

686 1679 977 1744 affectus:
1013 1681 1265 1762 quidam
1313 1683 1409 1745 cst
1444 1681 1757 1763 (affectus)
1786 1700 1852 1745 re
1900 1681 2036 1763 ipsa
2066 1679 2475 1762 consequendi
2520 1680 2686 1763 quod
2731 1681 3002 1745 delectat
3045 1681 3144 1744 vel

683 1780 957 1864 fugiendi
990 1782 1155 1863 quod
1188 1783 1471 1865 displicet
1507 1785 1571 1847 et
1600 1784 1701 1847 hic
1737 1783 1966 1846 dicitur
1996 1783 2211 1847 efficax
2242 1783 2595 1846 voluntas..
2624 1782 2804 1846 Alius
2836 1803 2984 1848 vero
3009 1802 3144 1847 con-

683 1883 853 1946 sistit
885 1884 946 1945 in
995 1885 1259 1966 simplici
1292 1886 1735 1968 complacentia
1771 1888 1884 1949 aut
1913 1885 2300 1967 displicentia
2340 1885 2569 1966 absque
2600 1884 3013 1950 exsecutionis
3049 1885 3145 1949 de-

681 1985 905 2048 siderio
956 1987 1142 2066 atque
1179 1987 1278 2049 hic
1327 1988 1675 2070 appellatur
1705 1987 2027 2050 delectatio
2072 2007 2337 2060 morosa,
2369 2005 2493 2051 non
2541 2006 2577 2050 a
2622 1987 2921 2070 temporis
2969 2007 3143 2052 mora

687 2087 789 2166 (ut
822 2105 1032 2150 omnes
1064 2089 1348 2172 notant);
1385 2091 1590 2172 potest
1636 2090 1799 2153 enim
1832 2089 2128 2172 temporis
2158 2090 2474 2153 momento
2505 2089 2834 2164 committi,
2869 2090 3037 2153 sicut
3081 2091 3144 2154 et

685 2191 809 2253 alia
834 2192 1102 2272 peccata,
1131 2192 1235 2255 sed
1268 2193 1414 2273 quia
1448 2194 1541 2257 est
1574 2194 1635 2256 in
1667 2194 1844 2256 illam
1875 2194 2091 2276 plenus
2125 2211 2194 2255 ac
2231 2192 2387 2255 liber
2417 2192 2761 2256 voluntatis
2785 2211 3134 2257 consensus.

682 2295 857 2359 Unde
888 2296 1051 2360 idem
1075 2300 1171 2362 est
1200 2318 1511 2380 quaerere,
1540 2318 1616 2361 an
1640 2297 1976 2362 delectatio
2015 2315 2263 2361 morosa
2296 2296 2518 2360 obiecti
2548 2296 2834 2361 mortalis
2868 2297 2955 2360 sit
2983 2316 3141 2361 mor-

684 2398 852 2476 talis,
888 2399 951 2462 et
983 2419 1061 2463 an
1092 2419 1425 2465 consensus
1458 2401 1519 2464 in
1552 2399 2023 2464 delectationem
2055 2399 2141 2464 sit
2169 2398 2454 2463 mortalis
2494 2423 2530 2458 »

770 2501 934 2587 Ergo
968 2522 1110 2566 cum
1142 2503 1468 2567 delectatio
1500 2521 1747 2567 morosa
1779 2502 2088 2577 definitur,
2116 2502 2190 2564 ut
2217 2501 2301 2565 sit
2325 2500 2768 2581 complacentia
2792 2501 2866 2565 de
2900 2501 3140 2566 obiecto

683 2605 868 2679 ma10,
920 2606 1163 2668 nomine
1209 2605 1683 2685 complacentiae
1736 2605 2111 2689 intelligitur
2165 2623 2494 2669 consensus
2549 2605 2612 2669 in
2665 2605 3141 2671 delectationem

679 2707 904 2771 obiecti
933 2707 1104 2769 mali.

770 2809 869 2871 Ita
910 2809 973 2870 et
1005 2806 1263 2892 Struggl
1289 2809 1329 2871 l.
1358 2828 1408 2871 c.
1436 2829 1538 2872 nn.
1570 2810 1672 2872 11.
1705 2810 1830 2872 12.:
1865 2810 2264 2874 «Delectatio
2287 2830 2533 2875 morosa
2564 2812 2658 2875 est
2688 2811 3139 2893 complacentia

678 2910 939 2993 simplex
971 2912 1033 2974 et
1056 2911 1411 2975 voluntaria
1436 2911 1508 2975 de
1533 2932 1596 2975 re
1620 2912 1842 2976 illicita
1866 2913 1996 2977 sine
2019 2912 2317 2978 desiderio
2343 2915 2407 2977 et
2429 2912 2771 2977 intentione
2795 2932 2936 2977 eam
2962 2933 3138 2997 opere

680 3014 1043 3096 complendi.
1085 3014 1184 3077 Ita
1217 3014 1271 3078 si
1300 3014 1441 3096 quis
1487 3015 1571 3079 sit
1615 3017 1945 3079 contentus
1991 3016 2125 3079 sola
2156 3014 2563 3080 delectatione
2609 3016 3016 3100 cogitationis
3048 3018 3139 3079 in-

676 3117 921 3181 terioris
954 3137 1011 3181 v.
1046 3137 1140 3203 gr.
1182 3116 1256 3181 de
1302 3118 1602 3183 occisione
1633 3118 1870 3182 inimici
1902 3120 2013 3183 aut
2050 3118 2272 3200 copula
2302 3118 2599 3182 carnali...
2634 3118 2984 3184 Delectatio
3017 3137 3137 3183 non

675 3219 903 3283 dicitur
934 3239 1180 3283 morosa
1211 3222 1463 3304 propter
1497 3240 1738 3285 moram
1777 3221 2091 3303 temporis,
2128 3220 2232 3284 sed
2267 3221 2520 3304 propter
2555 3220 2687 3284 eius
2724 3221 3138 3286 continuatio-

676 3342 815 3387 nem
863 3323 1004 3404 post
1051 3322 1500 3388 advertentiam
1531 3323 1884 3388 intellectus
1917 3323 1994 3386 ad
2025 3323 2333 3387 malitiam
2363 3322 2452 3387 rei
2484 3322 2757 3405 adeoque
2805 3323 3134 3388 delectatio

676 3425 772 3488 est
801 3442 1067 3497 morosa,
1102 3424 1435 3489 dummodo
1469 3426 1760 3490 voluntas
1793 3427 1936 3509 post
1966 3425 2157 3490 talem
2191 3426 2639 3490 advertentiam
2673 3427 2772 3490 vel
2801 3445 2912 3509 per
2941 3444 3133 3490 unum

678 3526 917 3589 instans
965 3545 1073 3588 seu
1121 3529 1503 3590 momentum
1553 3528 1849 3610 temporis
1880 3528 1943 3591 in
1991 3547 2062 3591 ea
2108 3528 2297 3591 libere
2342 3528 2700 3610 persistat...
2741 3528 2950 3603 Ratio,
2983 3528 3131 3609 quia

678 3628 791 3692 hoc
836 3626 970 3709 ipso
1009 3627 1175 3708 quod
1220 3629 1509 3693 voluntas
1541 3632 1683 3713 post
1704 3631 2163 3694 advertentiam
2195 3630 2547 3694 intellectus
2580 3631 2656 3695 ad
2687 3631 2776 3695 rei
2822 3631 3134 3695 malitiam

674 3731 738 3793 in
785 3748 857 3793 ea
902 3730 1090 3795 libere
1145 3732 1455 3814 persistat,
1505 3734 1565 3796 in
1625 3733 2032 3797 delectatione
2085 3734 2252 3796 mala
2297 3733 2486 3797 libere
2530 3734 2815 3798 moratur
2862 3734 3135 3817 adeoque

918 3859 976 3897 »-

673 3835 934 4013 Ρθῖῗιξιε
968 3936 1217 4017 quidem
1252 3939 1346 4001 est
1377 3937 1657 4002 doctrina
1689 3956 1738 4001 ε.
1774 3938 2049 4002 Thomae
2084 3939 2141 4001 1.
2178 3941 2237 4001 2.
2273 3957 2330 4019 q.
2370 3939 2471 4001 74.
2508 3940 2625 4002 art.
2654 3939 2714 4001 6.
2743 3939 2821 4003 ad
2845 3941 2933 4002 3.:
2958 3964 2995 3998 α
3028 3939 3136 4003 Di-

574 4108 580 4115 ,
672 4038 953 4112 cendum,
987 4040 1153 4120 quod
1185 4039 1512 4104 delectatio
1546 4040 1773 4104 dicitur
1803 4059 2049 4105 morosa
2089 4059 2211 4105 non
2242 4059 2313 4104 ex
2344 4059 2520 4104 mora
2552 4042 2870 4123 temporis,
2906 4042 3014 4106 sed
3060 4061 3135 4104 ex

671 4162 759 4217 eo,
786 4142 954 4223 qaod
980 4145 1145 4205 ratio
1170 4143 1524 4207 deliberans
1546 4145 1713 4207 circa
1746 4164 1882 4207 eam
1911 4145 2300 4217 immoratur,
2326 4164 2438 4207 nec
2472 4147 2675 4207 tamen
2707 4165 2844 4207 cam
2867 4144 3132 4226 repellit,

675 4250 886 4310 tenens
932 4249 993 4309 et
1036 4246 1246 4310 volens
1291 4245 1573 4320 libenter,
1607 4268 1766 4328 quae
1811 4248 2026 4311 statim
2069 4250 2143 4309 ut
2183 4247 2534 4330 attiycrunt
2571 4246 2874 4319 animum,
2922 4247 3133 4327 respui

670 4347 1016 4412 debuerunt
1046 4375 1107 4414 ».

760 4447 937 4522 534.
957 4452 1194 4516 Auctor
1224 4451 1448 4527 dicens,
1482 4451 1973 4527 delectationem,
2000 4452 2054 4515 si
2079 4452 2446 4515 terminetur
2482 4450 2560 4513 ad
2590 4451 2943 4534 cogitatum
2975 4470 3126 4534 opus

672 4555 908 4618 malum
956 4554 1291 4617 secundum
1338 4572 1419 4625 se,
1470 4573 1601 4617 esse
1658 4557 1979 4637 peccatum
2023 4555 2289 4618 mortale
2338 4554 2434 4617 vel
2486 4553 2744 4630 veniale,
2792 4556 2982 4635 prout
3033 4554 3126 4618 est

670 4657 875 4738 ipsum
909 4675 1082 4741 opuS,
1118 4655 1354 4740 allegat
1382 4674 1430 4718 s,
1466 4655 1791 4721 Thomam.
1832 4658 1887 4721 1.
1925 4659 1984 4721 2.
2019 4676 2078 4737 q.
2116 4656 2219 4719 74.
2254 4657 2372 4719 art.
2408 4656 2468 4719 8.
