3529 5158
384 383 528 459 [459]
1175 401 1522 443 nnvocario
1560 402 2059 446 mamusa'noms
2739 390 2845 446 437

479 494 598 560 Sed
632 496 743 560 alii
772 497 1007 581 negant
1035 499 1100 561 et
1134 498 1360 563 merito
1394 499 1645 582 negant,
1678 499 1743 562 in
1781 499 2135 580 praemissis
2170 500 2415 565 casibus
2447 500 2846 585 obligationis

387 597 789 675 successivae,
839 597 1264 682 legislatorem
1307 599 1527 664 tollere
1573 599 2028 685 obligationem
2073 601 2377 680 absolute,
2422 621 2564 666 cum
2612 602 2848 685 dispen-

389 699 698 764 sationem
744 719 868 765 non
912 701 1225 775 concedat,
1273 702 1394 766 nisi
1430 702 1547 766 sub
1592 702 1789 766 tacita
1835 702 2183 767 conditione
2228 705 2344 767 etc.

479 801 751 885 Reponit
797 800 1126 867 Granadus
1165 802 1330 885 apud
1367 804 1634 869 Dianam
1670 804 1712 868 l.
1753 825 1805 870 c.
1848 825 1905 868 n.
1946 807 2083 870 10.:
2130 830 2166 864 ‹
2202 803 2321 870 Sed
2365 806 2484 872 hoc
2527 806 2705 870 facile
2751 825 2847 870 re-

383 902 658 981 fellitur;
706 903 856 986 quia
891 903 1051 969 falso
1088 905 1480 988 supponitur,
1528 906 1725 970 inesse
1755 906 2201 988 dispensationi
2229 907 2388 971 hanc
2420 908 2677 972 tacitam
2708 926 2848 971 con·

384 1004 704 1070 ditionem.
740 1005 946 1070 Verba
991 1006 1157 1070 enim
1201 1005 1679 1089 dispensationis
1725 1008 2014 1072 absoluta
2059 1009 2209 1072 sunt
2252 1011 2316 1072 et
2358 1010 2599 1074 nullam
2644 1008 2847 1074 condi-

381 1108 618 1172 tionem
663 1106 965 1172 eiusmodi
1010 1107 1366 1192 significant
1394 1133 1456 1173 ».

473 1210 563 1275 At
593 1210 1053 1293 responsionem
1084 1211 1384 1275 habemus
1405 1211 1469 1274 in
1501 1212 1856 1294 praemissis
1892 1231 1963 1275 ex
1996 1211 2243 1277 Suarez.
2274 1212 2333 1276 N
2337 1231 2415 1277 on
2445 1212 2646 1297 gratis
2677 1230 2842 1290 vero,

385 1311 494 1378 sed
521 1312 879 1377 firmissima
915 1312 1157 1389 ratione
1186 1313 1559 1397 supponitur
1595 1313 1790 1378 tacita
1820 1313 1931 1379 illa
1962 1313 2253 1380 conditio.
2286 1313 2451 1378 Nam
2483 1314 2691 1397 palam
2727 1315 2841 1393 est,

285 1456 297 1465 ·
385 1416 767 1499 superiorem
799 1417 862 1481 in
893 1417 1188 1500 concepta
1217 1416 1549 1502 hypothesi
1583 1436 1809 1483 causae
1855 1419 2099 1501 penitus
2129 1417 2484 1496 deficientis,
2525 1437 2634 1482 nec
2677 1417 2847 1483 licite

388 1537 501 1583 nec
545 1519 748 1584 valide
794 1518 947 1601 (nisi
991 1519 1078 1584 sit
1120 1519 1475 1604 legislator)
1520 1538 1700 1603 posse
1745 1519 2117 1603 dispensare.
2156 1520 2321 1604 Ergo
2369 1539 2510 1584 eum
2556 1520 2848 1584 voluntas

386 1621 677 1704 peccandi
721 1641 844 1687 non
890 1621 1113 1687 debeat
1155 1622 1439 1705 supponi,
1487 1642 1810 1705 nunquam
1855 1623 2063 1706 potest
2106 1623 2372 1705 supponi
2416 1622 2707 1687 voluntas
2752 1622 2848 1687 di-

382 1723 715 1807 spensandi
760 1724 950 1789 etiam
998 1744 1107 1808 pro
1155 1725 1504 1810 hypothesi,
1552 1744 1676 1806 qua
1723 1743 1912 1789 causa
1958 1725 2171 1789 cesset.

468 1825 598 1892 Nec
644 1827 831 1903 valet,
880 1827 1048 1910 quod
1091 1827 1355 1891 resumit
1400 1825 1692 1892 Granada
1739 1827 1902 1910 apud
1950 1826 2152 1892 Diana
2197 1828 2239 1891 l.
2289 1847 2340 1891 c.
2380 1848 2440 1891 n.
2481 1827 2604 1905 13.,
2653 1826 2843 1891 etiam

384 1929 542 1993 alias
589 1927 1078 2012 dispensationes
1125 1929 1350 1995 habere
1395 1930 1672 1994 tractum
1700 1929 2136 2007 successivum,
2176 1949 2234 1993 v.
2268 1949 2363 2014 gr.
2404 1948 2440 1992 a
2472 1930 2618 1994 voto
2664 1928 2847 1993 casti-

382 2034 535 2098 tatis
583 2033 662 2098 ob
705 2033 1051 2117 perieulum
1095 2033 1596 2098 incontinentiae.

467 2134 634 2199 Nam
665 2136 784 2201 etsi
805 2135 1078 2214 daretur,
1110 2135 1325 2200 haberi
1357 2136 1633 2201 tractum
1663 2135 2098 2213 successivum,
2125 2136 2190 2200 et
2220 2135 2379 2200 aliae
2409 2133 2627 2198 statim
2661 2152 2843 2216 appa-

379 2240 519 2302 rent
533 2238 942 2322 gravissimae
965 2238 1257 2317 rationes,
1284 2257 1394 2302 cur
1417 2238 1796 2322 dispensatio
1820 2237 2175 2303 istiusmodi
2197 2237 2569 2323 gravissima
2590 2236 2846 2300 inferret

377 2341 788 2406 incommoda.
825 2341 1060 2407 Idcirco
1090 2341 1492 2418 consuetudo,
1526 2360 1686 2423 quae
1721 2341 1787 2404 in
1825 2341 2110 2405 omnibus
2147 2342 2243 2405 est
2274 2340 2511 2423 optima
2540 2340 2842 2422 interpres

377 2444 443 2506 et
472 2462 507 2507 e
542 2462 669 2525 qua
705 2444 898 2508 etiam
943 2443 1334 2509 voluntatem
1380 2443 1794 2526 dispensantis
1839 2444 1957 2507 rite
2004 2443 2346 2527 arguimuS‚
2397 2441 2841 2525 obligationem

379 2545 516 2611 voti
560 2546 873 2613 castitatis
920 2546 1068 2630 (nisi
1098 2547 1163 2612 in
1200 2545 1656 2630 dispensatione
1701 2545 1875 2612 aliud
1910 2547 2232 2630 caveatur)
2271 2546 2472 2611 totam
2511 2545 2699 2610 simul
2729 2563 2839 2628 pro

385 2668 625 2732 semper
669 2651 1040 2716 exstinctam
1085 2651 1296 2727 docet;
1347 2668 1520 2715 secus
1567 2669 1710 2715 vero
1756 2650 1823 2714 in
1870 2650 2325 2733 dispensatione
2372 2651 2484 2714 aut
2530 2647 2838 2728 breviarii,

378 2754 492 2817 aut
538 2753 949 2819 abstinentiae
994 2755 1110 2818 etc.

465 2850 645 2926 459.
696 2857 730 2894 *
765 2856 990 2921 Restat
1019 2858 1093 2921 ut
1130 2856 1397 2922 breviter
1443 2857 1516 2922 de
1564 2857 1687 2921 alia
1733 2856 1966 2939 duplici
2012 2874 2201 2920 causa
2232 2854 2510 2920 dicamus
2541 2853 2839 2919 cessantis

377 2956 872 3040 dispensationis.
905 2958 1120 3023 Altera
1157 2959 1320 3023 enim
1365 2961 1480 3037 est,
1529 2960 1603 3024 ut
1646 2959 1776 3023 iam
1820 2958 2198 3030 monuimus,
2247 2958 2551 3021 revocatio
2599 2956 2841 3036 dispen-

373 3060 601 3133 santis,
640 3060 828 3125 tertia
856 3061 1243 3126 renuntiatio
1280 3061 1642 3140 dispensati.

469 3161 690 3242 Quoad
732 3163 1210 3237 revocationem,
1259 3162 1509 3227 adverte
1555 3182 1697 3227 cum
1743 3160 1970 3226 Suarez
2018 3159 2093 3224 de
2139 3160 2292 3240 Ley.
2325 3158 2433 3223 lib.
2470 3160 2529 3221 6.
2564 3178 2697 3241 cap.
2731 3161 2835 3223 20.

380 3289 439 3331 n.
477 3269 537 3329 2.
578 3265 1097 3349 dispensationem
1129 3265 1382 3349 reperiri
1414 3283 1591 3347 posse
1621 3265 1686 3328 in
1718 3263 1949 3345 triplici
1994 3261 2229 3327 stadio:
2280 3260 2567 3325 videlicet
2602 3260 2666 3322 1⁰
2697 3279 2839 3323 cum

381 3369 647 3434 facultas
689 3367 858 3433 facta
904 3370 1001 3433 est
1044 3366 1463 3451 dispensandi:
1515 3363 1583 3429 2⁰
1629 3385 1773 3429 cum
1820 3364 2196 3448 dispensatio
2243 3364 2392 3427 data
2438 3361 2561 3427 est:
2596 3362 2667 3425 3⁰
2696 3380 2839 3425 cum

380 3492 454 3538 ea
503 3472 601 3536 est
641 3472 768 3537 iam
814 3469 1192 3537 exsecutioni
1237 3468 1534 3533 mandata
1565 3469 1626 3533 h.
1662 3487 1712 3532 e.
1746 3468 1811 3531 in
1844 3485 2029 3531 usum
2075 3465 2357 3531 deducta.
2406 3465 2544 3529 Iam
2590 3483 2753 3543 vere,
2786 3465 2839 3529 si

327 3641 330 3646 ,
379 3574 640 3641 tertium
687 3575 964 3639 stadium
1001 3574 1243 3638 obtinet
1289 3573 1352 3635 et
1396 3591 1492 3636 res
1526 3573 1623 3636 est
1652 3573 1792 3635 tota
1837 3568 2025 3634 simul
2072 3570 2135 3633 et
2178 3567 2611 3646 immutabiliS,
2643 3569 2718 3633 ut
2747 3567 2841 3632 di-

379 3667 691 3761 spensatio
731 3677 796 3741 in
838 3674 1277 3759 impedimento
1322 3672 1727 3749 matrimonii,
1767 3671 2014 3737 evidens
2052 3673 2166 3748 est,
2199 3670 2316 3736 hoc
2345 3673 2684 3746 contracte,
2718 3689 2839 3735 non

379 3799 556 3864 posse
599 3779 876 3844 revocari
922 3777 1460 3862 dispensationem.
1503 3775 1568 3840 Si
1613 3792 1757 3840 vero
1804 3793 1900 3838 res
1948 3775 2044 3839 est
2089 3775 2451 3848 successiva,
2493 3774 2568 3836 ut
2597 3772 2840 3854 dispen-

377 3884 539 3950 satio
574 3904 611 3948 a
641 3884 779 3969 lege
809 3882 1028 3947 ieiunii
1052 3880 1625 3966 quadragesimam,
1654 3899 1690 3943 a
1713 3878 2077 3943 recitatione
2100 3877 2408 3952 breviarii,
2441 3876 2837 3958 dispensatio,

377 3986 522 4051 licet
566 3987 697 4051 iam
752 3985 1130 4051 exsecutioni
1174 3983 1491 4058 mandata,
1541 4002 1605 4047 se
1650 3981 1840 4045 habet
1885 3981 2093 4044 tamen
2140 3977 2347 4059 quoad
2392 3978 2568 4041 actus
2622 3977 2684 4042 in
2740 3996 2843 4058 po·

380 4091 618 4154 sterum
665 4087 978 4172 ponendos
1025 4092 1326 4170 tanquam
1373 4087 1435 4150 in
1477 4088 1545 4149 2ο
1582 4083 1816 4150 stadio:
1850 4082 1927 4146 cf.
1961 4082 2128 4145 dicta
2174 4101 2277 4146 nn.
2324 4078 2600 4163 praeced.
2645 4080 2839 4144 Porro

379 4211 521 4257 cum
552 4191 935 4275 dispensatio
969 4191 1173 4256 solum
1202 4191 1266 4254 in
1298 4188 1497 4273 primo
1537 4188 1635 4252 vel
1666 4185 1859 4251 etiam
1890 4184 2155 4250 secundo
2188 4183 2389 4247 stadio
2422 4183 2682 4258 exsistit,
2732 4202 2842 4266 po-

379 4296 501 4359 test
532 4293 739 4359 valide
773 4312 810 4357 a
848 4291 1162 4376 superiore
1191 4291 1584 4375 dispensante
1631 4288 1926 4354 revocari.
1964 4286 2149 4364 Nam,
2185 4287 2263 4362 ,ut
2299 4285 2392 4349 ait
2419 4284 2581 4349 idem
2613 4283 2839 4352 Suarez

379 4417 438 4461 n.
464 4397 549 4476 6.,
577 4415 686 4479 per
710 4395 900 4459 talem
925 4395 1446 4477 dispensationem
1477 4393 1723 4459 nullum
1753 4389 2017 4474 speciale
2047 4390 2146 4454 ius
2178 4387 2464 4453 subditus
2488 4387 2837 4470 acquisivit,

377 4499 482 4565 sed
519 4499 730 4564 solum
765 4497 1067 4562 liberatus
1099 4497 1195 4559 est
1232 4516 1267 4560 a
1305 4496 1553 4560 vinculo
1583 4495 1777 4579 legis:
1812 4493 2019 4576 potest
2050 4493 2261 4556 autem
2298 4492 2576 4574 princeps
2613 4493 2839 4556 iterum

376 4603 562 4668 illum
593 4601 718 4686 legi
752 4599 1051 4665 subiicere
1076 4617 1182 4662 seu
1204 4598 1405 4683 legem
1430 4598 1508 4662 ad
1532 4597 1867 4681 pristinum
1892 4597 2130 4661 statum
2160 4594 2505 4670 restituere,
2533 4596 2608 4657 ut
2632 4613 2840 4659 omnes
