3529 5158
330 331 471 409 [535]
630 343 1016 387 ntxnac'rxno
1050 343 1311 385 nonosA.
1349 344 1436 383 ms
1470 342 1674 383 omma
1709 343 1896 384 usne.
1931 343 2025 383 -nm
2061 343 2472 386 acerrumus:
2673 330 2785 385 493

412 447 601 512 Porro
648 464 696 508 s.
732 444 953 507 Thom.
985 443 1198 507 monet
1227 465 1264 500 α
1294 440 1460 522 quod
1490 440 1652 504 circa
1688 441 1806 504 hoc
1854 441 2047 522 aliqui
2094 440 2501 505 diversimode
2542 441 2781 526 opinati

327 549 484 613 sunt.
518 545 785 626 Quidam
821 545 985 609 enim
1023 544 1329 619 dixerunt,
1362 542 1526 624 quod
1558 561 1891 607 consensus
1923 543 1990 607 in
2027 543 2500 608 delectationem
2530 563 2654 609 non
2688 546 2781 608 est

327 649 641 733 peccatum
675 647 960 724 mortale,
994 646 1100 710 sed
1132 645 1389 709 veniale.
1428 645 1555 708 Alii
1598 665 1741 710 vero
1781 646 2085 724 dixerunt,
2119 646 2285 728 quod
2317 647 2415 711 est
2459 649 2781 730 peccatum

326 751 582 817 mortale
628 750 693 814 et
721 749 872 813 haec
905 748 1111 832 opinio
1141 749 1238 812 est
1283 747 1669 814 communior
1714 748 1781 812 et
1809 748 2209 815 verisimilior
2240 773 2301 813 ».
2337 749 2438 813 Ita
2473 767 2522 814 s.
2559 750 2783 814 Thom.

329 853 492 933 Quae
527 852 717 916 verba
748 870 797 916 s.
831 851 1107 916 Thomae
1138 852 1287 914 sunt
1316 850 1409 914 ita
1444 850 1866 935 intelligenda,
1907 852 2073 933 quod
2110 852 2366 934 quidam
2403 853 2784 937 putaverint,

330 954 625 1020 eiusmodi
671 953 1143 1018 delectationem
1172 971 1491 1034 nunquam
1528 953 1811 1018 excedere
1842 955 2164 1036 peccatum
2196 955 2452 1020 veniale.
2487 955 2650 1019 Nam
2696 975 2791 1019 ce-

330 1059 609 1141 teroquin
655 1058 708 1123 si
756 1059 1067 1123 obiectum
1111 1057 1539 1122 delectationis
1586 1057 1671 1121 sit
1715 1057 2023 1140 culpabile
2069 1058 2325 1122 leviter:
2375 1077 2498 1122 non
2554 1057 2784 1140 poterit

329 1179 456 1225 esse
484 1161 549 1224 in
581 1160 989 1225 delectatione
1026 1159 1208 1242 culpa
1239 1158 1509 1244 gravior.

412 1261 702 1328 Ceterum
732 1262 896 1328 sicut
918 1282 968 1325 S.
996 1261 1267 1326 Thomas
1299 1261 1474 1339 dixit,
1500 1261 1988 1327 communiorem
2019 1263 2085 1326 et
2120 1261 2615 1326 verisimiliorem
2647 1279 2779 1325 esse

325 1365 684 1440 doctrinam,
718 1384 876 1447 quae
908 1366 1096 1440 tenet,
1128 1382 1386 1448 gravem
1428 1364 1676 1446 cuipam
1714 1365 1860 1428 huic
1891 1363 2290 1429 delectationi
2319 1365 2516 1429 inesse
2564 1381 2778 1446 posse:

323 1467 411 1532 ita
441 1465 669 1533 Suarez
687 1467 763 1530 dc
786 1465 1077 1530 Peccatis
1106 1465 1261 1549 disp.
1282 1465 1344 1529 5.
1371 1468 1519 1530 sect.
1550 1466 1607 1529 7.
1635 1487 1694 1530 n.
1717 1467 1778 1529 6.
1806 1467 2158 1550 oppositam
2181 1467 2573 1542 sententiam,
2592 1484 2780 1547 quam

321 1570 544 1635 tribuit
570 1569 817 1654 Lyrano
850 1571 914 1633 et
948 1567 1333 1651 probabilem
1367 1568 1652 1633 habitam
1683 1567 1874 1633 fuisse
1908 1589 1944 1634 a
1967 1569 2248 1634 Victoria
2273 1589 2345 1633 ex
2379 1569 2546 1632 fama
2570 1567 2777 1643 refert,

318 1671 789 1756 improbabilem
845 1670 1094 1735 omnino
1140 1669 1294 1733 dicit
1337 1671 1401 1733 et
1446 1689 1579 1735 esse
1624 1674 1843 1736 contra
1889 1690 2099 1737 omnes
2157 1673 2506 1757 theologos,
2555 1670 2782 1753 quippe

320 1793 476 1855 quae
509 1773 892 1838 occasionem
925 1771 1179 1854 praebet
1207 1771 1453 1836 libidini
1482 1773 1545 1836 et
1576 1773 1811 1837 ruinae.

399 1877 597 1942 Porro
636 1875 820 1952 ratio,
851 1894 963 1938 cur
998 1873 1083 1938 sit
1114 1877 1437 1956 peccatum
1485 1875 1769 1952 mortale,
1805 1876 2033 1940 clarius
2085 1876 2344 1959 patebit,
2385 1876 2537 1941 dum
2578 1875 2786 1941 redde-

315 1997 454 2043 mus
486 1977 795 2043 rationem
829 1975 1276 2059 explicationis,
1309 1994 1497 2057 quam
1529 1996 1673 2042 mox
1705 1978 1881 2043 addit
1918 1979 2174 2044 Auctor.

400 2075 578 2150 535.
613 2079 852 2143 Auctor
896 2078 1231 2163 distinguit
1265 2079 1426 2144 inter
1456 2078 1929 2146 delectationem
1972 2082 2048 2146 dc
2079 2103 2258 2162 opere
2304 2081 2469 2146 malo
2516 2083 2581 2148 et
2626 2081 2783 2146 dele·

315 2183 645 2246 dationem
674 2180 748 2244 de
780 2181 1152 2262 coqitationc
1184 2182 1390 2260 operis
1424 2181 1599 2247 mali.

402 2284 705 2350 Doctrina
750 2284 902 2348 haec
937 2285 1035 2348 est
1069 2302 1119 2348 s.
1154 2284 1431 2349 Thomae
1462 2288 1526 2350 et
1555 2285 1920 2371 diligentius
1952 2287 2343 2366 attendenda,
2378 2292 2450 2351 ut
2483 2288 2632 2351 bene
2679 2287 2784 2351 de-

314 2386 705 2462 terminetur,
740 2386 994 2450 ubinam
1026 2385 1112 2451 sit
1141 2387 1354 2471 gravis
1385 2388 1587 2471 culpa,
1622 2388 1695 2453 de
1733 2409 1860 2470 qua
1896 2390 2162 2474 agimus.

400 2490 627 2573 Itaque
673 2507 723 2553 s.
772 2489 1046 2554 Thomas
1093 2488 1345 2569 Quaest.
1385 2491 1487 2554 15.
1521 2489 1596 2553 de
1644 2487 1836 2555 Verit.
1873 2494 1991 2556 art.
2026 2493 2089 2556 4.
2133 2493 2457 2576 disputans
2506 2493 2579 2558 de
2625 2492 2783 2558 dele-

316 2594 580 2660 ctatione
618 2611 889 2671 morosa,
923 2611 1081 2674 quae
1113 2595 1209 2658 est
1238 2613 1346 2675 per
1377 2613 1743 2659 consensum
1780 2595 1843 2659 in
1876 2595 2350 2662 delectationem
2383 2597 2778 2662 exsistentem

316 2694 377 2758 in
422 2698 598 2779 parte
644 2694 945 2768 inferiori,
992 2696 1279 2777 quamvis
1326 2696 1492 2761 absit
1546 2716 1880 2762 consensus
1926 2699 1991 2762 in
2037 2718 2212 2782 opus,
2263 2700 2391 2765 ait:
2436 2724 2472 2759 «
2515 2699 2781 2780 Quidam

316 2796 613 2875 dixerunt,
650 2796 819 2879 quod
849 2796 1207 2880 (delectatio
1238 2801 1515 2876 morosa)
1552 2818 1675 2864 non
1706 2801 1803 2864 est
1846 2803 2169 2883 peccatum
2215 2803 2503 2881 mortale,
2545 2804 2651 2869 sed
2683 2825 2779 2868 ve-

318 2899 536 2964 niale...
578 2900 700 2965 Isti
748 2898 1020 2982 opinioni
1066 2901 1436 2965 contradicit
1479 2903 1826 2966 communis
1874 2904 2080 2986 opinio
2111 2905 2550 2970 modernorum
2584 2908 2648 2971 et
2696 2908 2782 2970 vi-

317 3000 490 3067 detur
546 3004 609 3066 in
666 3001 1013 3085 periculum
1067 3003 1416 3068 animarum
1463 3024 1745 3088 vergere3
1797 3024 1940 3069 cum
1994 3026 2066 3069 ex
2111 3025 2414 3071 consensu
2467 3008 2533 3069 in
2583 3009 2776 3072 talem

318 3102 789 3170 delectationem
833 3105 1018 3168 homo
1067 3105 1130 3168 in
1177 3107 1498 3186 peccatum
1545 3106 2006 3188 promptissime
2035 3107 2300 3171 incidere
2347 3108 2564 3189 possit.
2606 3109 2784 3173 Unde

319 3206 494 3271 alteri
526 3205 808 3290 opinioni
835 3207 1039 3290 magis
1069 3205 1315 3269 videtur
1346 3225 1478 3269 esse
1508 3205 1991 3284 assentiendum,
2019 3227 2179 3288 quae
2211 3209 2388 3290 pouit
2421 3209 2612 3271 talem
2645 3228 2784 3273 con-

320 3325 563 3373 sensum
608 3328 742 3375 esse
787 3308 1109 3392 peccatum
1156 3307 1460 3371 mortale:
1509 3308 1687 3372 cuius
1747 3308 2054 3391 opinionis
2111 3310 2343 3373 veritas
2401 3310 2543 3374 hinc
2590 3312 2782 3395 accipi

318 3411 542 3491 potest.
569 3410 898 3476 Sciendum
927 3429 1214 3491 namque,
1241 3410 1406 3492 quod
1437 3410 1601 3474 sicut
1624 3410 1704 3474 ad
1733 3410 2098 3475 exteriorem
2123 3413 2548 3478 fornicationis
2573 3414 2783 3479 actum

318 3514 596 3596 sequitur
639 3535 757 3581 sua
804 3514 1133 3580 delectatio
1181 3514 1506 3592 sensibilis,
1540 3516 1633 3580 ita
1666 3515 1743 3579 ad
1794 3520 2004 3581 actum
2051 3519 2451 3602 cogitationis
2500 3520 2785 3602 sequitur

318 3634 427 3680 sua
449 3616 784 3683 delectatio
807 3618 1082 3682 interior.
1110 3615 1227 3682 Sed
1260 3618 1337 3681 ad
1368 3617 1816 3702 cogitationem
1847 3618 2072 3702 duplex
2101 3620 2432 3687 delectatio
2468 3624 2779 3704 sequitur:

318 3738 437 3784 una
467 3721 722 3802 quidem
754 3724 1033 3800 exparte
1063 3720 1264 3799 ‘opsita-s
1294 3721 1709 3801 coyitabionis,
1745 3722 1870 3787 alia
1903 3742 2048 3787 vero
2079 3742 2151 3787 ex
2171 3728 2360 3803 parte
2392 3725 2594 3803 ipsius
2624 3728 2784 3805 0095-

319 3823 448 3886 tati.
482 3825 886 3890 Delectamur
915 3824 1079 3887 enim
1120 3823 1488 3905 quandoque
1518 3823 1583 3887 in
1614 3824 1995 3908 cogitatione
2028 3828 2280 3908 propter
2309 3827 2512 3906 ipsam
2550 3827 2782 3909 cogita·

314 3923 564 4004 tionem,
598 3947 674 3991 ex
705 3945 831 4008 qua
867 3927 1045 3991 nobis
1085 3925 1428 4007 acquiritur
1459 3926 1764 4007 quaedam
1812 3927 2085 4010 cognitio
2119 3928 2183 3989 in
2217 3929 2362 3991 actu
2400 3926 2775 4007 aliquorum,

314 4030 595 4108 quamvis
642 4029 822 4094 nobis
860 4029 1241 4112 displiceant,
1276 4028 1440 4093 sicut
1486 4028 1712 4109 aliquis
1753 4029 1958 4093 iustus
1990 4029 2232 4112 cogitat
2263 4027 2336 4092 de
2382 4028 2671 4110 peccam,
2708 4030 2783 4093 de

310 4130 393 4195 eis
425 4131 804 4216 disputando
829 4131 895 4195 et
923 4131 1286 4196 conferendo
1317 4134 1383 4195 et
1403 4131 1468 4195 in
1492 4131 1756 4196 veritate
1780 4131 1965 4195 istius
1989 4130 2392 4214 cogitationis
2416 4131 2783 4195 delectatur.

309 4230 422 4296 Sed
467 4235 620 4299 tunc
669 4234 918 4317 propter
963 4235 1101 4318 ipsa
1145 4234 1425 4319 cogitata
1471 4232 1803 4299 delectatio
1852 4232 2151 4313 sequitur,
2201 4233 2447 4314 quando
2495 4234 2634 4316 ipsa
2681 4254 2781 4299 res

308 4336 586 4421 cogitata
619 4336 911 4401 affectum
941 4339 1153 4402 movet
1184 4338 1248 4401 et
1285 4337 1499 4401 allicit.
1527 4336 1610 4400 Et
1641 4337 1758 4400 hae
1791 4334 2040 4417 quidem
2074 4336 2232 4400 duae
2266 4336 2682 4421 cogitationes
2715 4338 2778 4401 in

308 4439 685 4520 quibusdam
733 4440 974 4505 actibus
1020 4438 1345 4504 manifeste
1391 4440 1684 4504 differunt
1729 4439 1796 4503 et
1843 4440 2060 4521 aperte
2114 4439 2622 4524 distinguuntur:
2672 4441 2779 4505 sed

309 4561 522 4607 earum
554 4542 877 4608 distinctio
908 4544 973 4608 in
1003 4542 1385 4627 cogitatione
1416 4543 1489 4607 de
1522 4543 1790 4625 peccatis
1828 4543 2029 4608 carnis
2061 4543 2263 4629 magis
2287 4544 2473 4619 latet3
2501 4563 2572 4609 eo
2615 4544 2780 4626 quod
