3529 5158
703 338 776 391 24
1152 352 1365 393 Tmcr.
1402 354 1443 392 1.
1480 354 1566 393 nn
1603 351 1860 394 Aca-mus
1896 350 2190 395 numme.
2230 350 2428 391 CAPUT
2465 351 2530 392 11.
2569 337 2619 406 ξ.
2658 337 2709 389 2.
3053 336 3163 412 [29]

794 460 1006 525 Tertia
1037 460 1297 542 denique
1338 461 1608 526 conditio
1658 464 1772 534 est,
1808 463 1879 524 ut
1928 479 2117 544 agens
2164 462 2447 524 teneatur
2494 479 2615 524 non
2662 477 2885 542 ponere
2916 479 3170 525 causam

706 566 817 628 aut
848 563 1118 645 positam
1150 562 1388 627 auferre
1419 566 1484 627 et
1515 563 1766 645 quidem
1796 563 1932 629 ideo
1965 564 2271 636 teneatur,
2298 582 2372 627 ne
2404 563 2509 626 ille
2556 565 2854 644 sequatur
2897 563 3168 628 effectus,

794 665 1013 729 Teneri
1051 666 1263 728 autem
1295 664 1433 745 quis
1468 667 1675 747 potest
1706 665 1805 729 vel
1837 684 1908 729 ex
1939 665 2144 729 officio
2179 685 2236 728 v.
2269 685 2361 748 gr.
2395 664 2715 748 magister,
2747 664 3170 748 paedagogus,

706 770 988 850 parentes
1021 769 1097 831 ad
1147 768 1438 834 arcendos
1470 788 1506 832 a
1538 770 1655 833 sibi
1688 769 2033 834 commissis
2064 769 2268 850 pueris
2315 786 2538 850 pravos
2578 768 2798 840 socios,
2831 787 2907 832 ne
2953 768 3171 850 depra-

709 872 961 934 ventur:
997 872 1094 935 vel
1142 891 1212 934 ex
1244 871 1488 935 iustitia
1533 871 1631 934 uti
1680 892 1735 935 v.
1770 892 1862 955 gr.
1899 873 2073 936 tutor
2104 873 2216 934 aut
2263 869 2730 935 administrator
2759 870 2920 934 circa
2966 889 3063 933 res
3110 873 3173 934 et

705 972 959 1055 negotia
991 972 1110 1036 sibi
1140 973 1522 1037 concredita:
1558 974 1656 1037 vel
1686 993 1758 1036 ex
1790 973 2049 1038 caritate
2083 992 2241 1055 quae
2273 992 2331 1035 v.
2364 992 2457 1055 gr.
2480 971 2783 1055 postulat,
2814 974 2890 1034 ut
2920 972 3169 1045 clames,

708 1094 781 1138 ne
806 1075 967 1138 alius
998 1075 1060 1138 in
1096 1076 1259 1139 vitae
1282 1075 1608 1140 discrimen
1632 1076 1863 1139 inscius
1885 1075 2138 1139 incidat.
2164 1074 2334 1138 Dixi:
2362 1076 2648 1138 teneatur
2676 1073 2835 1146 ideo,
2861 1093 2936 1138 ne
2967 1075 3171 1138 malus

704 1177 811 1241 ille
857 1176 1107 1240 effectus
1139 1179 1455 1257 sequatur.
1488 1179 1588 1241 Ita
1634 1178 1781 1241 licet
1812 1195 2040 1259 pecces,
2074 1178 2127 1241 si
2157 1176 2498 1241 necessaria
2538 1174 2912 1240 valetudinis
2959 1195 3171 1239 curam

708 1296 828 1341 non
876 1279 1125 1351 habeas,
1159 1298 1280 1342 non
1327 1279 1551 1343 idcirco
1585 1278 1701 1342 tibi
1732 1278 2168 1361 imputabitur,
2203 1278 2369 1359 quod
2415 1276 2710 1359 quopiam
2756 1277 2854 1341 die
2897 1277 3172 1341 ieiunare

708 1378 921 1443 exinde
954 1399 1074 1444 non
1108 1380 1325 1461 possis.

798 1481 984 1546 Ratio
1009 1483 1259 1565 regulae
1283 1485 1404 1557 est;
1432 1482 1579 1564 quia
1612 1502 1785 1547 secus
1820 1502 2028 1566 agens,
2055 1483 2108 1546 si
2139 1501 2262 1546 non
2293 1483 2539 1546 tenetur
2564 1480 2868 1544 abstinere
2901 1500 2936 1544 a
2961 1500 3171 1552 causa,

708 1582 840 1645 iure
888 1602 1000 1647 suo
1031 1584 1236 1647 utitur
1267 1587 1330 1648 et
1359 1585 1479 1647 nisi
1511 1587 1798 1648 teneatur
1826 1585 1964 1650 ideo
1996 1604 2071 1649 ne
2104 1585 2353 1649 effectus
2385 1583 2490 1647 ille
2537 1586 2852 1665 sequatur,
2889 1603 3077 1667 agens
3109 1602 3172 1647 se

709 1684 897 1748 habet
919 1670 1124 1766 quoad
1157 1686 1417 1751 eundem
1448 1686 1731 1750 effectum
1757 1687 1961 1751 solum
1985 1686 2367 1769 permissive:
2387 1685 2552 1766 quod
2582 1685 2764 1749 licere
2787 1704 2859 1749 ex
2892 1686 3174 1767 sequenti

710 1786 924 1868 regula
959 1787 1163 1870 magis
1196 1788 1433 1869 patebit
1464 1789 1578 1869 (a).

818 1918 884 1968 X.
910 1919 1017 1969 Huc
1057 1918 1169 1970 tacit
1206 1920 1336 1982 quod
1374 1918 1530 1984 inquit
1568 1934 1606 1971 s.
1634 1922 1866 1983 ThomaS‚
1893 1921 2008 1972 dum
2049 1922 2243 1987 probat,
2270 1921 2328 1971 ad
2361 1918 2438 1971 sui
2475 1917 2804 1972 defensionem
2843 1918 2995 1972 licere
3023 1918 3170 1972 etiam

710 1998 861 2052 alium
900 2000 1128 2053 occidere
1155 2006 1204 2055 2.
1229 2005 1276 2055 2.
1299 2019 1347 2068 q.
1370 2004 1454 2056 64.
1477 2018 1519 2054 a.
1543 2005 1593 2055 7.
1620 2003 1867 2069 inquiens:
1898 2004 2016 2057 nihil
2056 2004 2298 2071 prohibet,
2328 2003 2470 2057 unius
2496 2010 2636 2057 actus
2660 2018 2770 2058 esse
2798 2005 2924 2057 duos
2950 2006 3170 2069 effectus»,

710 2097 918 2149 quorum
950 2088 1075 2139 alter
1101 2090 1259 2139 solum
1285 2086 1349 2140 sit
1373 2087 1422 2140 in
1448 2087 1731 2151 intentione,
1760 2090 1884 2142 alter
1911 2103 2031 2141 vero
2069 2088 2133 2142 sit
2172 2095 2366 2155 praeter
2402 2086 2737 2141 intentionem.
2766 2089 2977 2141 Mor-ales
3003 2093 3166 2140 autern

712 2174 851 2221 actus
872 2168 1114 2235 recipiunt
1140 2170 1350 2236 speciem
1379 2173 1646 2225 secundum
1672 2171 1737 2233 id,
1758 2173 1889 2238 quod
1916 2171 2199 2235 intenditur,
2222 2187 2316 2225 non
2346 2179 2505 2226 autem
2531 2174 2591 2224 ab
2618 2187 2693 2232 ec,
2715 2173 2844 2237 quod
2870 2178 2945 2224 est
2972 2176 3170 2238 praeter

715 2251 1049 2319 intentionem,
1078 2269 1185 2307 cnm
1214 2254 1277 2309 sit
1306 2270 1393 2322 per
1419 2255 1660 2309 accidens.
1684 2258 1790 2323 Qua
1814 2255 2006 2321 quidem
2034 2254 2252 2309 doctrina
2274 2255 2403 2308 idem
2425 2254 2540 2307 alibi
2563 2254 2714 2308 utitur
2737 2258 2783 2307 2.
2807 2258 2855 2307 2.
2877 2271 2922 2320 q.
2947 2255 3030 2308 43.
3052 2270 3095 2308 a.
3118 2257 3167 2309 3.

710 2342 763 2391 ut
789 2351 814 2388 a
847 2344 1047 2403 peccato
1074 2346 1277 2392 excuset
1307 2341 1604 2401 scandalum,
1635 2342 1766 2406 quod
1795 2346 1991 2407 praeter
2016 2339 2203 2403 agentis
2228 2339 2544 2393 intentionem
2573 2344 2823 2405 sequatur.

794 2445 920 2519 29.
956 2448 1201 2515 Scilicet
1230 2452 1586 2516 huiusmodi
1620 2454 1712 2515 est
1760 2452 2160 2516 statuendum
2192 2451 2561 2535 principium
2594 2452 2709 2535 (b).
2743 2451 2916 2515 Licet
2948 2471 3172 2534 ponere

708 2570 961 2615 causam
992 2554 1217 2618 bonam
1252 2557 1362 2619 aut
1392 2555 1856 2632 indifferentem,
1892 2554 2067 2620 cuius
2100 2555 2323 2639 duplex
2354 2554 2438 2619 sit
2469 2555 2718 2619 effectus
2752 2554 3171 2626 immediatus,

711 2655 868 2717 alter
891 2654 1109 2729 bonUS,
1137 2656 1294 2720 alter
1317 2676 1459 2720 vero
1493 2657 1716 2730 malus,
1743 2657 1793 2720 si
1823 2656 1987 2720 adsit
2014 2658 2175 2721 ratio
2209 2657 2673 2741 proportionate
2703 2656 2912 2742 gravis
2945 2659 3008 2721 et
3031 2657 3172 2722 finis

711 2759 953 2841 agentis
1001 2759 1083 2822 sit
1114 2761 1430 2825 honestus.
1465 2758 1655 2823 Cuius
1704 2759 1988 2842 principii
2019 2759 2180 2823 ratio
2214 2763 2339 2836 est;
2376 2761 2520 2842 quia
2562 2759 2678 2824 hoc
2707 2758 3001 2822 illicitum
3050 2778 3173 2823 non

710 2861 803 2922 est
834 2860 1074 2924 ratione
1106 2861 1265 2934 finis,
1299 2862 1523 2944 quippe
1555 2861 1659 2942 qui
1695 2861 2065 2944 supponitur
2095 2862 2411 2935 honestus,
2444 2881 2639 2943 neque
2678 2861 2918 2925 ratione
2949 2880 3174 2925 causae

711 2963 969 3043 positae,
997 2963 1300 3045 siquidem
1326 2964 1694 3047 supponitur
1725 2965 1885 3029 bona
1918 2964 2016 3027 vel
2048 2964 2270 3029 saltem
2295 2964 2662 3037 indifferenS,
2690 2983 2884 3045 neque
2909 2983 2980 3026 ex
3005 2984 3178 3047 prae-

710 3063 943 3128 visione
989 3066 1163 3148 pravi
1195 3066 1471 3142 effectus;
1508 3085 1651 3130 nam
1697 3066 1761 3130 in
1802 3065 2131 3150 hypothesi
2163 3066 2260 3129 hic
2293 3086 2412 3130 non
2461 3065 2821 3138 intenditur,
2856 3065 2958 3130 sed
3006 3086 3174 3131 mere

709 3166 1124 3248 permittitur:
1160 3188 1301 3232 eum
1350 3171 1559 3233 autem
1608 3167 2003 3251 permittendi
2035 3169 2195 3232 ratio
2229 3168 2403 3232 adest
2449 3168 2912 3251 proportionate
2960 3168 3172 3251 gravis

709 3286 780 3331 ac
825 3268 1010 3332 iusta.
1046 3268 1328 3349 Quatuor
1359 3291 1503 3356 ergo
1538 3269 1939 3343 conditiones,
1973 3290 2130 3352 quae
2161 3269 2225 3332 in
2255 3271 2372 3334 hoc
2409 3269 2706 3353 principio
2740 3269 3170 3344 enunciant-ur,

708 3370 916 3434 adesse
964 3373 1210 3437 debent:
1246 3375 1537 3438 nimirum
1591 3375 1659 3437 la
1689 3375 1761 3437 ut
1801 3375 2097 3438 honestus
2132 3374 2213 3438 sit
2259 3372 2398 3437 finis
2447 3372 2709 3457 agentis,
2746 3373 2816 3435 2⁸
2862 3374 2934 3435 ut
2981 3391 3170 3437 causa

705 3471 788 3533 sit
834 3473 989 3537 bona
1042 3476 1138 3538 vel
1186 3477 1408 3540 saltem
1454 3476 1822 3546 indifferens,
1857 3478 1929 3537 3³
1960 3479 2030 3538 ut
2078 3477 2327 3540 effectus
2373 3475 2571 3539 bonus
2618 3474 2700 3538 sit
2745 3473 3168 3548 immediatus,

703 3574 777 3634 4⁸
808 3577 879 3637 ut
911 3575 1074 3638 adsit
1108 3576 1267 3640 ratio
1300 3577 1509 3661 gravis
1546 3577 1806 3658 ponendi
1839 3597 2092 3641 causam
2125 3597 2233 3641 nec
2265 3579 2550 3641 teneatur
2582 3595 2769 3661 agens
2817 3595 2887 3640 ex
2918 3576 3168 3641 institia

704 3676 815 3738 aut
848 3695 917 3739 ex
952 3677 1155 3741 officio
1191 3681 1300 3741 aut
1333 3698 1403 3743 ex
1436 3679 1696 3742 caritate
1729 3698 1866 3742 eam
1900 3679 2205 3743 omittere.

888 3779 953 3841 10
986 3778 1206 3861 ltaque
1253 3780 1391 3844 finis
1434 3781 1613 3844 debet
1645 3799 1774 3844 esse
1806 3781 2003 3845 bonus
2035 3780 2194 3845 idest
2227 3800 2414 3865 agens
2460 3779 2772 3845 intendere
2817 3799 2940 3844 non
2988 3780 3170 3845 debet

706 3880 941 3944 malum
976 3881 1284 3958 effeetum;
1321 3883 1465 3965 quia
1499 3903 1671 3947 secus
1703 3883 1822 3947 iste
1855 3884 2104 3947 effectus
2136 3886 2296 3947 esset
2327 3883 2384 3946 ei
2415 3881 2823 3947 voluntarius.

887 3987 956 4047 2⁰
989 3986 1349 4067 Requiritur
1394 4006 1580 4050 causa
1612 3987 1774 4051 bona
1807 3986 1903 4050 vel
1937 3987 2159 4051 saltem
2191 3986 2557 4058 indifferens,
2592 3984 2826 4048 scilicet
2872 3984 2945 4046 ut
2993 3986 3173 4049 actus

791 4235 853 4287 (a.)
883 4233 1023 4282 Quod
1054 4236 1244 4278 dicitnr
1276 4237 1337 4279 de
1365 4240 1582 4290 ponente
1609 4237 1861 4279 actionem
1898 4236 2106 4280 effectus
2140 4236 2264 4279 mali
2297 4235 2632 4287 causativum,
2659 4234 2932 4278 dicendum
2975 4237 3173 4288 pariter

707 4302 783 4340 est
812 4300 872 4341 de
900 4301 1168 4343 omittente
1196 4302 1447 4344 actionem
1475 4303 1598 4344 mali
1630 4303 2006 4355 impeditivam:
2029 4302 2230 4345 eaedem
2259 4301 2452 4344 scilicet
2481 4300 2790 4344 conditiones
2815 4300 3171 4354 requiruntur,

708 4368 766 4407 ut
786 4366 985 4408 omissio
1002 4367 1309 4420 imputetur:
1331 4371 1539 4422 scientia,
1559 4369 1769 4420 facultas
1784 4370 2075 4423 immdt'endi,
2096 4369 2308 4424 obligatio
2323 4368 2538 4422 ponendi
2560 4369 2827 4421 actionem,
2842 4379 2946 4420 qua
2958 4367 3173 4412 effectus

704 4432 872 4475 malus
899 4433 1222 4487 impediatur.
1245 4435 1303 4477 Ε.

784 4499 849 4552 (b)
878 4500 1100 4543 Adverto
1128 4500 1399 4545 discrimen
1429 4501 1581 4544 huius
1610 4514 1754 4544 casus
1784 4514 1814 4544 a
1843 4501 2184 4555 praecedente.
2207 4500 2283 4544 Ibi
2311 4500 2555 4556 agebatur
2583 4501 2644 4544 de
2672 4500 2886 4554 actione,
2917 4501 3065 4545 cuius
3103 4502 3174 4548 ef-

705 4565 866 4608 feetus
895 4570 971 4610 est
999 4567 1183 4620 malus,
1204 4567 1313 4611 heic
1342 4567 1403 4611 de
1431 4567 1644 4620 actione,
1666 4567 1812 4610 cuius
1842 4567 2048 4612 effoetus
2077 4567 2265 4622 duplex
2292 4571 2384 4620 est,
2405 4567 2563 4610 bonus
2592 4569 2643 4610 et
2672 4567 2855 4612 malus.
2876 4567 2936 4612 Ε.
