3529 5158
712 357 821 411 442
1381 367 1593 408 mac-r.
1630 368 1722 407 111.
1763 367 1849 407 nn
1887 367 2166 410 memus.
2205 368 2403 410 cunr
2441 370 2496 410 v.
3039 356 3184 430 [464]

714 467 969 543 vitetur,
1002 465 1108 530 sed
1139 465 1331 529 etiam
1376 483 1451 528 ne
1498 464 1679 528 detur
1727 483 1877 528 ansa
1924 465 2227 530 scribendi
2259 468 2325 530 et
2355 465 2747 550 imprimendi
2778 468 2941 532 tales
2986 468 3183 533 libros

715 570 778 633 et
814 568 890 631 ut
933 567 998 630 hi
1028 567 1276 650 penitus
1322 566 1402 630 ab
1447 566 1720 630 Ecclesia
1766 569 2204 632 removeantur
2249 570 2315 632 et
2357 568 2553 632 etiam
2589 571 2663 633 ut
2692 569 3003 635 Ecclesiae
3038 571 3184 635 obe-

715 669 950 734 dientia
980 670 1350 753 praestetur,
1389 687 1550 751 quae
1579 671 1894 752 postrema
1926 670 2088 733 ratio
2126 669 2402 734 difficilis
2433 672 2550 735 661.

802 766 984 841 484.
1025 770 1089 834 81
1120 771 1219 835 lex
1262 770 1562 835 fundatur
1609 771 1680 833 in
1702 771 2214 851 praesumptione
2250 769 2424 851 faeti,
2457 772 2551 837 ita
2583 774 2659 838 ut
2692 772 2909 838 iubeat
2952 774 3051 839 lex
3084 774 3186 839 111-

669 890 672 895 ·
715 875 912 939 (1166111
944 874 1006 938 111
1037 873 1258 955 quovis
1307 872 1669 955 particulari
1715 892 1866 938 casu
1889 873 2228 939 secundum
2273 894 2414 939 eam
2448 876 3022 959 praeemptionem
3053 896 3190 941 sen-

715 976 978 1042 tentiam
1009 975 1193 1051 ferre3
1226 975 1292 1039 in
1315 974 1680 1058 particulari
1711 977 1924 1041 autem
1955 977 2200 1041 constet
2228 976 2303 1042 (16
2326 978 2639 1042 contraria
2671 977 2960 1056 veritate,
2980 981 3189 1043 cessat

713 1080 778 1143 111
802 1097 874 1143 66
907 1096 1055 1142 66611
1085 1078 1184 1141 lex
1215 1076 1491 1162 obligare
1522 1077 1586 1140 in
1610 1078 2020 1154 conscientian
2055 1078 2217 1144 cedit
2247 1080 2411 1145 enim
2442 1080 2868 1163 praesumptio
2901 1080 3187 1146 veritati.

716 1180 876 1246 Sane
900 1180 1217 1245 deficiente
1255 1179 1441 1256 facto,
1474 1179 1681 1244 deficit
1705 1199 1887 1245 omne
1908 1180 2383 1247 fundamentum
2405 1182 2582 1267 legis.
2608 1180 2833 1247 Confer
2855 1181 3188 1266 Laymann

720 1283 764 1346 l.
806 1303 856 1347 6.
896 1303 958 1346 11.
992 1284 1055 1345 4.

803 1384 990 1449 866116
1031 1386 1244 1449 61116111
1289 1384 1634 1460 dicendum,
1684 1386 1737 1448 si
1784 1386 1884 1449 lex
1926 1384 2222 1450 fundetur
2266 1386 2331 1450 in
2367 1386 2878 1465 praesumtione
2905 1385 3193 1466 periculi

714 1486 1094 1551 universalis
1111 1508 1133 1549 .·
1159 1487 1274 1552 etsi
1302 1489 1464 1551 enim
1484 1487 1603 1551 tibi
1626 1489 1959 1565 constaret,
1980 1507 2101 1553 non
2136 1488 2346 1553 adesse
2363 1506 2474 1572 pro
2499 1490 2563 1552 te
2586 1488 2790 1553 ullum
2812 1488 3188 1571 periculum,

713 1591 851 1675 lege
897 1592 1107 1654 tamen
1155 1590 1485 1674 obligaris;
1535 1589 1684 1671 quia
1730 1609 1945 1673 reapse
1973 1591 2111 1674 ipsa
2148 1609 2271 1655 non
2317 1590 2615 1656 fundatur
2650 1590 2715 1655 in
2752 1592 3189 1674 suppositione

715 1692 971 1777 periculi
1002 1692 1118 1769 tui,
1152 1691 1258 1756 sed
1289 1692 1549 1774 periculi
1594 1693 1961 1770 eommunis,
2002 1693 2168 1775 quod
2206 1711 2444 1775 semper
2476 1712 2692 1759 16111111
2724 1695 2839 1758 ost.
2875 1692 2972 1757 Cf.
3007 1693 3190 1778 Gury

716 1795 795 1858 V.
842 1795 896 1858 1.
941 1795 998 1877 ξ.
1039 1795 1186 1858 102.

801 1895 1248 1976 Praesumptio
1272 1898 1369 1960 est
1385 1897 1740 1960 coniectura
1771 1916 1883 1960 seu
1904 1896 2209 1961 iudicium
2231 1917 2309 1961 ea:
2339 1898 2528 1962 certis
2550 1898 2754 1980 siquis
2784 1918 2896 1961 seu
2927 1898 3192 1963 iudiciis

715 1997 1141 2061 verisimiliter
1172 2006 1332 2071 orta,
1367 1995 1744 2084 Sehmalzgr.
1780 2019 1839 2082 p.
1883 2001 1965 2077 2.,
2001 1999 2100 2064 111.
2130 2001 2234 2063 23.
2262 2021 2320 2064 11.
2352 2000 2409 2063 1.
2444 2000 2575 2065 6116
2610 2001 2709 2064 rei
2737 2002 3018 2065 incertae
3036 2022 3197 2081 pro·

717 2106 945 2169 babilis
979 2107 1352 2183 coniectura,
1385 2107 1752 2172 d’Annibale
1790 2108 1866 2171 V.
1905 2108 1962 2170 1.
1997 2129 2057 2171 n.
2091 2109 2240 2172 208.

805 2208 896 2274 Ea
933 2210 1012 2273 ab
1043 2208 1286 2273 homine
1324 2213 1419 2275 est
1463 2210 1562 2274 vel
1595 2230 1632 2274 a
1679 2211 1852 2274 iure:
1882 2211 1997 2274 illa
2029 2212 2205 2274 actus
2243 2211 2528 2295 privatus
2558 2213 2676 2286 est,
2708 2231 2901 2294 quam
2934 2214 3192 2279 nullum

716 2312 814 2376 ius
861 2311 1161 2395 expressit
1206 2315 1319 2375 aut
1363 2311 1658 2390 firmavit,
1707 2313 1859 2377 11666
1894 2315 1991 2378 661
2037 2332 2075 2376 6
2119 2314 2256 2398 1686
2302 2334 2607 2397 expressa,
2640 2334 2803 2393 611111,
2838 2317 3193 2399 suppositis

715 2414 899 2478 certis
936 2414 1441 2491 circumstantiis,
1475 2414 1572 2478 lex
1603 2414 1739 2497 ipsa
1772 2415 2006 2496 aliquid
2039 2416 2290 2480 coniicit
2319 2416 2418 2481 vel
2449 2417 2747 2482 6611116616
2778 2418 2974 2483 iubet.
3008 2418 3195 2484 Hace

712 2517 936 2601 duplex
966 2519 1062 2582 est
1080 2518 1541 2597 :praesumptio
1570 2518 1735 2582 iuris
1768 2518 2151 2602 simpliciter,
2185 2537 2346 2601 quae
2368 2519 2798 2603 probationem
2830 2521 3193 2587 contrariae

713 2623 999 2688 veritatis
1024 2622 1306 2687 admittit
1330 2622 1588 2703 ideoque
1613 2623 1834 2687 tandiu
1858 2623 2045 2700 valet,
2074 2623 2266 2689 donec
2280 2623 2664 2689 contrarium
2688 2623 3189 2689 demonstretur:

703 2726 1132 2805 praesumptio
1178 2726 1342 2789 iuris
1387 2729 1448 2789 et
1491 2725 1566 2788 de
1611 2727 1768 2803 iure,
1820 2745 1978 2808 quae
2014 2727 2107 2791 ita
2137 2728 2237 2791 ius
2273 2726 2527 2792 firmum
2556 2727 2805 2804 statuit,
2856 2729 2933 2792 ut
2961 2728 3199 2811 proba·

715 2827 949 2892 tionem
980 2827 1043 2890 in
1068 2829 1448 2892 contrarium
1472 2847 1593 2892 non
1621 2828 1937 2904 admittat,
1971 2829 2345 2913 regulariter
2367 2829 2637 2911 quidem,
2657 2832 2730 2895 ut
2754 2829 2847 2894 ait
2869 2828 3186 2894 Schmalz.

715 2930 756 2993 1.
793 2949 842 2992 c.
877 2950 936 2992 n.
968 2931 1107 2994 12.:
1142 2949 1288 2994 nam
1325 2931 1387 2993 et
1416 2930 1534 2994 hoo
1563 2930 1950 3012 exceptiones
1983 2931 2227 3013 aliquas
2251 2933 2512 3016 patitur,
2545 2932 2842 2997 nimirum
2874 2933 2930 2996 61
2960 2936 3193 2998 contra

714 3053 875 3109 eum,
903 3051 1013 3115 pro
1039 3051 1161 3114 quo
1187 3035 1319 3096 stat
1341 3032 1492 3096 11666
1508 3033 1951 3115 praesumpti0‚
1979 3034 2209 3098 veritas
2232 3034 2565 3100 manifesta
2589 3055 2697 3118 per
2711 3037 2923 3109 testes,
2950 3034 3199 3099 instru-

714 3137 924 3201 menta
955 3136 1053 3200 vel
1078 3137 1209 3200 eius
1239 3135 1591 3199 iudicialem
1624 3134 2070 3200 confessionem
2100 3136 2576 3202 demonstretur.
2604 3136 2760 3202 Ibid.
2793 3155 2896 3200 nn.
2929 3136 3032 3200 13.
3074 3137 3191 3201 14.

713 3238 878 3303 Nam
915 3240 1166 3303 tandem
1197 3239 1315 3304 etsi
1353 3240 1778 3322 praesumptio
1810 3239 1963 3303 iuris
1995 3242 2060 3305 et
2090 3239 2163 3303 de
2200 3240 2335 3304 iure
2367 3240 2709 3324 accipiatur
2744 3259 2856 3323 pro
2887 3240 3197 3318 veritate,

712 3360 836 3406 non
861 3344 1186 3425 propterea
1210 3344 1305 3405 est
1320 3342 1455 3424 ipsa
1471 3341 1702 3405 veritas
1728 3341 1986 3424 ideoque
2010 3342 2061 3406 si
2087 3361 2196 3425 per
2221 3343 2488 3425 optimas
2513 3343 2911 3426 probationes
2942 3343 3199 3408 veritas

715 3443 992 3525 patefiat,
1027 3443 1236 3506 cedere
1268 3444 1384 3525 ipsi
1419 3444 1841 3526 praesumptio
1879 3443 2079 3508 debet.

805 3545 1038 3608 Idcirco
1063 3544 1115 3607 si
1151 3545 1216 3607 in
1248 3545 1382 3608 foro
1415 3545 1825 3610 conscientiae
1862 3547 2093 3611 veritas
2124 3549 2387 3623 66116161,
2420 3548 2843 3630 praesumptio
2876 3547 3071 3612 etiam
3101 3547 3197 3613 de

713 3646 847 3709 iure
894 3645 982 3709 ibi
1026 3662 1148 3709 non
1196 3647 1603 3731 suffragatur;
1655 3667 1850 3724 secus,
1899 3648 2046 3712 licet
2091 3648 2156 3712 in
2201 3648 2335 3713 foro
2369 3649 2777 3715 conscientiae
2806 3648 2964 3714 illud
3013 3648 3195 3715 idem

715 3747 1042 3813 admittere
1074 3749 1239 3831 quod
1273 3750 1371 3814 ius
1403 3751 1746 3833 praesumit
1779 3753 1965 3832 atque
1998 3750 2333 3816 identidem
2374 3753 2639 3834 oportet,
2673 3752 2919 3834 quando
2957 3772 3194 3835 nempe

715 3851 992 3934 alioquin
1032 3851 1288 3916 alterius
1319 3853 1457 3917 iura
1490 3852 1898 3916 laederentur.

800 3954 856 4018 A
889 3955 1390 4037 praesumptione
1436 3954 1642 4018 differt
1687 3955 1857 4034 fictio
1904 3956 2085 4019 iuris.
2135 3956 2304 4020 Haec
2351 3958 2446 4020 est
2490 3958 2834 4037 assumptio
2869 3956 3197 4035 falsitatis

711 4054 880 4134 facta
915 4056 995 4118 ab
1042 4057 1177 4135 ipso
1222 4058 1360 4120 iure
1407 4077 1484 4119 ea:
1515 4058 1682 4119 iusta
1719 4076 1913 4120 causa
1946 4058 2012 4120 in
2049 4077 2199 4121 casu
2214 4057 2530 4138 possibili,
2563 4058 2866 4122 inducens
2895 4058 3201 4136 effecwm

713 4160 878 4221 iuris
911 4162 1228 4240 tamquam
1258 4162 1507 4232 veritas,
1535 4159 1913 4244 Schmalzgr.
1948 4161 1989 4224 l.
2026 4162 2085 4224 3.
2126 4181 2186 4224 n.
2221 4163 2282 4224 3.
2319 4160 2417 4225 Sic
2445 4162 2545 4226 1116
2570 4161 2755 4246 fingit
2784 4165 3009 4228 natum
3048 4184 3196 4231 esse

714 4261 821 4343 qui
855 4261 1055 4325 adhuc
1087 4263 1182 4326 est
1219 4262 1280 4324 in
1314 4263 1512 4337 utero,
1563 4282 1705 4325 cum
1749 4262 1826 4325 de
1858 4263 2028 4326 illius
2060 4264 2383 4328 commodo
2417 4265 2656 4348 agitur:
2696 4267 3071 4332 testatorem
3120 4273 3200 4335 et

714 4364 996 4428 heredem
1035 4384 1166 4428 esse
1212 4383 1402 4428 unam
1449 4382 1805 4446 personam:
1855 4368 2219 4431 canonicum
2264 4367 2579 4433 infirmum
2626 4388 2758 4434 esse
2789 4375 3205 4452 praesentem

713 4466 773 4530 in
809 4467 1016 4543 choro,
1066 4487 1207 4530 cum
1240 4466 1437 4531 absit:
1479 4469 1697 4531 natum
1730 4487 1802 4531 ex
1837 4467 2266 4546 fornicatione,
2301 4490 2407 4554 per
2437 4472 2814 4553 subsequens
2847 4479 3203 4555 parentum

715 4566 1189 4633 matrimonium
1221 4587 1352 4632 6666
1388 4568 1668 4654 legitime
1699 4573 1956 4635 natum:
1991 4573 2443 4638 ratihabentem
2474 4573 2802 4639 mandasse
2830 4578 2952 4641 etc.
