3529 5158
330 368 473 445 [427]
848 384 999 432 Qum
1036 387 1102 427 m
1139 388 1332 431 numo
1365 390 1452 430 mr.
1489 389 1735 432 venons:
1772 389 2275 432 mspmnsa‘rroms
2687 378 2797 432 413

329 480 660 545 sufficiens.
694 482 776 546 Et
812 484 1021 547 tamen
1067 484 1195 566 ipse
1227 505 1277 549 s.
1312 486 1546 550 Doctor
1580 486 1800 569 utique
1845 488 2171 566 consentit,
2218 487 2457 552 licitam
2505 508 2636 554 esse
2667 489 2795 553 dis-

327 584 774 666 pensationem,
806 584 1052 668 quando
1099 586 1354 651 dubium
1393 590 1488 652 est
1523 587 1598 652 de
1635 588 2008 653 sufficientia
2039 608 2262 654 causae
2286 589 2396 653 lib.
2445 592 2500 654 1.
2535 611 2594 654 n.
2641 591 2787 656 178.

323 685 492 749 intra
536 688 778 751 textum
827 687 998 764 Bus.,
1046 706 1169 752 non
1217 708 1380 766 vere,
1430 689 1676 771 quando
1723 692 1840 766 est,
1872 711 1959 753 an
2004 710 2196 755 causa
2241 690 2430 765 adsit,
2467 691 2651 769 ibid.;
2703 713 2793 758 re-

321 789 474 873 gula
513 791 726 854 autem
755 790 1061 875 generalis
1092 793 1206 867 est,
1248 791 1589 858 invalidam
1619 811 1750 857 esse
1796 793 1862 857 in
1905 792 2191 858 inferiore
2235 794 2790 876 dispensationem,

322 909 483 972 quae
506 891 570 955 in
596 892 908 975 superiore
939 912 1011 957 ex
1042 892 1282 958 defectu
1314 913 1537 959 causae
1569 895 1732 959 esset
1760 894 2003 959 illicita.
2030 893 2439 978 Supponenda
2476 916 2624 981 ergo
2656 898 2795 963 heic

322 993 443 1058 erit
473 994 755 1059 doctrina
786 996 1150 1073 communis,
1185 996 1506 1061 subditum
1527 997 1591 1061 in
1631 998 1852 1079 quovis
1889 996 2077 1061 dubio
2115 997 2330 1062 debere
2360 1017 2470 1080 pro
2509 999 2792 1082 praelato

319 1114 734 1180 praesumere.

427 1236 576 1291 XCll.
597 1238 646 1291 5.
668 1240 864 1292 Habeas
889 1246 1180 1306 potestatem
1205 1244 1479 1305 generalem
1507 1241 1820 1307 dispensandi
1848 1249 2009 1309 potest
2035 1226 2179 1295 etiam
2207 1256 2371 1295 secum
2400 1243 2687 1309 dispensare
2709 1243 2780 1296 di·

314 1329 456 1376 reete
486 1329 536 1376 et
559 1322 852 1377 immediate.
878 1326 1054 1378 Sanch.
1081 1323 1148 1379 de
1171 1324 1417 1381 Macrim.
1444 1327 1476 1379 1.
1510 1330 1559 1380 8.
1587 1324 1710 1394 disp.
1733 1330 1783 1380 3.
1806 1327 1949 1380 Dian.
1974 1342 2021 1394 p.
2048 1330 2097 1381 8.
2126 1334 2164 1381 ι.
2193 1329 2242 1380 3.
2271 1342 2312 1380 r.
2342 1329 2424 1380 ⁴6.
2453 1336 2622 1381 contra
2648 1331 2786 1381 Suar.

405 1425 593 1501 427.
626 1430 795 1497 Nota
831 1434 898 1495 1⁰
927 1433 1002 1497 fit
1033 1434 1314 1516 quaestio
1361 1434 1437 1498 de
1467 1434 1730 1499 habente
1763 1434 2128 1500 facultatem
2165 1437 2515 1520 generalem
2550 1436 2791 1520 dispen-

313 1534 532 1612 sandi,
565 1554 712 1599 nam
757 1536 812 1600 si
857 1536 959 1600 cui
1002 1536 1169 1601 facta
1215 1539 1310 1601 est
1354 1537 1622 1602 facultas
1654 1538 1937 1621 specialis
1972 1558 2041 1602 ac
2087 1539 2500 1602 determinata
2550 1539 2793 1623 dispen-

312 1636 496 1701 sandi
521 1656 664 1700 cum
690 1637 1021 1719 aliquibuS,
1048 1637 1257 1721 palam
1288 1639 1403 1712 est,
1428 1658 1550 1704 non
1575 1658 1753 1722 posse
1800 1659 1941 1704 eum
1974 1640 2069 1704 uti
2103 1639 2218 1704 tali
2254 1640 2556 1705 facultate
2595 1642 2786 1705 etiam

309 1757 465 1823 erga
490 1758 575 1816 se,
610 1739 774 1803 sicut
808 1759 918 1804 nec
949 1742 1159 1822 posset
1189 1740 1350 1804 circa
1374 1741 1530 1805 alios
1561 1744 1807 1824 praeter
1833 1741 1995 1819 illos,
2024 1761 2133 1825 pro
2159 1743 2384 1824 quibus
2415 1742 2787 1809 facultatem

309 1841 573 1924 accepit.

399 1942 478 2007 2⁰
514 1944 650 2008 DD.
690 1945 1018 2027 Duplicem
1049 1945 1302 2009 modum
1327 1945 1742 2030 distinguunt,
1779 1946 1942 2028 quod
1975 1947 2258 2030 superior
2304 1968 2508 2013 secum
2544 1949 2790 2033 dispen-

306 2051 403 2111 set
440 2048 573 2111 scil.
606 2048 673 2111 1⁰
703 2048 1003 2113 indirecte
1042 2069 1112 2113 ac
1141 2047 1424 2127 mediate,
1462 2050 1530 2112 2⁰
1560 2048 1792 2113 directe
1816 2054 1877 2113 et
1904 2051 2275 2116 immediate.

393 2150 488 2213 Et
517 2150 1037 2233 dispensationem
1069 2151 1318 2234 quidem
1348 2151 1686 2216 mediatam
1732 2171 1843 2216 seu
1872 2153 2236 2217 indirectam
2273 2153 2506 2236 duplici
2543 2154 2787 2219 ratione

303 2254 670 2339 contingere
717 2274 895 2339 posse
933 2255 1164 2321 dicunt.
1191 2256 1419 2320 Primo
1465 2258 1712 2339 quando
1760 2258 2040 2341 superior
2085 2258 2401 2342 dispensat
2431 2259 2495 2323 in
2528 2278 2593 2322 re
2630 2276 2789 2340 qua-

301 2358 480 2442 piam
528 2376 670 2422 cum
717 2359 1185 2436 communitate,
1220 2360 1396 2423 cuius
1452 2360 1515 2423 et
1569 2359 1698 2442 ipse
1753 2380 1897 2443 pars
1952 2362 2064 2424 est.
2113 2360 2362 2425 Etenim
2410 2361 2787 2444 repugnaret

300 2460 638 2544 aequitati,
672 2462 745 2525 ut
777 2461 926 2525 dum
957 2461 1160 2525 cessat
1206 2460 1507 2546 obligatio
1540 2480 1650 2544 pro
1697 2464 1837 2526 tota
1883 2463 2360 2539 communitate,
2396 2463 2567 2527 solus
2606 2482 2786 2544 supe-

299 2564 436 2630 rior
482 2566 763 2629 maneret
792 2563 1049 2649 ligatus.
1099 2563 1198 2627 Ita
1230 2584 1288 2628 v.
1322 2585 1416 2648 gr.
1452 2564 1503 2628 si
1536 2564 1878 2648 Episcopus
1918 2584 1989 2629 ex
2038 2565 2206 2630 iusta
2248 2584 2435 2630 causa
2473 2563 2789 2649 dispenset

297 2667 684 2753 generaliter
715 2666 793 2730 ab
832 2667 1206 2732 abstinentia
1240 2685 1499 2731 ovorum
1547 2686 1726 2732 suam
1773 2668 2101 2733 dioecesim
2153 2668 2217 2731 in
2273 2667 2371 2732 die
2425 2667 2660 2742 ieiunii,
2710 2687 2785 2732 ex

297 2769 564 2855 speciali
600 2770 1042 2834 consuetudine
1090 2789 1197 2834 seu
1244 2770 1486 2835 statuto
1534 2770 1597 2834 in
1635 2770 1746 2834 illa
1785 2771 2045 2836 dioecesi
2084 2770 2389 2848 servandi,
2440 2771 2673 2854 poterit
2718 2773 2785 2836 et

297 2875 434 2958 ipse
486 2872 861 2937 manducare
908 2891 1043 2938 ova.
1095 2871 1375 2936 Secundo
1421 2873 1667 2955 quando
1715 2874 1994 2956 superior
2048 2874 2230 2938 alteri
2270 2874 2379 2938 dat
2411 2873 2779 2938 facultatem

296 2979 363 3042 et
386 2975 537 3040 dein
570 2975 650 3039 ab
686 2975 833 3048 isto,
865 2975 965 3039 cui
1001 2974 1169 3039 dedit
1199 2975 1564 3039 facultatem
1589 2975 1981 3058 dispensandi
2007 2995 2113 3057 per
2145 2975 2618 3059 delegationem,
2649 2977 2781 3057 ipse

295 3080 482 3163 petat
531 3076 1070 3160 dispensationem.
1110 3075 1274 3141 Nam
1312 3076 1594 3161 delegare
1640 3078 1860 3158 utique
1907 3078 2066 3139 hanc
2112 3076 2479 3140 facultatem
2528 3076 2775 3157 potest3

292 3183 448 3265 quia
490 3181 625 3265 ipse
655 3180 843 3245 habet
874 3179 1238 3243 facultatem
1285 3179 1679 3243 ordinariam.
1715 3179 1797 3242 Et
1829 3180 2165 3261 postquam
2216 3177 2582 3240 facultatem
2623 3176 2782 3240 hanc

291 3285 488 3350 alteri
525 3283 690 3357 fecit,
746 3283 900 3348 nihil
946 3282 1267 3367 prohibere
1298 3281 1495 3358 debet,
1530 3300 1607 3344 ne
1639 3282 1702 3344 et
1739 3281 1869 3363 ipse
1902 3279 2180 3343 obtinere
2227 3278 2292 3342 id
2338 3278 2558 3360 possit,
2609 3278 2777 3359 quod

290 3387 635 3472 delegatus
663 3388 870 3471 potest
902 3386 1040 3450 aliis
1072 3385 1613 3449 indiscriminatim
1649 3384 1830 3462 dare;
1859 3384 2085 3466 quippe
2133 3402 2255 3447 non
2288 3383 2470 3447 debet
2501 3382 2780 3465 superior

290 3509 437 3556 esse
477 3489 798 3554 deterioris
845 3487 1234 3563 conditioniS‚
1291 3506 1480 3568 quam
1535 3486 1788 3551 subditi.
1839 3487 1939 3550 Ita
1985 3486 2039 3550 si
2087 3486 2430 3569 Episcopus
2485 3484 2777 3551 canonico

290 3591 785 3678 poenitentiario
816 3590 1050 3655 dederit
1087 3589 1451 3654 facultatem
1488 3589 1881 3672 dispensandi
1912 3589 1974 3652 in
2000 3589 2230 3654 ieiunio
2271 3590 2369 3654 vel
2403 3588 2781 3686 abstinentia

292 3697 592 3762 carnium
639 3696 752 3758 aut
795 3694 1008 3779 butyri
1037 3713 1144 3778 per
1180 3691 1721 3776 quadragesimam
1754 3694 1818 3755 et
1848 3692 1978 3774 ipse
2010 3692 2225 3756 deinde
2257 3692 2492 3756 iustam
2525 3711 2779 3756 causam

289 3799 538 3863 habeat
569 3796 1088 3881 dispensationem
1114 3794 1417 3859 eiusmodi
1448 3794 1712 3876 petendi,
1746 3794 1906 3858 hanc
1953 3812 1989 3857 a
2037 3793 2512 3876 poenitentiario
2564 3795 2784 3874 postu-

288 3902 430 3967 lare
466 3902 534 3965 et
568 3900 841 3964 obtinere
874 3899 1121 3983 poterit.

379 4002 935 4086 Dispensationem
973 4020 1117 4065 vero
1164 3999 1587 4063 immediamm
1616 4018 1725 4061 seu
1756 3997 2058 4061 directam
2104 3999 2255 4060 tunc
2301 3994 2661 4076 contingere
2694 3994 2783 4057 di-

284 4108 468 4182 cunt,
507 4104 758 4187 quando
806 4103 1083 4187 superior
1121 4102 1334 4167 eodem
1381 4101 1583 4178 modo,
1619 4120 1741 4181 quo
1790 4100 2058 4181 cuipiam
2108 4097 2474 4182 particulari
2529 4095 2777 4160 subdito

284 4208 638 4293 specialem
674 4207 898 4271 tribuit
944 4205 1481 4288 dispensationem,
1523 4203 1610 4267 sic
1640 4205 1702 4266 et
1735 4202 1850 4265 sibi
1885 4201 2197 4266 concedat.
2233 4199 2443 4282 Aliqui
2487 4200 2620 4263 DD.
2658 4199 2779 4262 huc

276 4311 653 4395 exemplum
685 4309 950 4373 afferunt
995 4308 1325 4391 superioris
1373 4306 1696 4390 regularis,
1739 4305 1867 4386 qui.
1927 4305 1999 4367 ut
2052 4303 2369 4385 inquiunt,
2424 4302 2588 4366 sicut
2634 4320 2776 4366 cum

283 4413 572 4500 singulis
613 4411 753 4475 aliis
801 4412 1006 4493 potest
1050 4410 1400 4492 dispensare
1444 4410 1506 4471 in
1555 4407 1815 4492 Regulis
1847 4406 2111 4483 Ordinis,
2162 4407 2253 4470 ita
2309 4405 2372 4469 et
2407 4405 2541 4489 ipse
2572 4406 2783 4488 potest

278 4540 348 4585 se
383 4519 777 4600 dispensare.
811 4513 1043 4577 Verum
1076 4514 1149 4575 ut
1178 4512 1294 4576 hoc
1330 4512 1677 4594 exemplum
1711 4511 1939 4587 valeat,
1985 4528 2106 4573 non
2164 4508 2341 4572 debet
2390 4525 2485 4572 res
2526 4526 2657 4572 esse
2705 4507 2779 4570 de

272 4623 379 4700 iis,
437 4619 525 4684 ad
573 4636 737 4700 quae
769 4635 930 4680 mere
955 4614 1290 4696 requiritur
1326 4615 1578 4678 licentia
1610 4612 1963 4696 superioriS,
1992 4632 2048 4676 v.
2077 4631 2169 4696 gr.
2204 4610 2266 4674 in
2300 4609 2587 4674 habenda
2637 4629 2779 4672 con-
