3529 5158
335 367 475 444 [175]
707 380 1055 424 cnarrrtmo
1089 382 1175 422 nn
1210 381 1574 425 nonnarum
1612 381 1740 429 ουκ
1781 381 2075 425 omnious
2113 382 2440 425 rnonamm
2700 369 2802 424 171

335 480 494 545 hanc
538 478 941 559 formidinem
971 478 1264 559 repellere
1296 482 1357 543 et
1383 483 1770 544 contemnere
1801 479 2130 544 debeamus
2161 484 2234 552 ut
2259 480 2625 560 scrupulum
2646 481 2804 545 eius-

338 602 454 667 que
490 582 657 647 ratio
689 582 776 646 sit
797 581 1261 658 contemnenda,
1292 585 1593 662 tanquam
1620 583 1681 646 si
1711 602 1840 646 non
1870 586 2165 647 exstaret.
2193 582 2365 662 Quae
2390 584 2659 665 quidem,
2685 582 2808 648 nisi

340 685 534 750 oculis
572 684 806 749 nostris
836 683 1203 761 videremuS,
1236 684 1541 766 numquid
1574 703 1698 749 non
1736 685 2124 751 incredibilia
2161 685 2357 751 videri
2397 689 2649 769 possent
2668 690 2697 749 P

427 787 567 852 Hoc
612 786 777 851 idem
822 788 1175 851 monstrum
1223 786 1492 851 occurrit
1537 787 1703 872 apud
1740 787 2054 872 Thyrsum
2091 786 2398 853 Gonzalez
2447 791 2511 853 et
2557 787 2806 869 quidem

340 891 401 956 in
433 890 573 974 ipso
598 889 883 972 opusculi
913 889 1013 954 sui
1044 889 1257 966 titulo,
1284 908 1469 971 quem
1492 889 1770 954 eiusdem
1792 890 1985 955 fronti
2016 890 2381 973 insculpsit:
2414 916 2449 948 «
2474 891 2810 955 Tractatus

340 993 755 1078 Theologicus
801 992 876 1057 de
919 995 1089 1058 recto
1136 1011 1257 1058 usu
1302 1009 1647 1058 OPINIONUM
1694 1009 2137 1070 Pnonamnmn,
2178 994 2242 1057 in
2274 1012 2397 1076 quo
2438 994 2808 1071 ostenditur,

341 1100 414 1161 ut
442 1096 587 1178 quis
634 1111 831 1160 Licus
877 1095 1076 1178 possit
1124 1095 1297 1177 sequi
1344 1111 1685 1159 OPINIONEM
1730 1111 2127 1160 PROBABILEM
2173 1095 2485 1161 faventem
2530 1095 2810 1161 libertati

343 1199 638 1264 adversus
684 1198 906 1285 legem,
956 1214 1194 1263 ouumo
1243 1213 1673 1261 sucessuum
1719 1214 1866 1262 Essa
1912 1213 1990 1261 nr
2042 1213 2403 1274 surricnnn,
2452 1198 2617 1279 quod
2664 1199 2809 1280 post

341 1301 707 1385 diligentem
745 1299 1030 1365 veritatis
1066 1300 1597 1382 inquisitionem...
1632 1299 1841 1382 opinio
1877 1300 1988 1364 illa
2036 1316 2152 1363 IPSI
2198 1302 2513 1383 appareat,
2563 1302 2807 1364 attenta

339 1404 581 1469 ratione
612 1405 678 1468 et
724 1402 1123 1475 auctoritate,
1156 1401 1252 1465 vel
1288 1403 1467 1465 unice
1500 1400 1882 1474 verisimilis,
1917 1402 2014 1468 vel
2045 1402 2442 1467 verisimilior
2477 1422 2666 1485 quam
2706 1421 2809 1485 op-

340 1507 609 1590 posita...
647 1524 719 1570 ac
746 1504 974 1569 idcirco
1008 1504 1086 1570 ab
1116 1504 1252 1587 ipso
1288 1503 1595 1568 iudicetur
1624 1524 1776 1567 vera
1801 1503 2028 1567 iudicio
2049 1503 2353 1577 absoluto,
2380 1504 2562 1584 fisrmo
2593 1508 2654 1567 ei
2683 1524 2810 1568 non

339 1608 686 1688 fluctuante
709 1633 771 1671 ».
799 1607 995 1689 Atqui
1019 1606 1316 1672 iudicium
1340 1605 1713 1679 absolutum,
1747 1606 2021 1685 firmum,
2049 1626 2175 1670 non
2198 1605 2513 1684 fluctuans
2543 1607 2813 1689 pertinet

344 1712 419 1776 ad
448 1710 908 1776 certitudinem.
940 1709 1109 1794 Ergo
1149 1710 1246 1774 vel
1282 1710 1569 1792 imperite
1614 1708 2017 1773 confunditur
2063 1708 2470 1790 probabilitas
2508 1728 2650 1772 cum
2688 1727 2813 1772 cer-

344 1813 633 1889 titudine,
670 1813 769 1877 vel
803 1812 1064 1877 illudere
1098 1815 1211 1877 aut
1242 1812 1362 1877 sibi
1399 1813 1513 1876 aut
1542 1810 1686 1875 aliis
1722 1829 1897 1875 mens
1935 1809 2078 1874 fuit.

426 1916 510 1981 Et
540 1916 666 1980 huc
696 1914 945 1999 quidem
991 1913 1274 1979 deveniet
1318 1913 1602 1995 quisquis
1647 1912 2064 1978 contentionis
2096 1912 2304 1977 studio
2339 1912 2686 1995 abripiatur
2732 1912 2811 1977 ad

340 2019 716 2104 negandum,
748 2035 926 2101 posse
957 2036 1064 2100 per
1097 2016 1399 2099 principia
1429 2016 1652 2081 reflexa
1683 2016 1968 2080 accersiri
1997 2033 2138 2080 eam
2169 2015 2242 2080 de
2275 2017 2452 2080 actus
2483 2016 2814 2080 honestate

341 2122 797 2198 certitudinem,
817 2120 1065 2202 quaein
1088 2120 1339 2185 directis
1365 2120 1665 2185 materiae
1689 2119 1974 2202 specialis
1996 2118 2346 2184 rationibus
2369 2118 2604 2183 frustra
2629 2137 2813 2200 quae-

339 2228 535 2291 ratur.
577 2224 844 2288 Exclusa
891 2222 1057 2288 enim
1102 2222 1493 2300 certitudine,
1542 2241 1701 2303 quae
1748 2221 2092 2286 deducatur
2124 2240 2161 2285 a
2192 2220 2431 2286 reflexis
2471 2220 2808 2304 principiis,

343 2328 720 2393 alterutrum
766 2344 1019 2409 prorsus
1067 2325 1352 2410 contigat
1399 2327 1679 2407 oportet:
1728 2343 1947 2405 nempe
1987 2327 2101 2388 aut
2147 2323 2371 2398 dicent,
2403 2324 2650 2386 licitum
2680 2341 2813 2388 esse

343 2449 566 2513 ponere
606 2428 913 2493 actionem
946 2428 1078 2493 sine
1106 2430 1276 2492 certo
1308 2426 1536 2491 iudicio
1568 2427 1642 2491 de
1666 2427 1995 2491 honestate
2018 2426 2213 2508 ipsius
2244 2427 2308 2490 et
2332 2426 2419 2490 sic
2442 2426 2809 2502 doctrinam,

345 2532 419 2597 ab
451 2530 743 2599 omnibus
774 2530 1107 2615 Theologis
1139 2529 1502 2595 damnatam
1532 2547 1643 2600 ceu
1674 2547 1865 2606 ream,
1894 2528 2374 2611 amplectentur:
2402 2532 2515 2594 aut
2533 2530 2704 2594 certe
2726 2528 2814 2593 di-

343 2643 498 2716 cent,
535 2636 813 2701 rationes
850 2635 1114 2701 directas
1141 2653 1212 2699 ac
1243 2632 1526 2717 specialis
1550 2633 1852 2699 materiae
1884 2634 2165 2717 proprias
2196 2635 2271 2698 ut
2303 2633 2467 2698 actio
2501 2634 2587 2698 sit
2613 2633 2811 2713 licita,

343 2740 558 2806 debere
606 2758 822 2823 parere
868 2737 1303 2804 certitudinem
1349 2737 1424 2802 de
1470 2737 1746 2802 eiusdem
1792 2736 2119 2802 honestate
2150 2738 2214 2801 et
2252 2738 2341 2802 sic
2386 2737 2811 2810 affirmabunt,

344 2846 647 2928 oportere,
689 2845 762 2906 ut
810 2841 1037 2924 opini0,
1073 2860 1262 2922 quam
1311 2840 1649 2922 sequimur,
1699 2840 1787 2904 sit
1832 2840 2219 2923 speculative
2255 2841 2578 2905 moraliter
2614 2842 2811 2915 certa3

344 2947 507 3030 quod
543 2945 666 3029 ipsi
699 2944 1239 3027 probabiliorismo
1274 2943 1638 3008 adversatur
1667 2963 1779 3009 nec
1810 2943 2099 3026 componi
2145 2945 2355 3026 potest
2391 2963 2532 3008 cum
2566 2944 2818 3008 damna-

346 3051 512 3115 tione
543 3065 723 3132 prop.
757 3047 817 3110 3.
852 3065 924 3111 ex
956 3047 1062 3110 31.
1096 3064 1253 3127 quas
1285 3045 1646 3128 proscripsit
1675 3046 2024 3111 Alexander
2061 3045 2233 3109 VIII.

773 3266 831 3349 g.
866 3267 927 3329 2.
970 3263 1150 3346 Quod
1181 3264 1371 3328 liceat
1397 3264 1576 3344 sequi
1605 3263 1962 3342 opinionem
1980 3259 2391 3340 probabilem.

437 3465 576 3529 Duo
608 3463 744 3528 heic
776 3464 1108 3527 occurrunt
1138 3457 1525 3541 inquirenda.
1566 3459 1632 3519 1⁰
1670 3455 1997 3536 Quomodo
2031 3454 2398 3520 concilietur
2445 3453 2820 3520 sufficientia

341 3567 650 3652 opinionis
680 3563 1020 3649 probabilis
1051 3582 1194 3628 cum
1228 3560 1594 3627 necessitate
1641 3558 1999 3624 dictaminis
2031 3558 2190 3623 certi
2220 3558 2294 3624 de
2327 3559 2589 3624 actionis
2635 3559 2821 3625 hone-

346 3675 543 3737 state:
581 3672 654 3734 2⁰
683 3667 918 3734 Utrum
947 3666 1031 3733 sit
1060 3665 1414 3750 theologice
1453 3665 1594 3728 tuta
1624 3662 1750 3728 ista
1789 3661 2097 3727 doctrina.

342 3881 642 3962 Quaestio
680 3880 750 3943 1·
790 3876 1099 3958 Quomodo
1128 3874 1496 3940 concilietur
1526 3893 1678 3938 tastis
1712 3874 2031 3953 opinionis
2065 3871 2422 3952 probabilis
2466 3893 2605 3935 eum
2642 3877 2824 3938 certi-

527 3983 745 4048 tudine
776 3982 1130 4046 necessaria
1159 3980 1235 4045 de
1265 3980 1583 4044 honestate
1612 3980 1903 4044 aetionis.

440 4169 592 4243 175.
626 4169 991 4235 Necessaria
1035 4170 1186 4233 haec
1230 4167 1574 4250 inquisitio,
1621 4167 1847 4231 nedum
1895 4165 2092 4242 utilis,
2131 4168 2416 4249 appar-etz
2452 4168 2600 4249 quia
2645 4186 2828 4235 nosse

344 4277 592 4359 oportet
628 4272 843 4357 probe,
879 4288 1185 4352 quaenam
1216 4270 1299 4334 sit
1330 4270 1631 4343 doctrina,
1665 4287 1857 4352 quam
1889 4272 2206 4334 tenemus:
2242 4288 2312 4334 ex
2344 4270 2462 4335 hac
2494 4273 2706 4336 autem
2736 4273 2827 4336 in-

339 4379 681 4461 quisitione
713 4376 985 4439 maxime
1015 4373 1414 4458 dignoscetur
1445 4372 1683 4437 indoles
1715 4371 1992 4437 eiusdem
2023 4372 2365 4438 doctrinae.
2394 4374 2652 4457 Insuper
2677 4375 2828 4441 haec

342 4481 673 4564 inquisitio
722 4477 961 4561 aperiet
990 4476 1166 4541 nobis
1201 4475 1584 4540 occasionem
1633 4474 1910 4556 aliquam
1957 4474 2486 4550 hallucinationis,
2522 4478 2588 4558 in
2634 4497 2825 4558 quam

342 4585 503 4668 lapsi
536 4583 690 4648 sunt
728 4576 1266 4664 probabilioristae
1291 4580 1353 4642 et
1377 4595 1537 4659 quae
1569 4578 1668 4642 tot
1706 4576 1950 4642 induxit
1982 4577 2392 4655 incommoda,
2422 4582 2495 4645 ut
2533 4580 2823 4645 vidimus.
