3529 5158
706 345 814 400 170
1171 356 1381 399 ratior.
1421 359 1486 398 11.
1526 359 1611 398 Da
1648 356 2067 400 oonscmrm.
2107 357 2305 402 cunr
2345 361 2408 403 11.
2447 362 2588 404 Dua.
2628 363 2693 403 11.
3020 348 3167 425 [174]

701 457 946 540 agatur,
987 456 1252 539 propriis
1299 455 1678 531 rationibus;
1728 474 1800 520 eo
1846 455 2244 533 devenerunt,
2279 460 2372 531 ut,
2411 459 2663 524 notione
2701 461 3165 543 probabilitatis

700 578 808 623 seu
857 559 1162 641 opinionis
1209 559 1523 635 subversa,
1563 559 1722 623 hanc
1768 579 1910 623 cum
1956 560 2326 626 certitudine
2371 561 2832 629 confunderent.

787 659 871 724 Et
916 679 1061 724 sane
1108 660 1216 724 isti
1261 678 1525 742 quoque,
1567 680 1709 724 cum
1755 664 2070 727 communi
2114 662 2417 740 doctrina,
2468 664 2814 730 admittunt
2858 665 2987 732 imo
3027 685 3170 732 con·

698 761 963 826 tendunt
1011 761 1088 825 ad
1133 762 1389 827 honeste
1437 762 1744 847 agendum
1791 764 2022 846 requiri
2066 750 2367 831 iudicium
2430 769 2670 831 certum
2716 766 2790 831 de
2833 768 3166 833 honestate

700 864 984 929 actionis.

787 967 889 1030 lta
936 986 994 1030 v.
1028 987 1122 1051 gr.
1156 967 1427 1031 Antoine
1458 966 1559 1031 De
1601 966 1818 1032 Conse.
1853 988 1985 1052 cap.
2021 972 2080 1033 2.
2116 990 2174 1051 q.
2207 971 2265 1034 1.
2308 970 2385 1034 ad
2431 969 2888 1053 quaestionem3
2923 971 3040 1036 An
3082 971 3174 1036 ad

698 1090 825 1134 non
856 1068 1243 1150 peccandum
1275 1069 1623 1149 requiritur
1669 1069 1974 1134 iudicium
2003 1075 2239 1136 certam
2284 1072 2358 1135 de
2404 1071 2724 1138 honestate
2753 1093 2864 1138 seu
2895 1072 3170 1139 liceitate

700 1175 878 1235 actus
908 1171 1004 1234 vel
1035 1172 1410 1244 emissioni&
1435 1172 1797 1254 respondet:
1833 1198 1867 1231 «
1892 1174 2257 1255 Requiritur
2288 1175 2415 1239 tale
2451 1175 2754 1240 iudicium
2784 1179 3026 1242 certum
3051 1178 3172 1242 sal-

702 1279 831 1341 tem
861 1275 1230 1341 certitudine
1259 1275 1503 1353 morali,
1538 1295 1661 1357 qua
1700 1277 2033 1359 prudenter
2069 1278 2433 1344 excludatur
2478 1279 2791 1346 dubitatio
2828 1283 2893 1345 et
2929 1282 3170 1364 peccati

700 1380 986 1457 formid0,
1022 1379 1244 1443 saltem
1283 1378 1691 1444 rationabilis.
1735 1380 1836 1444 Ita
1866 1382 2297 1459 communiter,
2337 1382 2464 1447 imo
2512 1382 2674 1448 forte
2711 1383 2924 1449 nullus
2962 1382 3170 1465 quoad

702 1503 832 1547 rem
869 1484 1028 1548 hanc
1064 1481 1354 1546 dissentit
1383 1507 1445 1545 ».

792 1583 1029 1664 Quibus
1060 1584 1386 1668 Philippus
1424 1583 1498 1649 de
1522 1582 1923 1649 Carboneano
1949 1586 2013 1649 in
2044 1585 2213 1651 Nota
2245 1587 2532 1653 subiicit:
2566 1614 2601 1647 ‹
2626 1586 2753 1653 Cur
2780 1590 3021 1654 Auctor
3053 1589 3172 1654 hoc

703 1686 910 1764 addat,
945 1706 1017 1751 ex
1045 1686 1215 1751 facili
1258 1686 1591 1771 intelligeS‚
1640 1687 1692 1751 si
1739 1687 1963 1772 legeris
2004 1685 2372 1753 Tractatum
2420 1689 2825 1772 theoloyicum
2869 1690 2945 1754 de
2991 1693 3172 1755 certi-

706 1789 918 1852 tudine
955 1788 1298 1852 honestat-is
1336 1790 1405 1852 in
1433 1789 1676 1853 act-ibus
1711 1788 2026 1864 humanis,
2060 1791 2297 1856 editum
2336 1812 2373 1857 a
2404 1812 2464 1876 p.
2504 1793 2815 1877 Magistro
2853 1793 3168 1878 Fogarino

703 1892 1008 1956 Brixiensi
1047 1892 1340 1975 theologo
1373 1895 1621 1957 nostrae
1652 1892 1948 1966 familiae,
1983 1894 2110 1974 qui,
2151 1895 2421 1980 vestigia
2458 1899 2763 1978 sequutus
2799 1897 2940 1961 Emi
2976 1897 3173 1961 Bran-

704 1994 829 2060 cati
877 1993 949 2058 de
982 1994 1242 2067 Laurea,
1293 1998 1508 2076 aperto
1554 1994 1760 2060 Marte
1807 1996 2344 2078 probabilisticum
2392 2000 2666 2082 systema
2707 2018 3040 2084 aggressus
3072 2002 3172 2064 est

703 2099 1005 2177 tantoque
1042 2096 1266 2178 pressit
1303 2099 1816 2180 argumentorum
1852 2097 2136 2179 pondere,
2165 2100 2238 2162 ut
2275 2117 2348 2163 eo
2380 2102 2716 2182 praeeunte
2745 2100 2913 2167 haud
2945 2121 3172 2183 parum

703 2197 1072 2280 profecerint
1107 2197 1314 2274 multi,
1356 2197 1463 2279 qui
1501 2197 1758 2263 eandem
1781 2218 2056 2283 pugnam
2094 2202 2313 2282 postea
2335 2202 2780 2279 restituerunt3
2814 2203 2934 2267 etsi
2962 2203 3172 2282 &swam

704 2304 810 2366 via:
842 2324 1120 2385 unquam
1150 2304 1504 2368 nomimsse
1536 2304 1645 2386 (oh
1684 2304 1883 2369 scelus
1903 2307 1948 2385 Ξ)
1982 2303 2529 2384 deprehendantur
2559 2332 2622 2370 ».

792 2407 986 2471 Porro
1025 2426 1346 2471 sumamus
1381 2406 1567 2471 modo
1615 2406 1783 2488 quod
1827 2406 2017 2472 habet
2060 2408 2331 2473 Antoine
2369 2408 2444 2472 de
2484 2408 2702 2473 Conse.
2742 2429 2877 2493 cap.
2912 2412 2974 2475 4.
3008 2430 3070 2493 q.
3105 2413 3169 2475 4.

703 2529 861 2594 resp.
888 2512 971 2584 2.,
1000 2509 1107 2573 ubi
1144 2510 1393 2588 statuit,
1427 2509 1608 2574 licere
1645 2509 1822 2591 sequi
1862 2509 2214 2594 opinionem
2248 2510 2458 2576 minus
2494 2513 2723 2590 tutam,
2774 2513 2842 2576 at
2886 2513 3174 2596 probabi·

700 2613 954 2677 liorem:
996 2637 1031 2669 ‹
1054 2612 1230 2677 Licet
1254 2612 1429 2693 sequi
1453 2612 1804 2695 opinionem
1827 2613 2036 2678 minus
2060 2616 2357 2689 tutam...
2383 2614 2695 2695 quando...
2723 2617 2982 2697 apparet
3003 2620 3172 2680 certo

705 2733 776 2778 ac
812 2714 991 2778 valde
1037 2713 1374 2797 probabilis
1420 2717 1483 2778 et
1512 2712 1706 2777 multo
1739 2715 2119 2797 probabilior
2158 2716 2466 2798 opposita,
2503 2716 2597 2781 ita
2634 2720 2709 2781 ut
2737 2715 3035 2782 exolmiat
3061 2717 3175 2781 du-

705 2815 1065 2879 bitationem
1095 2819 1157 2879 et
1182 2815 1580 2894 formidinem
1608 2815 2055 2880 rationabilem
2084 2817 2349 2881 errandi
2378 2842 2439 2881 ».

792 2918 971 2998 Quod
1002 2923 1076 2983 ut
1097 2919 1334 3002 probet,
1368 2919 1614 2985 subdit:
1656 2945 1691 2978 «
1715 2920 1892 2985 Licet
1922 2922 2095 3002 sequi
2126 2920 2428 2985 iudicium
2458 2920 2725 3004 prudens
2750 2941 2822 2987 ac
2842 2922 3174 2988 moraliter

702 3025 938 3085 eertum
966 3021 1039 3086 de
1077 3021 1403 3086 honestate
1426 3040 1537 3086 seu
1557 3021 1834 3086 liceitate
1866 3025 2061 3086 actus.
2088 3024 2176 3087 At
2200 3023 2407 3106 opinio
2433 3024 2636 3089 multo
2670 3025 3051 3107 probabilior
3074 3029 3173 3092 est

703 3143 812 3189 seu
834 3124 1056 3188 fundat
1080 3124 1381 3189 eiusmodi
1403 3123 1769 3189 iudicium...
1796 3144 1906 3189 nec
1929 3125 2127 3190 ullam
2159 3125 2346 3190 habet
2377 3125 2772 3192 formidinem
2797 3128 3043 3205 erroris,
3071 3129 3174 3195 vel

702 3229 757 3292 si
791 3247 981 3310 quam
1012 3227 1218 3304 habet,
1258 3227 1436 3292 illam
1468 3226 1824 3307 prudenter
1868 3228 2119 3307 repellit
2143 3249 2219 3292 ae
2248 3230 2590 3293 contemnit
2621 3233 2697 3293 ut
2736 3231 3168 3312 sev-tepidum...

704 3350 776 3394 ac
804 3331 1045 3395 motiva
1080 3330 1393 3394 iudicandi
1432 3331 1854 3413 oppositum...
1896 3350 1959 3396 se
1997 3331 2227 3397 habent
2256 3331 2506 3414 perinde
2554 3351 2627 3397 ac
2671 3333 2728 3397 si
2764 3352 2890 3399 non
2927 3338 3170 3411 essent3

702 3434 1012 3497 motivum
1047 3433 1231 3510 enim,
1264 3433 1430 3515 quod
1477 3433 1810 3516 prudenter
1854 3434 2292 3513 contemnitur,
2313 3434 2584 3514 perinde
2628 3456 2695 3500 se
2740 3435 2944 3511 habet,
2992 3458 3069 3503 ae
3113 3440 3176 3501 si

702 3558 829 3600 non
860 3540 1173 3599 extaret...
1201 3562 1260 3600 ».
1301 3537 1384 3601 Et
1420 3536 1594 3601 addit
1628 3537 1695 3601 in
1741 3556 1874 3602 rem
1919 3538 2176 3602 eandem
2212 3537 2470 3603 effatum
2520 3539 2677 3603 iuris
2708 3558 2838 3624 reg.
2871 3541 2981 3605 31.
3016 3541 3172 3606 iuris

701 3640 763 3703 in
804 3639 894 3701 6.:
937 3663 970 3694 «
997 3637 1187 3711 Eum,
1214 3639 1325 3719 qui
1355 3642 1559 3702 certus
1590 3643 1700 3713 est,
1727 3640 2061 3704 certiorari
2085 3639 2352 3704 ulterius
2383 3661 2508 3704 non
2540 3644 2863 3721 oportet».
2890 3642 3173 3726 Denique

701 3741 909 3825 negat,
938 3740 1216 3805 sufficere
1241 3741 1534 3826 exiguum
1556 3742 2019 3825 probabilitatis
2053 3762 2401 3807 excessum:
2437 3743 2617 3823 Quia,
2651 3743 2879 3826 inquit,
2907 3745 3172 3829 exiguus

700 3843 1162 3926 probabilitatis
1194 3862 1473 3908 excessus
1519 3864 1642 3910 non
1688 3844 1911 3908 fundat
1941 3844 2377 3910 certitudinem
2420 3845 2721 3911 moralem
2755 3864 2866 3911 nec
2898 3847 3173 3912 excludit

702 3946 1093 4013 formidinem
1125 3946 1563 4012 rationabilem
1596 3947 1822 4012 erroris
1855 3973 1916 4010 ».

793 4045 948 4119 174.
998 4050 1149 4113 Ecce
1204 4049 1402 4133 igitur
1461 4069 1695 4113 novum
1756 4049 2218 4132 probabilitatis
2265 4053 2638 4115 monstrum.
2688 4050 2853 4115 Nam
2910 4071 3054 4116 cum
3097 4071 3173 4117 ex

705 4152 982 4215 omnium
1014 4151 1320 4215 sententia
1343 4151 1458 4216 hoc
1492 4151 1812 4234 proprium
1838 4152 1922 4216 sit
1947 4151 2272 4234 opinionis,
2301 4157 2375 4217 ut
2399 4153 2482 4218 sit
2507 4172 2793 4219 assensus
2817 4153 2882 4218 in
2907 4155 3173 4219 alteram

703 4250 1207 4315 contradictionis
1239 4254 1480 4334 partem
1516 4271 1657 4317 cum
1690 4253 2016 4318 formidine
2051 4254 2336 4330 alterius3
2365 4274 2500 4319 ecce
2546 4254 2723 4319 nobis
2761 4256 3174 4338 probabilitas

702 4352 1004 4417 eiusmodi
1052 4352 1426 4431 obtruditur,
1467 4374 1625 4436 quae
1670 4355 1757 4418 sit
1802 4355 2105 4420 <iudicium
2150 4360 2405 4430 eertum,
2456 4376 2614 4438 quae
2662 4356 2879 4421 fundet
2924 4358 3178 4422 certita-

702 4456 911 4518 (Iinem
970 4455 1285 4530 moralem,
1336 4457 1485 4522 adeo
1532 4462 1605 4521 ut
1648 4479 1775 4522 non
1822 4463 2102 4539 oporteat
2147 4459 2413 4524 ulterius
2469 4461 2821 4535 certiorari,
2870 4479 3029 4543 quae
3078 4480 3175 4525 ex-

703 4557 915 4622 cludat
969 4557 1435 4633 dubitationem,
1490 4559 1889 4638 formidinem
1943 4560 2381 4626 rationabilem
2427 4561 2501 4626 de
2548 4563 2841 4643 opposito,
2892 4560 3044 4628 adeo
3100 4567 3174 4627 ut
