3529 5158
892 414 1378 459 PROPOSITIONUM
1413 418 1866 471 DAMNATARUM,
1904 419 1945 459 A
1983 418 2085 460 1³10
2121 420 2203 461 VI.
2567 421 2765 461 LXXIII

329 514 569 576 Christi
593 514 915 577 adoratur
960 532 1095 577 non
1143 517 1412 592 quidem
1458 522 1732 594 propter
1777 536 1850 580 se
1893 523 1964 581 et
2008 523 2172 595 tanq
2184 538 2332 581 uam
2381 521 2565 582 nuda
2612 537 2766 582 caro

328 604 438 665 sed
481 609 685 680 prout
729 606 926 666 unita
968 605 1332 679 divinitati,
1382 607 1554 668 foret
1597 609 1811 669 honor
1848 608 2122 669 divinus
2168 610 2551 685 impertitus
2582 626 2764 671 crea-

327 700 509 754 turae
552 697 624 753 et
669 710 803 754 non
852 695 1079 770 potius
1126 713 1261 756 una
1291 696 1654 772 eademqne
1685 696 2006 775 adoratio,
2043 716 2177 774 qua
2210 700 2510 760 Verbum
2549 699 2766 759 incar-

328 787 550 842 natum
589 800 739 843 cum
786 785 1058 860 propria
1103 785 1314 860 ipsius
1361 802 1559 847 carne
1606 787 1955 848 adoratur:

408 872 511 931 Ex
543 872 795 933 Concil.
832 873 963 934 ΟΡ.
992 891 1056 933 v,
1093 874 1261 935 Gen.
1298 875 1460 936 Can.
1513 879 1573 937 9.

406 962 623 1037 Falsa,
672 962 988 1040 captiosa,
1037 964 1147 1038 pio
1185 980 1263 1023 ac
1293 964 1519 1025 debito
1551 966 1766 1026 cultui
1799 966 2206 1026 humanitati
2246 966 2501 1027 Christi
2533 984 2575 1027 a
2610 966 2774 1026 fide-

498 1050 678 1111 libus
723 1052 1046 1127 praestito
1094 1069 1171 1113 ac
1214 1054 1618 1129 praestando
1672 1054 2033 1116 detrahens
2079 1062 2149 1116 et
2195 1056 2545 1117 iniuriosa.

683 1184 785 1244 De
837 1184 1016 1247 Orat.
1065 1187 1125 1265 ξ.
1178 1190 1281 1247 10.

410 1276 514 1335 62.
563 1274 910 1351 Doctrina,
959 1293 1130 1351 quae
1176 1277 1596 1338 devotionem
1645 1294 1805 1355 erga
1865 1278 2388 1340 sacratissimum
2436 1280 2568 1341 Cor
2615 1282 2772 1341 Iesu

326 1364 539 1425 reiicit
584 1364 763 1424 inter
808 1363 1219 1443 devotiones,
1282 1384 1449 1442 quas
1494 1372 1686 1427 notat
1751 1368 1942 1429 velut
1990 1385 2219 1447 novas,
2285 1385 2597 1430 erroneas
2652 1374 2774 1430 aut

326 1453 559 1514 saltem
606 1453 1032 1531 periculosae,

413 1541 769 1603 Intellecta
797 1542 881 1603 de
918 1544 1043 1604 hac
1073 1543 1451 1620 devotione,
1499 1545 1720 1620 qualis
1750 1548 1857 1605 est
1892 1547 1977 1605 ab
2015 1547 2378 1622 apostolica
2419 1546 2588 1606 Sede
2622 1564 2773 1623 pro-

327 1632 513 1692 bata:

410 1721 627 1799 Falsa,
675 1721 1045 1799 temeraria,
1095 1722 1487 1799 perniciosa,
1535 1723 1798 1798 piarum
1837 1724 2102 1783 aurium
2134 1725 2478 1799 offensiva,
2520 1723 2590 1782 in
2621 1740 2779 1800 apo·

378 1892 389 1902 ·
500 1811 796 1872 stolicam
851 1811 1090 1872 Sedem
1138 1810 1480 1873 iniuriosa.

676 1944 778 2005 De
829 1944 1007 2005 Orat.
1044 1945 1103 2023 ξ.
1155 1948 1259 2005 10.
1309 1951 1368 2005 et
1414 1948 1675 2023 append.
1718 1964 1784 2006 n.
1823 1949 1929 2007 32.

411 2034 515 2095 63.
564 2034 737 2095 Item
781 2034 856 2095 in
900 2050 982 2095 eo
1027 2034 1206 2110 quod
1254 2035 1546 2095 cultores
1594 2035 1830 2096 Cordis
1878 2037 2034 2097 Iesu
2081 2038 2207 2097 hoc
2247 2036 2450 2097 etiam
2499 2037 2773 2097 nomine

322 2124 561 2201 arguit,
611 2123 790 2199 quod
821 2140 981 2187 ,non
1037 2124 1414 2196 advertant,
1465 2126 1956 2186 sanctissimam
2012 2143 2277 2187 carnem
2340 2126 2594 2188 Christi
2650 2132 2773 2187 aut

321 2212 464 2273 cius
508 2216 769 2289 partem
815 2213 1107 2288 aliquam
1155 2217 1276 2273 aut
1318 2213 1523 2273 etiam
1555 2214 2040 2276 humanitatem
2072 2220 2282 2276 totam
2309 2232 2462 2275 cum
2507 2233 2776 2292 separa-

321 2303 503 2362 tione
534 2307 656 2362 aut
683 2302 1097 2377 praecisione
1126 2319 1167 2363 a
1196 2302 1571 2362 divinitate
1604 2303 1869 2363 adorari
1892 2321 2026 2364 non
2065 2320 2261 2379 posse
2292 2305 2482 2365 cultu
2507 2305 2775 2365 latriaet

409 2390 619 2464 Quasi
662 2390 893 2451 fideles
940 2390 1071 2453 Cor
1117 2392 1270 2452 Iesu
1319 2392 1676 2452 adorarent
1720 2408 1870 2452 cum
1910 2394 2330 2469 separatione
2377 2394 2485 2453 vel
2519 2394 2773 2468 praeci·

323 2479 507 2541 sione
551 2496 592 2540 a
614 2479 996 2559 divinitate,
1021 2480 1182 2540 dum
1212 2479 1382 2539 illud
1413 2480 1698 2540 adorant
1727 2486 1808 2542 ut
1843 2487 1949 2542 est
1987 2483 2118 2543 Cor
2154 2483 2330 2556 Iesu,
2367 2484 2498 2543 Cor
2529 2498 2766 2557 nempe

322 2586 641 2645 personae
686 2569 917 2647 Verbi,
966 2570 1078 2631 cui
1122 2569 1657 2646 inseparabiliter
1703 2570 1969 2632 unitum
2013 2575 2137 2648 est,
2186 2571 2272 2632 ad
2319 2589 2470 2632 eum
2506 2571 2778 2632 modum

323 2676 452 2734 quo
497 2675 839 2736 exsangue
884 2676 1126 2735 corpus
1173 2659 1425 2721 Christi
1471 2659 1539 2719 in
1587 2659 1812 2721 triduo
1876 2662 2112 2721 mortis
2158 2660 2304 2721 sine
2352 2661 2775 2737 separatione

324 2753 440 2809 ant
482 2748 859 2824 precisione
905 2765 947 2808 a
991 2748 1353 2810 divinitate
1397 2747 1735 2809 adorabile
1780 2749 1916 2811 fuit
1962 2751 2033 2810 in
2081 2752 2420 2826 sepulcro:

531 2837 865 2914 Captiosa,
911 2838 983 2897 in
1034 2839 1260 2898 fideles
1308 2837 1542 2898 Cordis
1589 2838 1842 2899 Christi
1889 2840 2178 2900 cultores
2224 2840 2568 2901 iniuriosa.

325 3032 421 3079 DE·
463 3031 749 3080 ORDINE
780 3032 1286 3080 PRAESCRIPTO
1326 3032 1406 3079 IN
1443 3032 1590 3080 Pus
1627 3033 2352 3082 EXERGITATIONIBUS
2384 3035 2778 3084 OBEUNDIS.

680 3163 782 3226 De
826 3170 988 3225 orat.
1026 3165 1084 3243 ἓ.
1120 3168 1250 3241 14.,
1283 3165 1547 3241 append.
1587 3182 1654 3224 n.
1694 3167 1802 3224 34.

412 3257 516 3315 64.
551 3254 898 3328 Doctrina,
932 3270 1103 3329 quae
1149 3256 1341 3315 velut
1385 3253 1919 3329 superstitiosam
1962 3252 2276 3311 universe
2325 3257 2519 3311 notat
2560 3269 2778 3328 quam-

325 3361 578 3419 cumque
624 3344 976 3421 qfficaciam,
1019 3360 1175 3419 quae
1208 3348 1496 3421 ponatur
1544 3343 1612 3400 in
1658 3341 2072 3400 determina-to
2121 3357 2378 3400 numero
2413 3358 2676 3418 precum
2722 3348 2782 3401 et

318 3434 579 3508 piarum
625 3432 1106 3504 salutationum,

412 3521 759 3596 Tanquam
805 3520 1272 3596 superstitiosa
1317 3518 1650 3579 censenda
1694 3521 1873 3580 esset
1918 3518 2226 3598 efficacia,
2272 3535 2445 3596 quae
2491 3519 2782 3581 sumitur

331 3626 457 3670 non
490 3627 573 3670 ex
610 3625 888 3670 numero
934 3609 1004 3669 in
1052 3627 1122 3670 se
1168 3613 1487 3686 spectato,
1521 3608 1639 3668 sed
1676 3625 1760 3668 ex
1806 3609 2223 3684 praescripto
2275 3609 2612 3670 Ecclesiae
2643 3627 2782 3670 cer-

328 3703 468 3758 tum
500 3715 851 3759 numerum
884 3714 1154 3774 precum
1188 3699 1291 3758 vel
1343 3703 1764 3758 externarum
1798 3697 2137 3758 actionum
2169 3699 2629 3773 praefinientia
2661 3716 2785 3774 pro

330 3787 769 3864 indulgentiis
800 3787 1307 3864 consequendiS,
1343 3804 1464 3862 pro
1510 3786 1953 3862 adimplendis
2000 3788 2435 3861 poenitentiis
2467 3793 2537 3847 et
2583 3805 2784 3862 gene-

330 3877 523 3936 ratim
571 3892 693 3953 pro
739 3893 925 3937 sacro
971 3881 1043 3938 et
1086 3876 1398 3952 religioso
1443 3878 1628 3936 cultu
1678 3877 1808 3936 rite
1853 3881 1924 3936 et
1968 3892 2051 3936 ex
2089 3876 2323 3935 ordine
2363 3876 2782 3951 peragendo:

415 3966 635 4045 Falsa,
683 3966 1054 4045 temeraria,
1097 3966 1502 4038 scandalosa,
1543 3965 1936 4044 perniciosa,
1976 3965 2216 4040 pietati
2261 3964 2558 4036 fidelium
2606 3964 2784 4026 iniu-

504 4055 702 4125 riosa,
736 4054 1073 4116 Ecclesiae
1117 4054 1505 4116 auctoritati
1551 4054 1899 4131 deroganS,
1939 4069 2231 4114 erronea.

687 4179 789 4240 De
834 4179 1079 4240 Poenit.
1115 4179 1174 4258 ξ.
1211 4182 1315 4240 10.

417 4273 522 4332 65.
563 4268 945 4345 Propositio
990 4268 1375 4346 enuntianS,
1411 4270 1826 4346 irreyularom
1863 4269 2196 4345 strepitum
2244 4285 2552 4327 ‘novarum
2597 4269 2784 4328 insti-

330 4360 668 4434 tutionum,
690 4375 849 4434 quae
871 4358 1075 4418 dictae
1105 4365 1252 4418 sunt
1278 4358 1579 4418 exercitia
1600 4359 1699 4417 vel
1720 4359 2107 4418 mx‘iesimaes...
2129 4357 2295 4419 forte
2325 4375 2646 4434 nunquam
2673 4365 2787 4418 aut

328 4449 549 4508 saltem
578 4462 851 4524 perraro
881 4464 950 4506 eo
970 4445 1347 4524 pertimere,
1376 4453 1447 4506 ut
1478 4447 1830 4507 absolutam
1862 4447 2321 4506 conversi-onem
2354 4453 2691 4521 operentur
2729 4455 2788 4507 et

328 4538 667 4598 exteriores
715 4534 862 4594 illos
907 4536 1337 4595 commotionis
1392 4542 1587 4607 actus,
1638 4537 1745 4612 qui
1792 4552 2160 4613 apparuere,
2212 4536 2280 4593 ni
2287 4536 2307 4592 l
2353 4535 2536 4594 aliud
2578 4536 2792 4613 fuisse

331 4643 516 4701 quam
561 4625 969 4685 transeuntia
1015 4625 1338 4683 naturalis
1382 4626 1806 4684 commem-nis
1836 4624 2141 4702 fulyura,
