3529 5158
681 355 790 410 554
1075 370 1285 411 macr.
1325 370 1405 411 1v.
1443 370 1530 409 ms
1565 367 1876 410 Pmca'rm.
1915 368 2114 410 carun·
2152 367 2193 407 1.
2218 366 2361 408 mm.
2400 366 2492 408 111.
2535 366 2673 406 Am.
2700 368 2741 408 1.
3007 352 3158 435 [619]

679 467 841 531 ratio
892 467 969 531 ad
1014 467 1341 532 obiectum.
1377 468 1464 531 At
1492 468 1657 531 enim
1705 468 2039 549 postquam
2073 484 2144 530 eo
2183 464 2518 543 deveneris,
2554 468 2626 530 ut
2655 466 2906 530 statuas
2943 468 3157 548 poste-

680 569 905 634 riorem
949 570 1109 633 hanc
1152 569 1488 634 formulam
1533 588 1664 634 esse
1709 567 2201 651 praeferendam,
2241 568 2389 650 quia
2426 587 2569 632 cum
2602 568 2869 632 virtutes
2906 587 3160 650 quoque

681 672 1107 753 specificentur
1151 690 1223 734 ex
1271 672 1529 748 obiect0‚
1577 671 1898 735 distinctio
1948 671 2291 754 specierum
2339 670 2589 734 tandem
2639 669 2905 752 petenda
2950 670 3037 734 sit
3082 690 3158 734 ex

686 774 1066 840 obiectorum
1097 773 1456 851 differentia,
1492 776 1845 857 postquam,
1873 774 2149 856 inquam,
2183 773 2246 837 id
2278 772 2696 850 constitueris,
2731 772 2882 854 quid
2904 772 3160 838 demum

685 875 1044 941 conclusisti
1088 876 1292 958 quoad
1339 876 1726 959 propositum
1758 876 1936 941 nobis
1971 895 2245 959 scopum,
2282 876 2356 939 ut
2385 875 2679 952 3013111113,
2713 894 2873 957 quae
2905 876 3164 957 peccata

685 981 883 1064 specie
928 980 1258 1044 differant?
1302 978 1466 1044 Nam
1521 980 1783 1045 ulterior
1845 980 2190 1044 necessaria
2237 979 2438 1044 aderit
2493 979 2801 1061 quaestio,
2848 997 3159 1061 quaenam

685 1083 924 1149 obiecta
967 1084 1061 1147 ita
1106 1082 1409 1158 differant,
1461 1084 1573 1146 aut
1619 1082 1873 1165 quando
1922 1082 2016 1146 ita
2063 1082 2368 1159 differant,
2418 1084 2493 1145 ut
2537 1080 2847 1145 diversam
2892 1083 3159 1165 speciem

683 1185 1004 1249 inducant.

772 1288 1030 1368 Insuper
1073 1286 1224 1350 haec
1268 1287 1551 1367 quaestio
1586 1286 1952 1370 agitabatur
1986 1286 2063 1350 ad
2098 1305 2456 1365 supremam
2500 1285 2613 1350 illa
2659 1285 2998 1350 formulam
3035 1288 3165 1350 sta-

683 1388 1016 1453 biliendam
1062 1389 1126 1452 et
1170 1388 1328 1452 hanc
1388 1388 1769 1469 quaerebant
1814 1389 1878 1452 in
1926 1388 2207 1452 doctrina
2254 1406 2303 1453 s.
2355 1388 2652 1464 Thomae,
2703 1406 2847 1451 cum
2894 1388 3159 1471 speciem

685 1493 1048 1559 sumendam
1076 1493 1228 1557 dicit
1257 1512 1328 1557 ex
1361 1493 1616 1558 obiectis
1649 1494 1748 1557 vel
1783 1513 1854 1558 ex
1890 1492 2191 1576 oppositis
2225 1493 2586 1569 virtutibu8‚
2620 1512 2781 1575 quae
2813 1513 2889 1557 ex
2917 1493 3162 1558 obiecto

685 1596 1133 1681 specificantur.
1175 1595 1261 1659 At
1298 1595 1461 1659 enim
1493 1614 1540 1659 s.
1576 1595 1856 1659 Thomas
1903 1596 2034 1678 ipse
2081 1596 2334 1672 fatetur,
2369 1614 2507 1661 eam
2540 1595 2826 1679 regulam
2858 1614 2983 1661 non
3030 1614 3160 1660 esse

687 1698 1054 1783 generalem.
1089 1695 1190 1762 Sic
1221 1697 1384 1761 enim
1415 1696 1603 1761 habet
1632 1696 1707 1760 de
1738 1695 1910 1760 Mal.
1947 1717 2004 1779 q.
2043 1700 2102 1761 2.
2141 1700 2259 1762 art.
2295 1698 2393 1761 6.:
2435 1721 2471 1756 α
2501 1696 2632 1761 Nec
2675 1699 2774 1760 aet
2807 1697 3155 1773 dicendum,

690 1800 855 1884 quod
900 1800 1187 1864 differant
1232 1800 1540 1882 (peccata)
1587 1799 1787 1883 specie
1827 1799 2163 1864 secundum
2199 1799 2608 1864 differentiam
2656 1801 3160 1882 praeceptorum:

692 1904 798 1968 sed
842 1903 1045 1986 magis
1092 1922 1124 1967 e
1170 1920 1463 1966 converso
1502 1904 1828 1984 praecepta
1860 1902 2021 1984 (scil.
2063 1902 2408 1985 naturalia)
2446 1900 2927 1985 distinguuntur
2957 1920 3168 1966 secun-

692 2007 843 2070 dum
887 2005 1294 2068 differentiam
1326 2004 1635 2067 virtutum
1680 2004 1780 2067 vel
1814 2003 2145 2079 vitiorum;
2180 2004 2328 2085 quia
2361 2004 2691 2086 praecepta
2723 2002 2801 2067 ad
2832 2003 2951 2067 hoc
2997 2006 3164 2079 sunt,

693 2110 767 2173 ut
811 2106 1146 2172 secundum
1182 2105 1481 2169 virtutem
1528 2124 1854 2188 operemur
1901 2106 1966 2168 et
2012 2107 2264 2188 peccata
2302 2105 2594 2170 vitemus,
2645 2103 2712 2169 Si
2760 2124 2904 2171 vero
2954 2106 3166 2188 aliqua

691 2212 896 2276 essent
940 2211 1191 2293 peccata
1238 2208 1441 2273 solum
1488 2208 1636 2289 quia
1667 2207 2004 2290 prohibita,
2045 2208 2117 2270 in
2163 2206 2263 2271 his
2307 2206 2687 2271 rationabile
2733 2210 2914 2281 esset,
2959 2212 3036 2270 ut
3073 2228 3166 2271 se-

689 2312 959 2378 cundum
1005 2310 1426 2390 differentiam
1459 2314 1939 2390 praeceptorum
1983 2311 2185 2389 specie
2221 2314 2481 2390 peccata
2526 2309 2862 2389 differrent
2887 2337 2947 2373 ».

780 2417 915 2481 Hac
946 2434 1092 2500 ergo
1127 2414 1414 2478 absoluta
1446 2412 1826 2494 quaestione,
1851 2413 2261 2494 inquiramus,
2289 2412 2536 2494 quando
2561 2412 2624 2476 in
2656 2414 2835 2495 praxi
2865 2413 3164 2478 distincta

690 2519 921 2585 censeri
966 2518 1164 2602 specie
1210 2516 1470 2581 debeant
1516 2516 1803 2598 peccata:
1854 2515 2020 2597 quod
2064 2516 2140 2579 A.
2193 2516 2473 2598 praestat
2517 2515 2583 2579 in
2640 2516 2922 2583 subiecta
2972 2516 3168 2582 Reso-

692 2622 949 2686 lutione.
2553 2635 2560 2640 ·

1561 2745 1671 2808 Ex
1717 2745 1944 2826 quibus
1990 2744 2277 2809 resolves.

803 2890 992 2944 xxw.
1012 2891 1214 2944 Peccata
1239 2889 1402 2957 specie
1428 2889 1672 2952 differunt,
1701 2905 1798 2944 nou
1826 2897 2009 2944 tautum
2037 2906 2161 2957 quac
2187 2890 2397 2946 diversis
2423 2891 2707 2955 virtutibus,
2738 2893 2823 2945 scd
2864 2892 3014 2947 etiam
3043 2907 3165 2960 quse

696 2973 853 3028 eidem
880 2980 1196 3041 opponuntur
1221 2980 1456 3037 extreme,
1484 2981 1535 3028 ut
1561 2972 1880 3042 prodigalitas
1907 2981 1954 3028 et
1980 2975 2215 3029 avaritia:
2241 2978 2321 3029 vel
2348 2976 2533 3032 ratione
2564 2977 2790 3030 diversae
2818 2976 3164 3043 (ἤπυε-1111111113,

695 3059 744 3111 111
766 3064 842 3112 est
861 3072 986 3123 quae
1006 3059 1128 3111 adeo
1150 3057 1343 3111 diversa
1364 3057 1553 3112 ratione
1573 3064 1621 3111 et
1642 3058 1825 3113 malitia
1847 3058 2064 3113 eiusdem
2087 3059 2286 3114 virtutis
2305 3062 2556 3115 materiam
2576 3061 2835 3125 attingunt,
2850 3071 2907 3115 ut
2932 3072 3166 3128 quantum

695 3152 850 3198 estex
876 3149 1047 3198 natura
1066 3142 1281 3197 eiusdem
1302 3143 1617 3212 peccati,non
1639 3143 1701 3196 sit
1719 3146 1889 3197 eadem
1914 3143 2136 3207 facilitas,
2164 3144 2414 3199 moraliter
2436 3148 2696 3212 loquendo,
2715 3159 2875 3212 neque
2894 3146 3165 3215 propensio

697 3238 955 3295 utrumque
981 3237 1235 3296 peceatum
1262 3229 1625 3295 committendi;
1657 3229 1819 3296 qualia
1846 3237 1959 3283 sunt
1985 3229 2318 3294 homicidium,
2346 3234 2544 3295 turtum,
2577 3230 2890 3295 adulterium.
2908 3231 3165 3287 detractio.

783 3354 935 3428 619.
987 3357 1246 3422 Modum
1293 3377 1438 3441 ergo
1489 3360 1770 3443 assignat
1815 3359 1911 3434 A„
1962 3378 2084 3440 quo
2133 3362 2562 3444 cognoscatur,
2614 3359 2859 3441 quando
2912 3363 3166 3444 peccata

691 3461 888 3542 specie
919 3459 1226 3535 differunt,
1263 3459 1391 3522 scil.
1437 3460 1503 3522 1Ο
1542 3480 1683 3524 011111
1717 3462 2118 3544 opponuntur
2149 3460 2408 3526 diversis
2441 3462 2805 3540 virtutibus,
2841 3483 2898 3527 v.
2932 3482 3025 3548 gr.
3069 3481 3170 3526 ca·

694 3561 930 3625 stitatis
977 3563 1040 3624 et
1084 3560 1361 3625 iustitiae
1395 3565 1507 3626 aut
1538 3563 1848 3626 caritatis:
1893 3563 1962 3625 2⁰
1987 3582 2145 3644 quae
2177 3562 2375 3627 eidem
2407 3564 2657 3646 quidem
2702 3565 2927 3630 virtuti
2975 3584 3169 3648 oppo-

694 3665 946 3742 nuntur,
981 3662 1086 3727 sed
1132 3665 1398 3728 extreme
1445 3665 1605 3729 idest
1642 3685 1747 3748 per
1784 3665 2069 3748 opposita
2102 3669 2373 3731 extrema
2407 3664 2536 3730 scil.
2574 3686 2681 3751 per
2713 3685 3033 3731 excessum
3070 3668 3168 3732 vel

697 3786 802 3851 per
831 3766 1157 3840 defectum3
1185 3767 1279 3832 uti
1310 3769 1628 3833 rusticitas
1662 3771 1725 3832 et
1750 3768 2082 3834 dissolutio
2108 3769 2302 3833 relate
2328 3769 2405 3833 ad
2431 3770 2873 3853 eutrapeliam:
2911 3771 2984 3834 3⁰
3009 3791 3167 3853 quae

693 3869 936 3933 diversa
956 3869 1197 3933 ratione
1231 3869 1555 3953 attingunt
1584 3870 1914 3934 materiam
1940 3871 2214 3934 eiusdem
2248 3870 2522 3947 virtutiS‚
2558 3872 2653 3936 uti
2697 3873 2972 3954 peccata.
3010 3893 3168 3956 quae

695 3973 930 4039 Auctor
977 3974 1299 4038 enumerat
1346 3974 1630 4056 opposita
1678 3973 1982 4039 iustitiae.

785 4076 868 4139 Et
913 4076 1075 4157 quod
1123 4076 1363 4158 spectat
1409 4076 1487 4139 ad
1534 4076 1985 4159 oppositionem
2032 4097 2172 4142 cum
2220 4078 2478 4142 diversis
2526 4078 2890 4159 virtutibus,
2941 4081 3164 4144 merito

699 4199 747 4243 3.
782 4178 1136 4261 Alphonsus
1166 4177 1271 4240 lib.
1303 4178 1360 4240 5.
1389 4198 1446 4240 n.
1476 4178 1580 4240 32.
1618 4178 1726 4254 ait,
1763 4179 1921 4243 hanc
1946 4181 2114 4243 viam
2147 4180 2488 4263 planiorem
2511 4199 2641 4245 esse
2667 4180 2744 4244 ad
2769 4184 3163 4265 peccatorum

698 4279 1165 4364 distinguendas
1212 4279 1472 4362 species;
1523 4281 1747 4364 quippe
1797 4283 1858 4345 et
1906 4283 2181 4366 cognitio
2231 4283 2381 4347 haec
2427 4282 2813 4347 diversarum
2853 4284 3165 4349 virtutum

701 4381 938 4444 facilior
983 4383 1045 4446 et
1082 4381 1144 4444 i'n
1176 4385 1467 4464 promptu
1500 4402 1606 4446 nec
1639 4382 2076 4448 difficultatem
2110 4383 2296 4449 habet
2335 4386 2718 4468 comparatio
2760 4406 2903 4450 cum
2938 4387 3164 4451 eisdem

700 4482 1037 4547 virtutibus
1082 4483 1377 4546 facienda.
1424 4483 1527 4548 Sic
1574 4485 1751 4549 facile
1801 4488 1895 4550 est
1941 4487 2321 4570 distinguere
2370 4488 2566 4571 specie
2601 4489 2965 4571 periurium,
3002 4489 3161 4571 quod

698 4587 795 4649 est
839 4587 1053 4648 contra
1098 4585 1459 4667 religionem
1507 4587 1569 4650 et
1617 4587 2086 4653 fornicationem
2135 4592 2350 4654 contra
2397 4590 2773 4654 castitatem.
