3529 5158
377 307 519 383 [263]
961 326 1048 365 11111
1084 324 1567 367 consum-umus.
1602 326 1846 368 ‘ramnus
1886 327 2261 377 nmmsrrun
2731 315 2841 371 293

381 521 420 586 d
464 416 648 490 282.
701 421 792 486 De
844 424 1124 505 tempore
1182 422 1258 485 ad
1320 423 1668 507 legitimam
1725 424 2231 489 consuetudinem
2286 426 2583 507 requisito
2642 424 2841 491 dicen-

422 542 527 587 um
641 525 687 588 t.

465 543 730 705 Quidsam
779 646 922 691 cum
961 627 1247 691 Duareno
1288 627 1544 711 exigunt
1573 630 1819 712 tempus
1853 631 1966 694 aut
1994 629 2435 694 imnwmom'ale
2473 633 2585 695 aut
2615 632 2838 695 invete-

377 731 586 790 ratum
610 732 673 793 et
711 729 941 793 saltem
989 728 1277 811 huyum,-
1316 729 1481 811 quod
1519 749 1649 794 esse
1680 731 1956 814 spatium
1992 733 2216 797 saltem
2264 751 2566 797 annorum
2609 733 2715 798 40.
2764 753 2835 799 ex

377 831 565 896 variis
596 831 750 896 iuris
783 833 1060 898 testibus
1092 832 1418 898 definiunt.
1457 833 1635 916 Apud
1665 832 1967 900 Schmalz.
2002 856 2060 899 n.
2102 837 2162 900 9.

465 933 698 999 Verum
724 935 1066 1000 tenendum
1100 939 1214 1013 est,
1248 936 1604 1000 decennium
1651 934 1951 1013 sufficere,
1988 939 2061 1001 ut
2096 939 2475 1004 consuetudo
2505 940 2633 1004 vim
2677 939 2835 1026 legis

372 1036 602 1102 11611661
626 1041 689 1103 61
712 1039 886 1124 leges
913 1040 1135 1104 saltem
1169 1039 1378 1104 civiles
1405 1038 1702 1122 abrogare
1719 1040 1935 1134 possit.
1970 1039 2069 1104 Ita
2101 1038 2327 1105 Suarez
2350 1041 2426 1105 de
2455 1041 2608 1124 Ley.
2634 1042 2741 1107 lib.
2772 1043 2830 1107 7.

370 1157 504 1222 cap.
537 1140 639 1203 15.
672 1161 733 1205 n.
770 1143 830 1205 5.
865 1145 929 1206 et
964 1143 1195 1207 Palaus
1235 1143 1314 1204 tr.
1350 1142 1410 1204 3.
1450 1140 1605 1224 disp.
1641 1142 1700 1204 3.
1736 1162 1795 1224 p.
1832 1142 1890 1204 2.
1928 1141 1985 1225 g.
2027 1143 2087 1206 2.
2128 1161 2187 1205 n.
2230 1142 2289 1206 5.
2325 1144 2389 1206 et
2436 1143 2546 1207 alii
2592 1144 2670 1207 ab
2715 1145 2831 1208 hoc

373 1242 655 1408 ansstgzjlttib
696 1346 791 1408 est
828 1346 895 1408 1⁰
921 1346 1069 1427 qnia
1117 1344 1195 1410 ad
1240 1343 1748 1410 consuetudinem
1793 1344 2202 1409 inducendam
2245 1346 2451 1410 solum
2493 1346 2832 1428 requiritur

237 1451 245 1460 '
370 1443 628 1526 lonyum
670 1447 936 1530 tempus.
985 1446 1181 1529 Atqui
1226 1446 1587 1512 decennium
1623 1449 1718 1510 est
1752 1446 2013 1531 longum
2044 1450 2309 1530 tempuS‚
2344 1451 2418 1512 ut
2453 1448 2516 1512 in
2548 1447 2682 1512 iure
2716 1449 2830 1514 ha-

367 1547 575 1612 betur.
611 1546 774 1612 Inst.
810 1547 884 1623 ck
929 1547 1193 1629 Uszwap.
1221 1548 1359 1613 init.
1400 1573 1435 1607 «
1467 1546 1995 1613 Constitutionem
2042 1568 2224 1632 super
2252 1549 2371 1614 hoc
2415 1549 2833 1634 promulgavi-

365 1669 528 1726 111116,
565 1669 690 1732 qua
714 1653 970 1715 cautum
1009 1655 1123 1730 est,
1148 1654 1223 1716 111
1257 1670 1355 1717 166
1393 1651 1640 1734 quidem
1665 1651 1924 1715 mobiles
1956 1670 2063 1735 per
2090 1652 2445 1728 triennium,
2480 1652 2828 1717 immobiles

362 1770 512 1816 vero
547 1772 674 1832 per
704 1751 880 1836 lbnyi
911 1754 1202 1833 temporis
1225 1754 1702 1833 possessionem,
1734 1752 1896 1817 idest
1939 1753 2103 1818 inter
2132 1756 2481 1837 praesentes
2511 1753 2825 1829 decennio,

360 1855 529 1919 inter
562 1855 844 1919 absentes
883 1856 1111 1936 viyinti
1138 1856 1331 1919 annis
1361 1856 1807 1938 usucapiantur
1838 1881 1899 1919 ».

547 1957 619 2021 2⁰
650 1955 746 2020 Ad
777 1957 1283 2022 consuetudinem
1313 1957 1565 2033 sufficit,
1592 1959 1665 2021 ut
1689 1957 1773 2021 sit
1809 1957 2088 2042 legitime
2117 1958 2514 2042 praescripta,
2539 1960 2614 2022 ut
2637 1959 2825 2024 1161161

357 2078 486 2143 cap.
537 2059 642 2123 fin.
671 2059 745 2123 de
779 2057 1152 2123 consuetud.
1180 2057 1272 2123 Cf.
1313 2061 1554 2124 textum
1586 2057 1874 2144 Gregorii
1910 2059 2019 2122 IX.
2061 2060 2195 2124 sub.
2236 2080 2295 2124 n.
2322 2060 2595 2144 praeced.
2627 2061 2825 2143 Atqui

356 2162 503 2226 talis
549 2163 662 2238 est,
697 2181 855 2244 quae
892 2181 998 2246 per
1031 2162 1389 2227 decennium
1426 2161 1630 2226 durat.
1664 2160 1829 2226 Nam
1858 2161 2004 2226 licet
2034 2161 2161 2227 sint
2190 2162 2427 2228 multae
2459 2164 2618 2228 aliae
2652 2183 2825 2248 prae-

351 2267 743 2351 scriptioneS,
770 2285 929 2350 quae
956 2266 1206 2352 longius
1236 2270 1480 2349 tempus
1509 2266 1790 2350 exigunt3
1809 2266 1958 2348 quia
1988 2268 2196 2331 tamen
2232 2267 2591 2332 decennium
2614 2285 2825 2332 secun-

352 2368 498 2434 dum
535 2369 675 2433 iura
699 2367 951 2446 sufficit,
979 2367 1271 2434 standum
1294 2371 1390 2433 est
1421 2369 1564 2432 huic
1586 2368 1871 2452 tempori,
1899 2388 2040 2432 cum
2066 2371 2294 2453 agatur
2317 2369 2390 2433 de
2413 2388 2478 2433 re
2493 2369 2823 2434 favorabili

352 2475 413 2536 et
448 2470 699 2537 nemini
728 2471 1060 2535 contraria.
1102 2469 1168 2535 Si
1205 2471 1368 2535 enim
1417 2471 1602 2535 alicui
1649 2463 1960 2536 contraria
2007 2473 2186 2548 esset,
2221 2471 2494 2554 profecto
2525 2473 2686 2535 esset
2721 2471 2821 2536 vel

355 2574 626 2660 principi
663 2574 762 2638 vel
795 2572 1082 2639 subditis.
1122 2573 1319 2656 Atqui
1366 2592 1488 2638 non
1533 2573 1821 2657 principi3
1858 2572 2004 2655 quia
2049 2573 2430 2640 consuetudo
2468 2574 2595 2639 vim
2632 2574 2821 2640 habet

358 2698 428 2743 ex
473 2678 669 2743 huius
715 2677 905 2761 legali
952 2696 1286 2741 consensu:
1328 2696 1449 2741 non
1482 2676 1776 2753 subditis,
1825 2676 1972 2758 quia
2020 2676 2098 2741 ab
2144 2696 2358 2742 eorum
2393 2678 2720 2743 voluntate
2755 2680 2819 2743 et

353 2800 469 2846 usu
506 2779 756 2864 pendet.

529 2885 606 2948 3⁰
642 2882 775 2946 Imo
828 2881 882 2945 si
919 2881 1333 2945 communitas
1363 2882 1461 2946 161
1509 2882 1717 2965 potius
1746 2882 1932 2947 istius
1964 2901 2106 2966 pars
2140 2883 2342 2967 legem
2378 2902 2500 2947 non
2534 2880 2816 2948 observet

356 2988 416 3050 et
444 2987 562 3051 hoc
602 2985 885 3069 princeps
910 2984 1066 3048 sciat
1103 2986 1166 3048 et
1190 2986 1414 3061 taceat,
1451 2983 1784 3066 aliquando
1812 2985 1969 3067 legis
2003 2983 2305 3067 obligatio
2328 2985 2593 3048 cessabit
2622 2986 2815 3050 etiam

357 3091 495 3153 ante
527 3087 914 3163 decennium,
949 3105 1070 3151 non
1116 3086 1364 3169 quidem
1410 3087 1650 3150 ratione
1696 3085 2177 3161 consuetudinis,
2227 3103 2386 3165 quae
2422 3084 2695 3149 nondum
2742 3106 2814 3152 ex

357 3190 691 3276 hypothesi
737 3190 1113 3273 praescripta
1162 3192 1297 3265 est3
1332 3188 1437 3253 sed
1462 3208 1533 3253 ex
1556 3206 1856 3252 consensu
1878 3187 2072 3269 ipsius
2108 3186 2398 3268 principis
2429 3186 2812 3252 conniventis

353 3295 413 3356 et
442 3295 534 3358 ita
568 3311 712 3358 eam
747 3292 938 3357 tacite
983 3292 1283 3357 tollentis.
1334 3290 1487 3354 Heic
1518 3290 1680 3354 enim
1715 3290 1925 3353 locum
1969 3288 2157 3352 habet
2194 3288 2436 3372 Regula
2491 3288 2597 3352 43.
2636 3289 2702 3353 in
2749 3290 2808 3355 6.

361 3394 481 3476 Qui
515 3399 698 3468 tacet,
730 3396 1076 3458 consentire
1108 3392 1371 3456 videtur.

438 3498 561 3562 Hic
594 3497 826 3581 duplex
854 3496 1076 3561 modus
1121 3492 1448 3559 inducendi
1493 3491 2018 3571 consuetudinem,
2063 3494 2131 3556 κ’
2160 3512 2266 3577 per
2310 3494 2808 3561 conniventiam:

355 3599 423 3663 20
446 3620 555 3683 per
596 3602 854 3665 actuum
901 3600 1179 3681 tempore
1225 3596 1509 3681 legitimo
1555 3595 1985 3678 frequentiam,
2025 3595 2216 3661 etiam
2259 3595 2588 3681 ignorante
2632 3599 2813 3684 legis-

348 3701 567 3768 latore.

525 3806 601 3868 4⁰
634 3804 710 3869 In
734 3804 1007 3869 textibus
1041 3805 1252 3868 autem
1276 3803 1491 3866 contra
1517 3801 1806 3886 allegatis
1836 3819 1959 3867 non
1989 3801 2216 3866 dicitur
2238 3820 2360 3865 non
2399 3801 2677 3867 sufficere
2714 3804 2813 3869 de-

345 3907 658 3981 cennium,
692 3905 797 3971 sed
829 3904 1179 3970 affirmatur
1209 3907 1272 3970 et
1305 3903 1685 3989 approbatur
1719 3903 2119 3979 consuetud0,
2154 3921 2312 3984 quae
2342 3903 2811 3970 immemorialis

351 4012 462 4074 aut
493 4010 848 4074 inveterata
887 4011 998 4073 aut
1034 4008 1141 4072 40.
1169 4026 1473 4072 annorum
1509 4006 1837 4071 exstiterit.
1865 4006 2031 4070 Dum
2058 4008 2269 4069 autem
2298 4005 2414 4069 hoc
2440 4002 2809 4086 affirmatur,

347 4131 468 4178 non
505 4113 653 4177 ideo
693 4112 960 4176 alterum
991 4110 1356 4175 excluditur.
1389 4108 1691 4173 Schmalz.
1727 4128 1790 4172 n.
1825 4110 1887 4173 9.

430 4212 619 4286 263.
658 4212 836 4294 Quod
867 4231 1010 4277 vero
1043 4213 1120 4277 ad
1158 4211 1578 4298 abrogandam
1607 4213 1810 4297 legem
1847 4210 2325 4276 ecclesiasticam
2363 4211 2609 4289 attinet,
2648 4230 2811 4277 com·

345 4318 625 4382 munitet
657 4319 893 4381 veteres
930 4313 1300 4381 Canonistae
1332 4314 1658 4400 exigebant
1694 4315 1801 4378 40.
1836 4332 2047 4378 annos.
2081 4313 2270 4379 Ratio
2306 4313 2458 4378 haec
2487 4317 2649 4379 erat:
2689 4314 2812 4379 Ad-

347 4438 562 4485 versus
601 4418 943 4483 Ecclesiam
996 4437 1118 4482 non
1171 4418 1358 4484 datur
1394 4419 1796 4502 praescriptio
1832 4417 1954 4481 nisi
2000 4419 2106 4481 40.
2165 4436 2485 4482 611110111111.
2536 4416 2683 4501 Cap.
2734 4417 2809 4483 de

356 4522 627 4603 Quarta,
661 4519 736 4584 de
770 4519 1160 4600 Praesmpt.
1216 4545 1252 4580 α
1292 4522 1383 4585 Ι)6
1420 4523 1644 4602 quarta
1691 4520 1962 4585 decimae
2007 4521 2071 4584 et
2119 4519 2450 4584 oblationis
2495 4519 2810 4585 defuncto-
