3529 5158
750 361 860 415 414
1252 374 1464 416 161161.
1504 374 1593 415 111.
1636 375 1721 414 mr.
1759 374 2038 416 6166111116.
2075 373 2274 417 capm-
2309 377 2389 418 1v.
2428 377 2572 418 mm.
2614 377 2695 419 ιν.
3072 362 3215 438 [428]

750 470 928 535 61666
960 470 1057 535 vel
1089 471 1153 535 in
1183 470 1461 536 facienda
1494 470 1987 557 peregrinatione
2009 472 2123 536 aut
2143 471 2662 539 deambulatione.
2681 474 2845 538 Nam
2876 494 3059 541 nemo
3093 495 3215 540 am-

754 574 965 659 bigere
996 577 1221 659 potest,
1256 576 1635 659 superiorem
1658 594 1855 658 posse,
1889 594 2012 640 666
2044 594 2218 640 66666
2257 595 2327 640 66
2364 577 2491 654 6111,
2532 577 2947 657 deambulare,
2981 579 3216 644 concio-

753 677 898 741 nari
930 680 1083 754 etc.;
1111 677 1304 743 sedin
1327 678 1444 755 his,
1478 680 1551 742 ut
1585 678 1740 742 alias
1773 678 2173 756 advertimus,
2200 697 2320 743 non
2345 678 2574 743 dicitur
2588 680 2961 763 dispensare.
2987 681 3217 765 Agitur

754 799 904 865 ergo
941 780 1015 844 de
1048 780 1145 858 116,
1173 800 1331 862 (1666
1364 781 1488 845 sint
1520 781 1745 844 vulnus
1780 780 2043 845 alicuius
2073 780 2231 865 legis
2254 780 2340 862 (v.
2366 801 2460 865 gr.
2492 781 2809 846 ieiunandi
2834 782 2991 847 feria
3022 786 3213 862 sexta,

759 883 1053 966 surgendi
1084 883 1161 946 ad
1191 883 1575 947 matutinum
1620 882 1825 946 media
1872 885 2051 947 nocte
2080 885 2228 966 etc.)
2266 885 2327 967 et
2365 882 2443 946 ad
2474 902 2633 965 quae
2656 884 2796 965 quis
2826 886 3097 963 tenetur,
3123 888 3219 950 uti

761 987 913 1049 sunt
959 1005 1119 1068 quae
1150 986 1450 1049 debentur
1487 1004 1558 1049 ex
1588 986 1737 1050 voto
1777 986 1892 1049 etc.
1925 985 2026 1048 Ita
2058 1005 2116 1049 v,
2149 1006 2244 1070 gr.
2270 985 2329 1049 ‘si
2366 985 2706 1069 Episcopus
2737 1005 2948 1051 secum
2984 987 3221 1072 dispen-

760 1090 862 1152 sat
895 1089 1165 1170 quadam
1198 1088 1296 1152 die
1319 1088 1381 1150 in
1421 1088 1784 1153 recitatione
1815 1087 2129 1152 Horarum
2168 1088 2260 1152 vel
2310 1088 2373 1151 in
2418 1089 2670 1165 ieiuni0‚
2710 1089 2812 1153 vel
2840 1090 3220 1156 abstinentia

754 1190 855 1255 vel
885 1190 948 1253 in
988 1190 1284 1274 quopiam
1308 1192 1477 1256 v0t0.

849 1288 1034 1361 428.
1062 1292 1301 1356 Auctor
1332 1292 1545 1374 itaque
1581 1311 1721 1356 cum
1759 1290 2029 1356 Sanchez
2062 1295 2125 1356 et
2155 1292 2356 1357 Diana
2403 1295 2593 1371 tenet,
2625 1294 3007 1377 superiorem
3044 1312 3219 1377 posse

753 1412 966 1458 secum
996 1395 1347 1478 dispensare
1381 1394 1628 1459 directe.
1663 1395 1745 1458 Et
1768 1414 1817 1459 s.
1851 1394 2035 1477 Alph.
2069 1395 2175 1460 lib.
2217 1397 2273 1459 1.
2312 1417 2372 1460 n.
2403 1396 2550 1460 183.
2577 1395 2771 1474 addit,
2810 1396 2975 1461 idem
3005 1396 3219 1462 docere

755 1514 807 1561 6.
841 1497 1083 1575 Thom.,
1119 1495 1337 1574 Caiet,
1372 1497 1611 1582 Laym„
1639 1497 1923 1575 Palaum,
1961 1497 2339 1563 Bonacinam
2377 1500 2492 1562 etc.
2527 1497 2707 1577 Quia,
2745 1499 2971 1581 inquit,
3005 1502 3104 1563 est
3134 1499 3221 1563 iu-

756 1599 1033 1665 risdictio
1067 1620 1216 1683 pure
1248 1600 1624 1678 voluntaria,
1656 1619 1816 1681 quae
1841 1600 2030 1664 etiam
2054 1619 2202 1684 erga
2226 1600 2497 1682 seipsum
2513 1600 2774 1665 exerceri
2804 1602 3033 1683 potest.
3058 1601 3221 1666 Hinc

755 1702 908 1768 bene
940 1704 1057 1768 sibi
1092 1703 1443 1786 dispensare
1481 1706 1688 1786 potest
1714 1703 1781 1767 in
1812 1703 1996 1779 votiS,
2029 1703 2412 1780 iuramentis,
2436 1703 2667 1768 ieiunio
2701 1704 2816 1767 616.
2851 1728 2913 1765 ».

846 1805 928 1870 Et
975 1805 1037 1870 in
1072 1806 1237 1869 hisce
1270 1825 1318 1870 s.
1352 1805 1537 1887 Alph.
1571 1804 1776 1868 verbis
1814 1805 2083 1869 indicata
2116 1806 2373 1888 apparet
2402 1805 2586 1883 ratio,
2620 1825 2730 1870 cur
2761 1806 2869 1869 alii
2901 1810 3216 1892 negarent,

757 1927 935 1991 posse
968 1908 1323 1992 quempiam
1346 1927 1553 1972 secum
1570 1906 1939 1989 dispensare.
1958 1906 2141 1985 Nam,
2166 1907 2275 1971 isti
2298 1907 2496 1981 aiunt,
2522 1908 2899 1991 dispensatio
2922 1910 3020 1972 est
3046 1912 3219 1974 66166

760 2010 1207 2075 iurisdictionis
1253 2011 1320 2075 in
1366 2010 1561 2075 alium
1609 2012 1671 2075 et
1718 2010 1966 2093 quidem
2012 2011 2074 2074 in
2107 2010 2447 2075 subditum.
2494 2010 2680 2096 Ergo,
2721 2031 2862 2075 cum
2910 2030 3094 2078 nemo
3141 2013 3223 2077 sit

757 2113 919 2176 alter
956 2131 990 2176 a
1023 2132 1106 2191 se,
1136 2115 1247 2177 aut
1285 2113 1404 2177 sibi
1426 2115 1625 2197 possit
1656 2132 1787 2178 esse
1824 2112 2129 2189 subditus,
2162 2131 2286 2177 non
2317 2114 2525 2196 potest
2555 2131 2702 2197 ergo
2733 2113 3223 2180 iurisdictionem

755 2215 821 2280 16
849 2214 1121 2298 seipsum
1152 2235 1422 2281 exercere
1456 2219 1643 2298 atque
1676 2216 1828 2280 adeo
1865 2234 1975 2279 nec
2011 2214 2362 2298 dispensare
2386 2233 2612 2294 secum,
2652 2215 2815 2280 sicut
2860 2234 2986 2280 non
3018 2218 3226 2300 potest

754 2337 823 2383 se
860 2318 1174 2384 absolvere
1221 2338 1256 2383 a
1294 2320 1581 2402 peccatis,

846 2422 1027 2486 Η666
1072 2422 1505 2486 difficultatem
1553 2422 1800 2507 egregie
1847 2421 2036 2487 solvit
2081 2418 2307 2485 Suarez
2345 2420 2420 2485 de
2448 2420 2668 2503 Leyib.
2701 2420 2808 2485 lib.
2845 2422 2905 2485 6.
2941 2442 3079 2507 cap.
3123 2424 3221 2487 12.

754 2548 818 2592 n.
848 2528 908 2591 9.
936 2525 1270 2609 multiplici
1301 2545 1373 2590 ex
1403 2526 1624 2609 capite.
1652 2526 1868 2608 Inquit
1892 2524 2081 2590 enim:
2116 2549 2151 2582 «
2174 2523 2314 2589 Non
2340 2524 2539 2590 omnis
2572 2525 2749 2590 actus
2779 2525 3225 2593 iurisdictionis

757 2628 1020 2710 requirit
1052 2627 1514 2692 distinctionem
1537 2628 1919 2710 personalem
1957 2629 2118 2693 inter
2148 2647 2309 2704 eum,
2336 2628 2443 2710 qui
2473 2627 2967 2694 iurisdictionem
2991 2634 3226 2696 exercet

754 2732 822 2793 et
848 2749 1009 2804 eum,
1044 2730 1204 2793 circa
1237 2749 1421 2810 quem
1453 2731 1793 2805 exercetur3
1829 2730 1933 2794 sed
1956 2732 2207 2795 tantum
2242 2730 2338 2794 illi
2375 2731 2573 2805 actus,
2600 2732 2707 2813 qui
2737 2733 3072 2813 requirunt
3094 2752 3226 2799 coa-

755 2832 1028 2897 ctionem
1057 2834 1122 2897 et
1153 2833 1469 2917 propriam
1500 2832 1890 2909 sententiam,
1924 2851 2030 2915 per
2062 2852 2251 2914 quam
2297 2833 2525 2896 dicitur
2554 2833 2652 2896 ius
2697 2831 2861 2896 inter
2906 2834 3121 2915 partes
3165 2835 3226 2897 et

756 2934 896 2999 ideo
922 2934 1186 3017 requirit
1217 2935 1468 2999 tertiam
1505 2952 1830 3017 personam
1862 2933 2221 2999 distinctam
2252 2935 2330 2998 ab
2365 2934 2513 2998 illis.
2545 2932 2633 2997 At
2662 2952 2806 3024 vero
2845 2933 3224 3017 dispensatio

771 3057 877 3120 per
910 3056 973 3101 66
1006 3039 1100 3101 661
1131 3037 1309 3101 66166
1344 3036 1790 3100 iurisdictionis
1837 3037 2224 3101 voluntariae
2268 3038 2549 3120 respectu
2596 3035 2748 3114 61116,
2787 3055 2932 3100 6616
2980 3056 3106 3119 quo
3145 3037 3228 3102 di·

760 3140 1110 3223 spensatur,
1145 3140 1209 3203 et
1239 3138 1374 3203 ideo
1415 3159 1485 3202 ex
1518 3156 1589 3202 ea
1621 3141 1797 3221 parte
1828 3158 1950 3204 non
1981 3139 2244 3220 requirit
2271 3158 2598 3222 personam
2630 3138 2708 3202 ab
2739 3156 2811 3203 eo
2843 3137 3225 3204 distinctam.

763 3243 1073 3326 Respectu
1107 3243 1299 3307 etiam
1332 3241 1527 3324 ipsius
1559 3242 1714 3326 legis
1754 3245 1867 3306 aut
1896 3243 2272 3327 legislatoris
2303 3243 2401 3307 vel
2424 3243 2570 3307 boni
2606 3243 2975 3320 communia,
3000 3243 3228 3325 quibus

755 3347 970 3427 aliquo
1005 3344 1189 3410 modo
1218 3347 1424 3428 potest
1449 3345 1868 3428 praeiudicare
1905 3345 2304 3427 dispensatio,
2328 3363 2452 3410 non
2475 3346 2685 3428 potest
2711 3345 2946 3427 requiri
2970 3364 3228 3428 persona

759 3468 798 3511 a
845 3447 1211 3530 legislatore
1249 3447 1560 3511 distincta.
1595 3446 1760 3511 Nam
1791 3447 1870 3511 ad
1923 3448 2128 3530 ipsum
2174 3448 2439 3530 pertinet
2477 3467 2656 3513 suam
2701 3449 2903 3532 legem
2954 3448 3119 3514 tueri
3167 3453 3227 3513 et

757 3548 1075 3613 communi
1111 3549 1271 3613 bono
1304 3549 1638 3613 consulere.
1671 3549 1838 3634 Ergo
1869 3569 1992 3615 666
2029 3551 2335 3634 repugnat
2365 3570 2437 3615 ex
2467 3553 2694 3615 natura
2723 3550 2831 3628 rei,
2865 3569 3227 3635 supremum

764 3651 1187 3735 legislatorem
1219 3670 1427 3715 secum
1472 3651 1823 3734 dispensare
1855 3653 1917 3717 in
1947 3653 2084 3736 lege
2119 3672 2154 3716 a
2183 3671 2248 3717 se
2295 3652 2459 3731 lata3
2486 3654 2635 3735 quia
2679 3653 2841 3718 circa
2879 3672 2946 3718 se
2994 3655 3229 3719 exercet

766 3752 1187 3818 voluntariam
1232 3752 1722 3819 iurisdictionem
1753 3756 1818 3818 et
1847 3757 2063 3821 contra
2085 3755 2529 3838 rempublicam
2560 3756 2751 3820 etiam
2786 3775 2910 3820 non
2944 3758 3045 3820 est
3088 3775 3229 3821 coa-

765 3855 909 3932 cti0,
960 3854 1064 3919 sed
1098 3855 1363 3939 prudens
1397 3855 1854 3922 administratio
1901 3858 2222 3921 cuiusdam
2266 3857 2357 3922 rei
2391 3858 2754 3922 communis.
2796 3856 2976 3922 Unde
3007 3857 3229 3922 confir-

755 3959 972 4023 matur
986 3959 1242 4039 primm
1279 3979 1425 4024 nam
1457 3978 1781 4042 supremus
1812 3960 2092 4043 princeps
2114 3961 2320 4043 potest
2350 3961 2715 4027 distribuere
2745 3961 2910 4026 bona
2956 3981 3231 4027 commu·

766 4062 869 4126 nia
905 4062 1068 4125 inter
1100 4061 1376 4126 membra
1414 4062 1902 4139 communitatis,
1936 4062 2497 4145 comprehendendo
2519 4064 2710 4128 etiam
2734 4063 3011 4146 seipsum
3043 4067 3106 4128 et
3138 4063 3229 4128 ita

757 4165 898 4246 ipse
945 4164 1211 4246 imponit
1244 4165 1483 4229 tributa
1528 4164 1646 4228 sibi
1692 4165 2005 4243 solvenda,
2061 4168 2248 4248 prout
2292 4165 2454 4230 ratio
2499 4166 2782 4230 iustitiae
2834 4166 3073 4250 exigit:
3123 4165 3229 4230 sed

759 4266 1139 4347 dispensatio
1171 4266 1235 4329 in
1267 4267 1401 4350 lege
1449 4268 1544 4330 est
1581 4267 1760 4349 quasi
1792 4286 2115 4332 commune
2151 4268 2384 4332 bonum
2414 4267 2906 4332 distribuendum
2941 4271 3006 4333 et
3037 4268 3235 4352 appli-

767 4367 1036 4430 candum
1081 4368 1372 4432 membris
1420 4370 1607 4452 prout
1651 4369 2003 4451 expedierit.
2062 4370 2226 4454 Ergo
2274 4389 2397 4436 666
2441 4371 2648 4435 minus
2693 4371 2901 4454 potest
2948 4370 3233 4454 princeps

764 4468 880 4531 1166
917 4467 1115 4533 facere
1147 4468 1307 4533 circa
1339 4470 1628 4552 seipsum,
1663 4490 1853 4553 quam
1885 4472 2046 4536 circa
2078 4472 2253 4537 alios.
2293 4471 2711 4538 Confirmatur
2739 4471 3051 4549 secundm·
3082 4473 3233 4554 quia

765 4569 1046 4652 princeps
1084 4570 1353 4652 seipsum
1399 4571 1562 4655 ligat
1606 4591 1720 4637 sua
1750 4574 1920 4658 lege:
1955 4594 2103 4660 ergo
2136 4575 2337 4640 multo
2373 4575 2576 4658 magis
2608 4575 2815 4658 potest
2850 4593 2915 4639 se
2952 4574 3234 4646 solvere;
