3529 5158
644 339 754 395 260
1240 351 1449 393 macr.
1491 352 1554 392 11.
1593 352 1680 391 mn
1714 349 2135 392 consumans.
2173 349 2373 391 caem-
2408 350 2503 391 111.
2961 338 3106 416 [mo]

646 453 911 517 mendis:
932 451 1331 535 scrupulosus
1348 449 1556 515 omnia
1579 448 1762 512 dubie
1786 449 1851 512 et
1865 446 2607 525 haesitanter-confitetur,
2626 448 2841 514 eadem
2858 452 3105 533 saepius

643 553 887 636 repetit,
920 552 1105 618 modo
1136 553 1300 616 hunc
1335 550 1519 615 modo
1554 550 1748 614 alium
1796 568 2122 613 numerum
2153 548 2322 625 dicit,
2355 548 2539 614 modo
2587 552 2662 615 ut
2704 554 2874 617 certa
2914 553 3100 620 modo

646 656 718 718 ut
740 654 928 718 dubia
959 657 1210 737 peccata
1256 654 1425 719 dicit.
1467 655 1538 717 5⁰
1573 653 1781 716 Laxus
1826 651 2304 735 praecipitanter
2349 653 2413 715 et
2456 652 2905 719 inconsiderate
2944 655 3105 721 solet

643 775 859 840 agere:
894 758 1292 841 scrupulosus
1324 775 1469 821 vero
1501 772 1794 838 suspense
1822 753 2098 837 procedit
2126 772 2237 817 nec
2272 754 2704 820 communibus
2752 756 3102 823 dictamini-

640 859 757 924 bus
789 854 945 937 fidit,
996 862 1099 926 sed
1145 880 1384 944 semper
1430 859 1676 942 quaerit
1710 855 2265 921 demonstrationes
2297 857 2362 920 et
2391 856 2749 923 evidentias.
2792 859 2861 921 6ο
2892 859 3100 926 Laxus

639 965 1048 1046 praescriptas
1080 983 1284 1047 preces
1308 964 1512 1027 mente
1536 979 1698 1046 vaga
1718 963 1785 1025 et
1805 978 2206 1043 praepropere
2231 958 2520 1035 absolvit,
2548 960 2679 1025 sine
2701 980 2888 1025 causa
2915 963 3101 1027 inter-

639 1066 893 1148 rumpit,
928 1066 1091 1130 inter
1114 1065 1414 1130 orandum
1459 1062 1896 1144 circumspicit,
1936 1060 2256 1125 fabulatur
2293 1061 2438 1124 etc.:
2489 1063 2889 1145 scrupulosus
2923 1066 3099 1129 anxie

638 1170 944 1249 precatur,
971 1168 1216 1251 saepius
1238 1166 1523 1231 subsistit
1547 1184 1657 1249 pro
1683 1164 2028 1229 attentione
2050 1162 2348 1239 habenda,
2375 1162 2589 1228 eadem
2615 1164 2844 1247 pluries
2870 1167 3099 1249 reperit

637 1270 753 1334 etc.
779 1270 869 1335 Ex
894 1272 990 1335 his
1023 1269 1310 1335 extremis
1341 1267 1711 1332 diiudicetur
1742 1266 1850 1349 qui
1882 1266 1978 1329 est
2006 1266 2209 1329 rectae
2233 1267 2298 1329 et
2318 1263 2624 1331 formatae
2657 1268 3089 1335 conscientiae.

726 1371 823 1435 Ad
868 1372 1072 1436 ultim.
1108 1371 1414 1436 animadv.
1463 1369 1755 1434 Auctoris
1802 1367 1875 1432 de
1920 1367 2149 1431 iudicio
2197 1366 2492 1449 scrupuli,
2527 1367 2678 1433 bene
2710 1368 2882 1434 addit
2904 1368 3087 1436 Croix

636 1494 695 1538 n.
734 1475 917 1538 524.:
960 1500 994 1533 «
1032 1473 1095 1539 Si
1142 1474 1282 1556 quis
1329 1472 1546 1537 anxius
1593 1471 1678 1535 sit
1722 1472 1788 1535 et
1835 1470 2107 1552 seipsum
2150 1469 2513 1554 interroget,
2563 1490 2722 1552 quae
2769 1491 2955 1537 causa
3002 1475 3089 1539 sit

635 1595 783 1640 suae
807 1577 1137 1641 anxietatis
1162 1594 1233 1639 ac
1254 1576 1493 1639 nullam
1525 1572 1960 1638 rationabilem
1986 1572 2301 1656 assignare
2325 1571 2541 1654 possit,
2575 1573 2872 1638 iudicium
2904 1575 3093 1640 habet

633 1696 697 1742 se
728 1679 874 1762 angi
905 1678 1214 1761 scrupulo.
1265 1678 1425 1742 Item
1450 1678 1502 1741 si
1539 1676 1669 1752 illa,
1705 1693 1863 1757 quae
1897 1675 2051 1738 alias
2090 1673 2419 1757 prudenter
2450 1675 2751 1740 iudicavit
2796 1696 2919 1741 non
2960 1697 3091 1743 esse

631 1782 902 1862 peccata,
940 1781 1067 1845 iam
1099 1781 1348 1863 peccata
1387 1779 1733 1855 videantur,
1769 1777 1867 1842 vel
1903 1776 2196 1841 formidet
2223 1796 2300 1841 ne
2331 1777 2460 1841 sint
2488 1779 2603 1842 ete.

740 1923 1001 1976 xxxvlt.
1031 1925 1180 1988 Resp.
1204 1922 1252 1974 4.
1275 1919 1504 1975 Remedia
1532 1918 1859 1973 conscientiae
1884 1919 2201 1985 scrupulosae
2229 1925 2369 1973 sunt:
2398 1921 2431 1972 1.
2454 1921 2728 1987 scrupulos
2752 1929 3081 1985 contemnere,

633 2015 803 2060 contra
841 2007 954 2061 illos
978 2021 1123 2070 agere
1149 2021 1240 2060 nec
1263 2005 1557 2069 cogitatione
1595 2009 1775 2058 rovere.
1806 2004 1860 2057 ll.
1890 2002 2071 2056 ludicio
2098 2003 2386 2057 confessarii
2409 2007 2490 2058 vel
2514 2004 2716 2059 alterius
2742 2005 2837 2060 viri
2857 2007 2991 2061 docti
3028 2022 3087 2062 ac

632 2090 700 2157 pii
721 2090 1048 2155 acquiescere,
1067 2104 1163 2144 non
1182 2091 1482 2144 recurrendo
1502 2092 1562 2141 ad
1582 2103 1695 2142 eum
1711 2087 1761 2141 in
1781 2086 1982 2152 singulis
2003 2086 2302 2154 actionibus;
2322 2088 2393 2145 sic
2413 2087 2539 2143 enim
2561 2104 2619 2143 re
2637 2096 2687 2144 et
2705 2090 2845 2145 illum
2866 2091 3083 2160 fatigem,

627 2190 737 2229 cum
763 2176 1107 2241 scrupulorum
1132 2173 1452 2240 incremento,
1479 2174 1563 2227 sed
1590 2171 1877 2238 accipiendo
1905 2174 1964 2224 ab
1993 2186 2052 2224 eo
2077 2172 2324 2237 generalia
2352 2172 2612 2241 principia,
2641 2190 2667 2228 a
2695 2175 2875 2241 quibus
2903 2176 3085 2231 nullius

627 2259 844 2327 scrupuli
867 2274 1031 2324 causa,
1059 2259 1157 2313 imo
1182 2260 1317 2313 nullo
1345 2260 1490 2311 modo
1510 2259 1724 2311 recedat.
1746 2256 1850 2309 Etsi
1873 2256 1998 2309 enim
2021 2260 2223 2309 alterum
2243 2272 2407 2310 errare
2427 2258 2759 2324 contingerem
2779 2260 2894 2327 quia
2916 2267 3077 2316 tamen

625 2348 719 2397 hoc
746 2343 963 2397 faciendo
987 2343 1101 2409 agit,
1128 2344 1260 2408 quod
1286 2342 1338 2396 in
1376 2357 1429 2395 se
1466 2348 1556 2405 est,
1587 2356 1681 2394 non
1721 2340 1957 2407 peccabit.
1988 2342 2064 2394 ln.
2098 2342 2341 2394 Bonorum
2384 2341 2534 2395 vitam
2564 2352 2611 2396 et
2652 2346 3074 2413 consuetudinem,

624 2435 850 2494 tanquam
874 2430 1107 2491 regulam,
1131 2425 1333 2480 intueri.
1361 2429 1412 2479 S.
1439 2427 1550 2478 Ant.
1578 2426 1820 2489 Sylv.1v.
1847 2427 2168 2478 Assuetacere
2195 2439 2248 2479 se
2280 2428 2338 2479 ad
2376 2429 2647 2492 sequendas
2686 2430 2952 2483 sententias
2992 2431 3075 2484 mi-

623 2512 776 2566 tiores
801 2521 850 2566 et
875 2512 1034 2565 minus
1059 2511 1203 2564 etiam
1234 2518 1380 2565 tutas.
1403 2509 1511 2564 Fill.
1534 2517 1595 2562 tr.
1619 2512 1703 2563 21.
1722 2524 1766 2563 c.
1789 2510 1835 2561 t.
1858 2523 1904 2562 n.
1934 2511 2044 2562 182.
2071 2511 2134 2562 V.
2153 2511 2258 2563 Non
2282 2510 2501 2565 iudicare
2525 2510 2789 2578 quidquam
2815 2528 2924 2569 esse
2952 2529 3079 2569 mor·

624 2601 735 2660 tale,
763 2597 857 2651 nisi
892 2603 1029 2651 certo
1068 2596 1206 2650 sciat.
1235 2602 1384 2649 Azor.
1413 2599 1445 2648 l.
1466 2600 1513 2648 2.
1542 2610 1583 2648 c.
1612 2597 1697 2648 20.
1721 2596 1871 2659 Vasq.
1899 2597 2073 2648 Sanclt.
2100 2594 2208 2649 Fill.
2231 2598 2263 2647 1.
2288 2610 2331 2649 c.
2360 2597 2443 2650 Vl.
2471 2597 2727 2662 Nunquam
2760 2598 2934 2666 otiari;
2963 2600 3078 2666 quia

621 2685 775 2738 otium
801 2683 968 2749 implet
994 2682 1295 2751 phantasiam
1321 2681 1698 2746 cogitationibus
1722 2681 2041 2748 scrupulosis,
2063 2684 2168 2735 Vll.
2194 2683 2460 2738 Destruere
2485 2699 2667 2739 causas
2695 2690 3072 2754 scrupulorum:

620 2782 670 2819 v.
694 2782 767 2830 gr.
813 2766 1192 2820 melancholicus
1229 2774 1437 2819 evacuet
1474 2764 1839 2819 medicamentis
1878 2772 2032 2818 atram
2071 2766 2243 2821 bilem:
2285 2766 2503 2833 pertinax
2547 2773 2733 2834 frangat
2770 2786 2911 2826 suum
2952 2773 3074 2826 iudi·

619 2851 772 2904 cium:
801 2852 1038 2917 superbus
1076 2849 1364 2916 prudentiae
1404 2864 1498 2901 non
1531 2850 1770 2903 confidat:
1810 2850 1949 2903 rudis
1984 2850 2355 2904 instructionem
2391 2859 2546 2917 petat:
2582 2853 2783 2908 timidus
2810 2856 3073 2911 meditetur

621 2935 883 2988 bonitatem
913 2934 1019 3000 Dei,
1047 2949 1171 3000 quae
1212 2948 1306 2986 non
1346 2933 1551 3001 imponit
1591 2942 1849 3001 praecepta
1875 2933 2138 2999 redigentia
2168 2936 2227 2988 ad
2252 2934 2504 2990 insaniam.
2534 2938 2663 2992 Vlll.
2691 2939 2846 2993 Nosse
2872 2955 3076 3007 scrupu-

618 3023 829 3073 losorum
857 3019 1128 3086 privilegia,
1159 3025 1212 3072 ut
1243 3021 1288 3070 l.
1315 3021 1445 3084 quod
1474 3033 1568 3072 non
1597 3025 1849 3073 teneantur
1873 3019 1923 3072 in
1948 3022 2135 3083 agendo
2173 3019 2409 3076 adhibere
2447 3034 2653 3077 examen
2677 3030 2728 3077 et
2752 3023 3070 3094 diligentiam,

617 3104 708 3159 nisi
745 3106 889 3158 valde
926 3103 1237 3167 mediocrem,
1275 3118 1363 3156 nec
1402 3112 1599 3160 tantam.
1629 3111 1859 3168 quantam
1884 3103 1966 3158 alii
1992 3111 2040 3157 et
2067 3107 2214 3170 quod,
2244 3107 2359 3160 dum
2393 3105 2527 3171 angit
2559 3112 2820 3175 scrupulus
2847 3125 2936 3164 nec
2964 3126 3074 3179 sup-

614 3190 733 3257 petit
777 3189 1055 3251 cousilium,
1093 3188 1280 3255 possint
1331 3188 1482 3242 libere
1532 3203 1695 3253 agere,
1735 3190 1868 3255 quod
1918 3193 2104 3251 volunt,
2147 3189 2239 3242 nisi
2284 3195 2473 3244 certum
2513 3199 2561 3245 et
2598 3192 2801 3248 evidens
2840 3194 2920 3258 sit,
2962 3211 3073 3250 esse

615 3282 892 3342 peccatum:
922 3274 1031 3326 vide
1059 3275 1210 3338 Vasq.
1240 3272 1287 3326 in
1323 3275 1362 3325 1.
1387 3277 1434 3326 2.
1457 3274 1609 3326 (1.57.
1634 3275 1685 3325 2.
1707 3275 1851 3341 Quod
1881 3272 1999 3327 nihil
2025 3279 2280 3326 tencantur
2307 3282 2530 3341 repetere
2559 3291 2619 3330 ex
2651 3278 2930 3345 praeteritis
2955 3296 3068 3334 con·

613 3359 921 3422 sessionibus,
968 3358 1058 3411 nisi
1097 3365 1230 3411 certo
1271 3357 1439 3423 sciant,
1474 3358 1595 3411 illud
1635 3371 1744 3410 esse
1784 3361 1986 3411 mortale
2013 3362 2139 3410 etse
2166 3356 2258 3410 rite
2289 3363 2540 3413 confessos
2573 3375 2669 3414 non
2710 3376 2834 3416 esse.
2862 3364 2967 3416 Non
2995 3372 3069 3419 cst

612 3450 772 3496 autem
799 3449 964 3495 certus
990 3445 1334 3508 scrupulosuS,
1358 3442 1570 3508 quandiu
1599 3442 1809 3494 dubitat.
1837 3444 1974 3496 Unde
2005 3444 2178 3495 suadet
2203 3443 2450 3507 Laymann
2483 3446 2514 3498 l.
2540 3459 2584 3499 c.
2603 3459 2648 3499 c.
2671 3448 2719 3499 6.
2741 3453 2794 3500 ut
2821 3461 3065 3514 nunquam

610 3529 900 3580 confiteatur
925 3525 1072 3578 dubia
1111 3532 1159 3577 et
1195 3529 1473 3591 scrupulos.
1496 3530 1556 3579 Et
1581 3527 1642 3579 sa
1673 3528 1736 3578 V.
1763 3524 2027 3588 Dubium,
2052 3527 2232 3581 Saneh.
2263 3530 2407 3581 Azor.
2440 3534 2534 3584 etc.
2561 3529 2731 3584 dicunt
2769 3545 2866 3586 non
2905 3535 3062 3589 teneri

608 3611 842 3674 confiteri,
871 3610 961 3663 nisi
999 3624 1122 3675 quae
1148 3609 1315 3664 iurare
1341 3611 1496 3677 possit
1521 3626 1629 3665 esse
1657 3610 1882 3665 mortalia
1908 3618 1957 3664 et
1981 3626 2224 3678 nunquam
2250 3627 2360 3667 esse
2385 3617 2681 3669 contessum.
2706 3616 2849 3670 Ratio
2878 3618 3061 3673 utrius·

608 3711 702 3762 qne
743 3694 981 3763 privilegii
1007 3694 1243 3760 es13quia
1281 3695 1330 3748 in
1369 3700 1675 3762 scrupulose,
1706 3710 1767 3747 ex
1795 3695 1941 3749 nimio
1971 3695 2144 3749 timore
2185 3697 2434 3764 peccandi,
2460 3702 2685 3753 turbatur
2724 3701 2867 3767 ratio,
2902 3703 2970 3756 ita
3011 3711 3063 3758 ut

609 3796 703 3835 non
731 3780 885 3846 possit
925 3786 1056 3832 recte
1095 3793 1194 3831 rem
1233 3778 1526 3833 examinare.
1553 3780 1708 3842 Unde,
1749 3787 1855 3833 esto
1894 3780 2053 3845 aliqua
2092 3785 2347 3834 confessus
2384 3797 2479 3837 non
2521 3783 2686 3848 tuerit,
2726 3800 2822 3838 non
2866 3794 3059 3842 tenetur

609 3872 765 3919 tamen
805 3879 913 3917 cum
955 3869 1086 3916 tanto
1125 3864 1300 3916 damno
1339 3872 1387 3917 et
1426 3863 1644 3931 periculo
1687 3862 1944 3918 anxietatis
1982 3873 2245 3932 perpetuae
2283 3881 2551 3932 procurare
2591 3868 2920 3933 integritatem
2949 3887 3062 3925 con·

605 3949 846 4015 fessionis,
872 3963 979 4002 cum
1006 3949 1065 4000 ab
1093 3962 1148 4001 ea
1176 3945 1388 4003 minores
1415 3963 1561 4015 saepe
1587 3948 1900 4002 difficultates
1925 3958 2173 4016 excusent,
2203 3958 2255 4003 ut
2280 3958 2448 4005 notant
2474 3951 2658 4005 Konin.
2681 3955 2851 4018 Laym.
2875 3958 3055 4011 Bonae.

604 4036 750 4089 Azor.
781 4036 894 4087 Bcc.
925 4038 954 4086 Ι.
975 4047 1017 4087 c.
1038 4049 1083 4098 q.
1111 4034 1189 4086 10.
1208 4032 1546 4087 Confessarius
1585 4048 1680 4087 non
1721 4033 1969 4099 permittat
2005 4034 2227 4089 confiteri
2256 4038 2333 4089 vel
2361 4050 2641 4103 proponere
2678 4043 2942 4106 scrupulos
2968 4042 3049 4094 vel

602 4120 750 4174 dubia
786 4118 1035 4186 (maxime,
1065 4118 1106 4172 si
1144 4122 1292 4172 semel
1320 4121 1380 4172 ad
1417 4118 1691 4173 satietatem
1735 4117 2020 4184 audiverit);
2046 4120 2157 4185 quia
2185 4119 2400 4186 alioquin
2434 4136 2681 4188 nunquam
2715 4125 2897 4178 fontem
2925 4140 3054 4179 scru-

602 4209 825 4269 pulorum
864 4204 1138 4258 exhauriet.
1169 4203 1295 4256 Vide
1335 4207 1462 4270 apud
1505 4206 1671 4269 Laym.
1703 4202 1811 4258 heic
1851 4218 1892 4257 c.
1921 4207 1967 4257 6.
1994 4204 2179 4258 Filliuo.
2210 4208 2239 4258 Ι.
2260 4221 2301 4258 c.
2330 4209 2504 4259 Sancll.
2529 4209 2559 4258 l.
2587 4221 2628 4259 c.
2659 4221 2704 4260 n.
2729 4209 2811 4260 82.
2842 4223 2977 4276 seqq.
3007 4218 3053 4264 et

599 4292 628 4341 l.
653 4292 698 4343 2.
724 4287 788 4343 de
809 4289 972 4343 Matr.
997 4289 1044 4340 d.
1069 4288 1274 4340 4.Azor.
1298 4295 1332 4340 t.
1365 4288 1458 4340 l.l.
1485 4291 1530 4340 2.
1555 4303 1595 4341 c.
1620 4291 1703 4340 20.
1728 4289 2013 4343 Bresserum
2037 4290 2067 4341 Ι.
2092 4292 2140 4342 6.
2168 4297 2287 4355 totO,
2308 4292 2420 4343 Bec.
2451 4292 2480 4344 l.
2510 4305 2552 4343 c.
2579 4305 2621 4343 c.
2650 4291 2693 4343 t.
2724 4293 2902 4347 Bonae.
2933 4296 2980 4348 (1.
3009 4298 3051 4347 1.

597 4390 643 4439 q.
675 4375 720 4426 4.
753 4390 798 4441 p.
829 4377 882 4426 9.

685 4477 865 4551 230.
893 4480 1174 4543 Primum
1197 4480 1503 4544 monitum
1521 4483 1631 4556 est,
1660 4484 1732 4544 ut
1757 4485 2117 4567 scrupulum
2155 4485 2293 4566 quis
2330 4487 2397 4548 1⁰
2426 4487 2800 4564 contemnat,
2823 4489 2893 4551 2⁰
2915 4508 3052 4553 con-

597 4585 690 4646 tra
724 4583 902 4646 illum
938 4583 1104 4665 agat,
1141 4583 1211 4644 3⁰
1241 4600 1362 4646 nou
1399 4581 1609 4647 foveat
1639 4585 2036 4668 cogitatione.
