3529 5158
662 223 775 278 850
1191 235 1402 277 Timor.
1442 236 1531 276 111.
1570 235 1656 274 mr.
1691 233 1970 276 nmmos,
2011 234 2208 276 CAPUT
2244 235 2309 274 11.
2349 233 2491 275 nun.
2531 234 2594 275 11.
2985 220 3130 298 [344]

1754 426 1917 488 Dua.
1954 424 2036 487 ΙΙ.

725 555 733 562 ’
770 565 882 626 An
908 565 1239 645 pei-cyrini
1272 567 1601 627 teneantur
1633 563 1873 645 leyibus
1908 566 2011 627 sui
2040 563 2345 627 domicilii
2372 564 2522 628 dum
2556 565 2636 629 ab
2669 587 2736 630 co
2765 567 3015 632 absunt.

740 722 929 773 XXIX.
957 723 1191 787 Suppono
1223 723 1256 772 Ι.
1286 722 1606 786 Praeceptum
1634 720 1763 772 aliud
1793 735 1901 773 esse
1931 724 2099 784 locale,
2126 723 2255 786 quod
2285 721 2472 775 scilicet
2510 730 2647 775 certo
2688 730 2870 776 tantum
2910 722 2957 777 in
2997 725 3119 788 loce,

667 808 784 858 urbe
815 820 860 856 v.
888 820 960 868 gr.
998 808 1077 858 vel
1121 803 1350 871 parochia
1393 804 1608 867 obligat:
1637 803 1770 857 aliud
1799 805 2074 858 universale
2112 820 2197 859 seu
2235 805 2354 858 iuris
2375 807 2660 870 communis,
2689 810 2819 873 quod
2848 815 2997 861 totam
3026 812 3123 862 tere

663 891 932 943 Ecclesiam
970 889 1169 953 obligat.

745 977 979 1040 suppono
1019 976 1075 1027 ΙΙ.
1114 973 1406 1037 Peregrinos
1432 973 1626 1040 proprie
1655 973 1751 1026 dici
1789 988 1891 1038 e05‚
1918 974 2001 1041 qui
2037 974 2200 1040 aliquo
2228 975 2428 1029 veniunt
2453 977 2613 1029 animo
2650 991 2745 1031 non
2771 977 3011 1042 manendi,
3038 980 3122 1032 sed

677 1065 865 1112 tantum
895 1058 1195 1113 subsistendi
1228 1072 1310 1126 per
1345 1057 1528 1124 aliquot
1555 1057 1674 1122 dieS,
1702 1061 1779 1111 vel
1812 1061 1872 1112 ad
1899 1074 2140 1112 summum
2167 1075 2253 1125 per
2279 1059 2514 1114 minorem
2540 1060 2652 1115 anni
2679 1069 2877 1127 partem,
2908 1069 2961 1115 ut
2997 1077 3124 1116 mer·

665 1151 875 1206 catoreS,
907 1142 1120 1196 viatores
1147 1162 1159 1195 :
1201 1158 1295 1195 non
1338 1149 1496 1196 autem
1537 1141 1761 1202 studiosi,
1791 1158 1945 1209 neque
1984 1144 2203 1206 ancillae,
2229 1159 2353 1210 quae
2380 1144 2580 1199 veniunt
2605 1148 2666 1199 ad
2693 1147 3025 1201 serviendum.

755 1260 941 1335 344.
979 1265 1075 1329 Ad
1127 1269 1193 1328 1⁰
1240 1284 1487 1349 suppos,
1537 1265 1833 1348 Exempla
1870 1267 2178 1349 praecepti
2212 1267 2429 1332 localis
2460 1268 2649 1332 habes
2696 1268 2761 1331 in
2799 1268 2978 1345 festo,
3020 1269 3125 1333 ubi

665 1372 979 1445 servatur,
1032 1370 1290 1434 Patroni
1335 1368 1692 1452 principalis
1740 1369 1836 1432 vel
1884 1370 2233 1451 provinciae
2264 1370 2363 1434 vel
2393 1370 2686 1436 dioecesis
2720 1371 2817 1435 vel
2847 1370 3120 1436 civitatis

666 1471 767 1535 vel
798 1471 1006 1555 oppidi
1039 1473 1136 1536 vel
1167 1471 1512 1555 parochiae.

756 1576 855 1638 Ita
903 1575 1298 1657 praeceptum
1343 1573 1558 1638 ieiunii
1603 1574 1666 1638 in
1713 1574 1974 1638 sabbato
2024 1595 2128 1657 per
2174 1575 2529 1650 adventum,
2579 1574 2743 1655 quod
2792 1575 2942 1639 alibi
2973 1575 3123 1639 feria

663 1681 894 1758 quarta
927 1679 1243 1742 servatur:
1279 1677 1368 1742 ita
1401 1677 1464 1739 in
1497 1676 1729 1760 vigiliis
1759 1675 2207 1758 Apostolorum
2239 1677 2405 1741 alibi.

756 1780 1122 1844 Universale
1155 1779 1385 1843 dicitur
1429 1779 1590 1860 quod
1634 1799 1738 1861 per
1788 1781 1987 1843 totam
2022 1798 2130 1843 seu
2160 1777 2290 1856 fere
2323 1780 2526 1843 totam
2557 1778 2877 1843 ecclesiam
2924 1779 3126 1844 latum

667 1884 785 1946 est.
821 1882 1072 1946 Dicitur
1094 1881 1223 1960 fere
1257 1885 1448 1944 totam
1459 1901 1480 1957 ‚·
1505 1881 1652 1961 quia
1676 1881 1977 1962 quaedam
2004 1881 2170 1965 leges
2194 1881 2614 1964 disciplinatas
2646 1899 2767 1946 non
2799 1881 3021 1955 solent,
3047 1882 3125 1945 ob

674 1983 864 2047 aliam
889 1984 1091 2068 legem
1112 1984 1575 2068 generaliorem,
1601 1984 1798 2066 ligare
1813 1983 2113 2065 quasdam
2137 1984 2504 2066 provincias,
2538 2002 2696 2065 quae
2728 1983 2846 2048 sibi
2877 1985 3123 2066 propria

665 2086 936 2150 utuntur
967 2086 1309 2170 disciplina,
1345 2105 1401 2148 v.
1437 2107 1530 2170 gr.
1564 2088 1886 2158 Armenos‚
1926 2085 2213 2161 Graecos,
2249 2084 2436 2169 Syros
2467 2087 2581 2149 etc.

755 2189 852 2253 Ad
900 2208 1149 2273 suppos.
1201 2192 1271 2253 2⁰
1324 2188 1568 2253 Dicitur
1613 2190 1823 2251 animo
1883 2208 2010 2251 non
2057 2188 2370 2252 mnendi.
2418 2187 2582 2253 Nam
2628 2189 2681 2252 si
2730 2189 2942 2253 veniat
2986 2190 3123 2271 quis

669 2293 876 2357 animo
910 2293 1219 2366 manendi,
1259 2292 1348 2356 ita
1388 2294 1462 2355 ut
1492 2291 1877 2356 domicilium
1909 2291 2208 2372 acquirat,
2238 2292 2365 2354 iam
2397 2310 2433 2355 a
2464 2291 2664 2373 primo
2702 2293 2979 2374 tempore
3002 2310 3122 2356 non

671 2397 955 2459 censetur
988 2395 1367 2479 peregrinus.
1407 2394 1685 2458 Ancillae
1717 2413 1861 2459 vero
1901 2394 1964 2457 et
1994 2393 2258 2457 studiosi
2290 2393 2620 2475 acquirunt
2647 2395 2832 2474 qua-si
2878 2392 3126 2458 domici-

673 2496 830 2559 lium
861 2498 924 2560 et
954 2515 1075 2560 non
1113 2497 1437 2560 censentur
1468 2495 1793 2578 peregrini.
1828 2495 2136 2559 Differunt
2166 2497 2378 2559 autem
2407 2494 2788 2559 domicilium
2836 2497 2901 2560 et
2942 2496 3128 2576 quasi

653 2598 1074 2671 domicilium,
1107 2599 1271 2679 quod
1297 2599 1578 2676 primu-m
1611 2597 1779 2661 dicat-
1815 2599 2092 2663 animum
2122 2600 2417 2681 perpetuo
2456 2598 2543 2663 ibi
2571 2599 2892 2664 manendi:
2941 2600 3127 2681 qua-si

665 2699 1054 2764 domicilium
1086 2720 1231 2765 vero
1257 2700 1467 2784 exigat
1497 2701 1746 2765 tantum
1785 2701 2062 2765 animum
2092 2700 2379 2765 manendi
2402 2701 2488 2764 ibi
2520 2720 2625 2784 per
2656 2702 2955 2766 maiorem
2981 2702 3125 2767 anni

674 2804 935 2887 partem.
985 2804 1179 2868 Porro
1228 2805 1512 2867 teneatur
1557 2823 1698 2867 cum
1746 2822 1795 2867 s.
1842 2804 2028 2886 Alph.
2075 2805 2116 2868 l.
2151 2824 2202 2868 c.
2237 2823 2297 2866 n.
2342 2806 2488 2867 121.
2536 2805 2703 2868 certa
2750 2803 3031 2868 doctrina
3061 2807 3122 2868 et

675 2908 1042 2985 communis,
1078 2925 1294 2989 nempe
1340 2906 1635 2970 habentes
1682 2907 1867 2986 quasi
1895 2905 2296 2980 domicilium,
2335 2905 2682 2970 cuiusmodi
2711 2907 2859 2969 sunt
2888 2926 2980 2970 ex.
3028 2926 3119 2991 gr.

671 3010 982 3075 scholares
1029 3008 1474 3085 universitatis,
1526 3008 1762 3073 alumni
1809 3009 2231 3093 collegiorum,
2288 3008 2510 3073 subiici
2536 3008 2780 3092 legibus
2812 3008 2953 3082 loci,
3004 3027 3119 3073 non

665 3113 892 3177 idcirco
918 3111 1319 3177 recensendos
1342 3111 1503 3174 inter
1528 3112 1902 3195 peregrinos.
1928 3110 2000 3175 de
2025 3111 2248 3192 quibus
2274 3110 2602 3174 dumtaxat
2623 3110 2757 3174 heic
2782 3112 2876 3174 est
2899 3129 3117 3175 sermo.

671 3216 1039 3299 Peregrinus
1087 3233 1233 3297 ergo
1282 3213 1510 3277 dicitur
1555 3214 1836 3295 quisquis
1883 3213 2112 3277 alicubi
2148 3232 2343 3294 neque
2379 3212 2761 3277 domicilium
2793 3213 2982 3276 habet
3015 3231 3120 3276 nec

666 3319 847 3399 quasi
894 3318 1297 3381 domicilium.
1349 3318 1446 3381 Ita
1493 3318 1797 3402 peregrini
1836 3317 2116 3383 dicentur
2161 3318 2396 3383 Romae
2442 3317 2554 3391 illi,
2604 3317 2713 3399 qui
2759 3318 2879 3382 huc
2908 3336 3121 3382 conve-

663 3420 847 3483 niunt
898 3437 958 3482 v.
998 3438 1093 3502 gr.
1151 3419 1225 3482 ut
1271 3418 1405 3482 heic
1452 3420 1805 3503 transigant
1860 3422 2103 3503 tempus
2158 3419 2625 3485 bacchanalium
2680 3422 2776 3484 vel
2832 3420 2973 3485 festi
3020 3440 3121 3505 pa-

668 3524 895 3588 schalis
927 3525 1042 3587 etc.
1079 3524 1178 3587 Ita
1211 3542 1258 3587 s,
1294 3522 1478 3607 Alph.
1513 3524 1618 3588 lib.
1665 3526 1720 3587 l.
1759 3546 1819 3590 n.
1859 3526 2004 3589 156.

739 3684 1340 3750 XXX.Respondeo,non
1363 3682 1584 3747 obligari.
1609 3687 1675 3737 lta
1705 3686 2015 3738 Nav.Sanch.
2040 3685 2179 3742 Mor.
2200 3686 2236 3737 1.
2265 3687 2308 3736 t.
2330 3702 2372 3738 c.
2401 3689 2541 3739 t2.n.
2566 3688 2650 3739 26.
2672 3687 2808 3739 LeSS.
2831 3688 2862 3740 Ι.
2888 3676 3117 3752 mapsa

665 3768 784 3821 dub.
803 3770 851 3821 5.
877 3767 1038 3832 Ratio,
1067 3767 1177 3834 quia
1207 3774 1471 3835 praecepta
1501 3767 1671 3821 localia
1699 3784 1788 3835 per
1814 3784 1865 3822 se
1892 3775 1939 3822 et
1978 3769 2162 3824 directe
2187 3770 2453 3837 respiciunt
2490 3768 2787 3824 territorium
2827 3768 2968 3835 eique
3006 3775 3117 3823 suut

662 3856 805 3906 affixa
849 3861 992 3920 atque
1033 3855 1154 3906 adeo
1193 3866 1288 3906 non
1328 3852 1562 3916 obligant,
1593 3853 1684 3906 nisi
1722 3853 2014 3908 exsistentes
2043 3855 2169 3909 intra
2208 3854 2346 3909 illud.
2372 3858 2475 3909 Lex
2501 3854 2627 3909 enim
2654 3855 2720 3908 ita
2761 3859 2940 3922 tertur;
2967 3869 3017 3907 v.
3047 3868 3114 3919 gr.

667 3940 864 3997 Festum
902 3939 1024 3992 illud
1050 3937 1136 3991 tali
1164 3942 1272 3991 loco
1301 3941 1581 3992 celebretur
1607 3937 1816 4005 ideoque
1839 3939 1949 3994 heic
1974 3942 2105 3995 valet
2128 3940 2276 3995 illud:
2308 3940 2373 3995 Si
2386 3939 2566 4009 suetis
2608 3940 2807 3995 Romae
2834 3947 2928 3994 etc.
2968 3937 3117 3993 Addit

669 4024 835 4088 Laym.
863 4038 904 4076 c.
939 4025 954 4074 t
977 4026 993 4076 t
1011 4064 1023 4076 .
1051 4038 1099 4075 n.
1130 4024 1181 4076 5.
1203 4031 1522 4091 praeceptum
1551 4025 1704 4077 locale
1728 4023 1983 4090 exspirare
2002 4024 2145 4079 etiam
2166 4024 2291 4079 intra
2316 4025 2562 4093 proprium
2584 4024 2896 4087 territorium,
2923 4024 2972 4077 in
3004 4025 3112 4078 loco

663 4116 920 4175 exempt03
947 4110 1078 4173 quod
1098 4108 1140 4161 is
1169 4108 1514 4176 aequiparetur
1540 4112 1648 4163 loco
1676 4108 1770 4163 sito
1797 4116 1935 4163 extra
1973 4110 2291 4164 territorium.

752 4224 934 4301 345.
977 4227 1155 4307 Quod
1192 4230 1432 4314 legibus
1481 4232 1781 4297 localibus
1830 4252 1950 4297 non
1999 4233 2325 4296 teneantur
2364 4233 2663 4308 absentes,
2698 4231 2976 4296 doctrina
3023 4230 3118 4293 est

660 4335 829 4398 certa
883 4350 1141 4412 eamque
1187 4335 1752 4398 commemissimam
1799 4334 1948 4399 dicit
1993 4334 2258 4415 s.A1ph.
2307 4334 2414 4398 lib.
2470 4336 2525 4398 1.
2575 4354 2633 4397 n.
2680 4332 2824 4397 156.
2865 4350 3112 4416 paragr.

666 4434 894 4509 ultim„
933 4433 994 4498 in
1028 4453 1163 4498 eam
1202 4455 1330 4500 rem
1366 4437 1618 4502 afferens
1666 4457 1796 4521 cap.
1847 4437 1932 4502 Ut
1958 4438 2317 4500 animamcm
2348 4438 2406 4500 2.
2440 4434 2514 4499 dc
2554 4433 3115 4500 Constitutionibus
