3529 5158
690 384 816 424 xxm
1569 384 1780 425 Smmsss
1817 385 2288 427 CHRONOLOGICA

781 487 884 544 50.
927 484 1148 544 Prava
1195 485 1543 561 desideria,
1594 484 1841 559 quibus
1886 485 2061 544 ratio
2106 502 2238 544 non
2279 485 2615 545 consentit
2646 487 2716 543 et
2748 500 2921 559 quae
2957 485 3150 544 homo

688 572 948 633 invitus
983 573 1262 653 patitur,
1297 577 1457 634 sunt
1487 573 1832 649 prohibita
1875 578 2261 650 praecepto:
2291 574 2433 633 Non
2472 573 2879 649 concupisces.

778 665 882 722 51.
920 662 1481 738 Concupiscentia
1504 662 1647 722 sive
1672 663 1782 721 lex
1808 664 2245 722 membrorum
2277 669 2344 722 et
2375 679 2586 737 prava
2616 663 2762 721 eius
2794 662 3144 740 desideria,

686 767 859 826 quae
906 751 1106 811 inviti
1155 752 1462 812 sentiunt
1501 752 1823 829 homines,
1859 757 2018 811 sunt
2048 768 2209 812 vera
2238 753 2410 827 legis
2443 750 2919 811 inobedientia.

778 842 883 899 52.
935 840 1148 899 Omne
1214 840 1431 901 scelus
1486 845 1591 901 est
1653 841 1798 899 eius
1845 841 2268 920 conditionis,
2319 844 2397 900 ut
2443 857 2634 900 suum
2694 844 3030 900 auctorem
3078 846 3149 901 et

685 944 914 989 omncs
959 933 1263 1005 posteros
1311 948 1388 990 eo
1420 930 1613 989 modo
1645 929 1913 989 inficere
1959 930 2192 1007 possit,
2229 947 2361 1006 quo
2399 929 2637 989 infecit
2681 929 2897 1004 prima
2929 932 3148 989 trans-

686 1019 962 1093 gressio.

777 1109 881 1167 53.
916 1108 1258 1180 Quantum
1308 1112 1411 1169 est
1443 1125 1525 1167 ex
1558 1107 1625 1167 vi
1660 1109 2232 1187 transgressionis,
2285 1111 2547 1167 tantum
2587 1108 2973 1167 meritorum
3010 1125 3146 1166 ma-

685 1195 899 1256 lorum
947 1214 987 1256 a
1033 1201 1396 1273 generante
1443 1197 1850 1257 contrahunt
1898 1198 2011 1273 qui
2050 1214 2194 1257 cum
2230 1197 2598 1256 minoribus
2645 1198 3014 1256 nascuntur
3047 1197 3146 1255 vi-

684 1284 818 1361 tiis,
856 1304 1054 1361 quam
1091 1287 1207 1361 qni
1256 1302 1403 1346 cum
1440 1286 1823 1345 maioribus

778 1377 882 1434 54.
920 1376 1289 1436 Definitiva
1334 1377 1499 1435 haec
1547 1376 1904 1451 sententia,
1957 1377 2169 1434 Deum
2221 1375 2474 1435 homini
2509 1375 2678 1433 nihil
2732 1373 3144 1448 impossibile

682 1464 1118 1543 praecepisse,
1157 1464 1325 1527 falso
1358 1465 1684 1525 tribuitur
1716 1465 2143 1541 Augustin03
2180 1482 2325 1524 cum
2365 1464 2622 1539 Pelagii
2669 1464 2777 1522 sit.

774 1558 879 1614 55.
922 1555 1107 1615 Deus
1141 1571 1272 1613 non
1313 1555 1645 1630 potuisset
1676 1554 1760 1613 ab
1810 1554 2006 1614 initio
2039 1555 2238 1614 talem
2274 1568 2493 1613 creare
2532 1552 2886 1627 hominem,
2923 1552 3140 1625 qualis

682 1657 865 1702 nunc
899 1644 1216 1703 nascitur.

774 1736 877 1791 56.
914 1733 994 1791 In
1059 1735 1332 1808 peceato
1378 1732 1512 1790 duo
1560 1737 1736 1808 sunt,
1789 1734 1980 1791 actus
2026 1736 2094 1791 et
2141 1735 2400 1791 reatus:
2457 1732 2850 1789 transeunte
2913 1733 3134 1788 autem

683 1828 861 1898 actu,
899 1821 1068 1880 nihil
1110 1824 1335 1881 manet
1367 1822 1498 1881 nisi
1531 1825 1755 1880 reatus
1790 1822 1935 1879 sive
1960 1821 2282 1896 obligatio
2315 1821 2401 1880 ad
2432 1835 2734 1895 poenam.

773 1914 877 1970 57.
915 1910 1113 1969 Unde
1160 1910 1230 1969 in
1279 1912 1691 1969 sacramento
1738 1910 2069 1983 Baptismi
2118 1915 2236 1968 aut
2283 1908 2646 1969 sacerdotis
2692 1905 3135 1981 absolutione,

680 1998 946 2073 proprie
996 2002 1222 2058 reatus
1269 1998 1525 2073 peccati
1563 1999 1913 2058 dumtaxat
1945 1998 2209 2058 tollitur
2241 2004 2306 2057 01
2345 1997 2787 2058 ministerium
2839 1995 3140 2054 sacerdo-

680 2089 824 2146 tum
870 2088 1082 2147 solum
1131 2087 1374 2147 liberat
1419 2106 1467 2147 a
1505 2093 1716 2147 reatu.

771 2179 875 2235 58.
903 2177 1222 2237 Peccator
1248 2177 1601 2251 poenitens
1633 2193 1767 2235 non
1807 2175 2190 2235 vivificatur
2221 2176 2592 2235 ministerio
2626 2172 2992 2233 sacerdotis
3024 2173 3137 2231 ab·

679 2265 1023 2343 solventis,
1050 2265 1166 2324 sed
1200 2282 1240 2324 a
1263 2266 1401 2325 solo
1430 2266 1591 2341 Deo,
1619 2267 1754 2341 qui,
1783 2264 2261 2340 poenitentiam
2291 2280 2657 2341 suggerens
2683 2266 2750 2322 et
2775 2261 3133 2338 inspirans,

677 2354 979 2414 vivificat
1010 2372 1158 2414 eum
1196 2358 1263 2413 et
1295 2355 1676 2415 resuscitat:
1704 2353 2076 2412 ministerio
2102 2358 2322 2413 autem
2353 2353 2714 2413 sacerdotis
2748 2352 2960 2411 solum
2995 2367 3136 2410 rea-

675 2444 788 2503 tus
820 2443 1102 2503 tollitur.

767 2535 871 2593 59.
923 2532 1208 2605 Quando
1254 2549 1375 2608 per
1420 2533 1874 2607 eleemosynas
1921 2532 2184 2607 aliaque
2231 2532 2686 2608 poenitentiae
2742 2544 2942 2605 opera
2992 2528 3135 2588 Deo

675 2622 1128 2682 satisfacimus
1162 2639 1284 2697 pro
1330 2622 1565 2698 poenis
1611 2622 2110 2696 temporalibus,
2147 2638 2276 2681 11011
2320 2622 2599 2698 dignum
2650 2620 2936 2696 pretium
2990 2618 3134 2677 Deo

673 2727 795 2787 pro
842 2712 1131 2786 peccatis
1179 2713 1426 2770 nostris
1473 2710 1830 2786 oflerin‘ms,
1880 2710 2055 2770 sicut
2101 2712 2367 2785 quidam
2419 2715 2719 2770 erra-ntes
2773 2709 3133 2766 autumant

675 2803 852 2876 (nam
898 2801 1147 2876 alioqui
1196 2816 1507 2876 essemuS,
1544 2800 1778 2858 saltem
1813 2801 2038 2874 aliqua
2085 2817 2167 2859 ex
2215 2805 2423 2875 parte,
2467 2795 2979 2874 redemptores):
3015 2795 3128 2853 sed

672 2889 930 2964 aliquid
970 2889 1269 2966 facim11S,
1310 2889 1501 2947 cuius
1539 2888 1795 2946 intuitu
1828 2889 2078 2950 Christi
2113 2889 2485 2949 satisfactio
2526 2888 2716 2948 nobis
2754 2883 3134 2961 applicatur

674 2982 742 3037 et
790 2979 1336 3038 communicatur.

764 3069 867 3126 60.
910 3069 1040 3126 Per
1070 3067 1412 3141 passiones
1446 3073 1822 3126 sanctorum
1858 3067 1925 3126 in
1968 3067 2409 3144 indulgentiis
2442 3066 2962 3128 communicatas
2997 3079 3127 3120 non

671 3157 935 3231 proprie
970 3156 1392 3216 redimuntur
1414 3162 1645 3216 nostra
1669 3156 1942 3216 delicta:
1971 3158 2086 3216 sed
2118 3175 2238 3233 per
2268 3157 2794 3216 communionem
2831 3152 3133 3214 caritatis

670 3247 864 3306 nobis
903 3263 1130 3305 eorum
1181 3246 1526 3320 passiones
1574 3246 2072 3321 impertiuntur.
2115 3252 2192 3305 ut
2239 3246 2426 3321 digni
2476 3246 2703 3320 simus,
2749 3245 2868 3319 qui
2913 3241 3132 3316 pretio

670 3335 1036 3410 Sanguinis
1085 3334 1334 3394 Christi
1384 3353 1423 3395 a
1470 3337 1702 3411 poenis
1749 3353 1871 3410 pro
1922 3336 2209 3410 peccatis
2259 3335 2506 3394 debitis
2553 3334 2932 3394 liberemur.

761 3425 863 3481 61.
916 3423 1043 3481 Illa
1097 3423 1439 3483 doctorum
1490 3425 1854 3498 distinctio,
1906 3425 2176 3484 divinae
2232 3425 2400 3500 legis
2449 3424 2765 3482 mandata
2822 3425 3130 3485 bifariam

667 3512 949 3588 impleri,
986 3512 1195 3571 altero
1234 3514 1427 3574 modo
1475 3518 1802 3588 quantum
1839 3513 1921 3572 ad
1957 3519 2460 3587 praeceptorum
2513 3529 2784 3588 operum
2819 3515 3131 3573 substan-

667 3602 827 3660 tiam
865 3605 1151 3674 tantum,
1184 3603 1395 3662 altero
1434 3603 1628 3661 modo
1661 3607 1985 3676 quantum
2032 3602 2116 3659 ad
2167 3608 2418 3660 certum
2469 3597 2796 3675 Quendam
2836 3604 3125 3683 modum,

667 3690 982 3750 videlicet
1006 3692 1367 3751 secundum
1397 3709 1594 3766 quem
1620 3691 1891 3750 valeant
1923 3692 2310 3763 operantem
2344 3690 2702 3763 perducere
2728 3692 2811 3749 ad
2847 3711 3122 3769 regnum

666 3783 1009 3839 aeternum
1058 3781 1203 3855 (hoc
1257 3780 1498 3840 est-ad
1555 3780 1822 3839 modum
1879 3779 2336 3852 meritorium),
2389 3779 2845 3838 commentitia
2900 3788 3003 3842 est
3059 3788 3128 3842 et

667 3869 1103 3943 explodenda.

758 3961 860 4018 62.
904 3960 1031 4018 Illa
1077 3974 1341 4034 quoque
1391 3956 1759 4031 distinctio,
1803 3971 1936 4030 qua
1982 3972 2150 4029 opus
2197 3955 2449 4015 dicitur
2497 3956 2802 4017 bifariam
2854 3960 3122 4032 bonum,

666 4047 773 4106 vel
824 4049 984 4122 quia
1030 4065 1109 4106 ex
1144 4047 1405 4106 obiecto
1442 4049 1509 4104 et
1558 4045 1869 4103 omnibus
1912 4044 2434 4104 circumstantiis
2485 4051 2733 4106 rectum
2772 4053 2874 4108 est
2905 4055 2973 4110 et
3010 4051 3126 4110 bo-

664 4154 823 4195 num
861 4135 1061 4212 (quod
1096 4135 1435 4194 moraliter
1467 4135 1713 4193 bonum
1754 4134 2091 4208 appellare
2138 4137 2652 4210 consueverunt)
2688 4138 2792 4196 vel
2829 4140 2991 4213 quia
3022 4144 3127 4199 est

665 4225 1074 4284 meritorium
1125 4224 1312 4298 regni
1365 4222 1619 4281 aeterni
1654 4240 1731 4282 eo
1764 4223 1944 4297 quod
1977 4224 2066 4283 sit
2099 4242 2137 4282 a
2169 4225 2327 4282 vivo
2375 4225 2626 4285 Christi
2677 4228 2970 4286 membro
3006 4246 3128 4304 per

662 4315 975 4389 spiritum
1024 4312 1347 4387 caritatiS,
1384 4312 1745 4371 reiicieuda
1793 4317 1914 4372 est.

754 4405 857 4461 63.
894 4401 1022 4462 Sed
1058 4405 1127 4460 et
1165 4401 1280 4459 illa
1313 4400 1660 4460 distinctio
1694 4402 1983 4476 duplicis
2029 4402 2348 4481 iustitiae,
2383 4404 2660 4462 alterius
2694 4421 2863 4480 quae
2897 4407 2972 4464 fit
3004 4422 3125 4480 per

660 4490 968 4564 spiritum
1020 4490 1320 4549 caritatis
1352 4489 1862 4568 inhabitantem,
1898 4492 2176 4551 alterius
2224 4509 2394 4566 quae
2441 4495 2517 4550 fit
2550 4510 2632 4551 ex
2680 4493 3121 4568 inspiratione

660 4577 928 4653 quidem
973 4578 1266 4653 Spiritus
1301 4578 1529 4639 Sancti
1579 4597 1691 4639 cor
1737 4581 1819 4640 ad
1855 4581 2334 4656 poenitentiam
2385 4582 2765 4652 excitantis,
2803 4583 2914 4642 sed
2957 4600 3122 4642 non-
