3529 5158
352 319 492 395 [242]
698 332 851 380 Qun>
889 334 953 374 m
989 334 1180 376 numo
1218 335 1302 375 mr
1342 334 1606 377 ms‘rrrrA
1641 333 1841 375 mmm.
1877 333 2027 381 Qum
2064 334 2150 374 mn
2186 333 2473 374 wemno
2710 318 2819 374 275

442 430 596 496 Heic
633 449 777 496 vero
816 430 1088 496 succedit
1139 431 1422 513 quaestio
1471 431 1656 495 huius
1691 431 1815 495 loci
1856 431 2124 513 propria,
2173 430 2324 512 quid
2369 431 2556 495 liceat
2599 431 2819 496 incolis

354 535 690 618 usurpatae
723 532 1074 616 provinciae
1107 532 1331 613 quidve
1367 551 1490 597 non
1527 532 1729 610 liceat,
1767 552 1840 596 ne
1872 533 2232 615 usurpatori
2261 532 2474 614 iniquo
2506 533 2822 615 cooperari

356 635 702 700 videantur.

416 727 746 801 'Videlicet
797 737 862 800 1⁰
907 738 1221 821 praestare
1267 756 1340 801 ea
1390 738 1651 819 possunt
1686 736 1922 801 incolae
1961 755 2118 818 quae
2156 737 2497 802 necessaria
2545 738 2710 814 sunt,
2750 737 2825 800 ut

357 839 530 914 ord0,
578 838 708 903 sine
760 858 882 921 quo
923 839 1187 904 societas
1237 839 1371 921 ipsa
1420 838 1651 902 servari
1716 856 1839 903 non
1878 840 2106 922 posset,
2156 838 2565 903 custodiatur.
2614 837 2829 920 Neque

356 941 561 1006 solum
606 939 665 1003 id
716 939 885 1004 licite
939 942 1220 1022 possunt,
1262 938 1368 1004 sed
1414 940 1604 1004 etiam
1654 941 1960 1004 tenentur.
2011 939 2249 1023 Quippe
2293 941 2357 1003 id
2405 941 2598 1024 exigit
2627 959 2827 1005 neces-

358 1043 511 1108 sitas
558 1040 760 1124 ipsam
807 1043 1324 1107 communitatem
1370 1060 1478 1106 seu
1525 1041 1887 1106 societatem
1940 1041 2242 1106 servandi.
2292 1041 2374 1105 Et
2419 1042 2540 1106 huc
2586 1042 2825 1125 spectat

355 1144 656 1210 resolutio
695 1144 792 1220 A„
828 1145 891 1208 in
941 1164 1066 1226 qua
1113 1145 1358 1221 dicitur,
1392 1144 1723 1209 servandas
1756 1162 1886 1208 esse
1916 1143 2083 1229 leges
2129 1145 2193 1208 et
2223 1145 2560 1209 sententias
2589 1144 2754 1208 latas
2786 1163 2823 1208 a

359 1248 644 1331 tyrannO,
671 1247 725 1310 si
757 1246 959 1310 iustae
992 1265 1099 1329 per
1131 1265 1194 1310 se
1220 1247 1344 1310 sint
1369 1248 1431 1310 et
1455 1246 1767 1322 honestae,
1794 1246 1941 1310 licet
1970 1246 2173 1311 iustae
2197 1265 2319 1311 non
2345 1247 2490 1323 sint,
2517 1248 2823 1327 quatenus

364 1350 442 1412 ab
471 1348 805 1433 illegitima
840 1349 1217 1413 auctoritate
1250 1347 1552 1414 feruntur.
1594 1347 1782 1414 Ratio
1830 1351 1943 1425 est,
1984 1349 2130 1431 quia
2177 1351 2342 1413 stare
2390 1349 2653 1414 societas
2700 1368 2823 1414 non

360 1450 585 1534 potest,
636 1450 756 1514 nisi
805 1451 1016 1533 aliqua
1059 1451 1390 1533 potestate,
1440 1449 1700 1534 legibus,
1756 1450 2002 1514 iudiciis
2048 1453 2337 1535 regatus-3
2396 1451 2572 1532 atqui
2631 1451 2819 1535 legeS‚

360 1553 704 1618 sententiae
737 1555 852 1616 etc.
887 1553 1102 1616 haberi
1132 1571 1252 1616 non
1286 1554 1539 1633 queunt,
1579 1552 1698 1616 nisi
1745 1570 1904 1634 quae
1952 1572 1985 1615 a
2022 1554 2284 1637 tyranno
2324 1552 2635 1617 feruntur:
2674 1569 2821 1635 ergo

360 1655 508 1720 iliae
554 1653 889 1719 servandae
921 1656 1088 1718 sunt.

449 1756 663 1839 Neque
710 1775 854 1821 vero
887 1755 952 1819 id
989 1756 1175 1820 infert
1224 1755 1734 1839 approbationem
1778 1755 2143 1840 tyrannidis.
2194 1755 2334 1821 Non
2381 1755 2543 1821 enim
2590 1755 2824 1821 subditi

360 1860 528 1944 leges
574 1858 716 1922 ilias
764 1859 1032 1932 servant,
1069 1858 1250 1938 quasi
1293 1856 1643 1941 legitimam
1671 1857 1941 1922 habeant
1980 1859 2092 1923 aut
2122 1858 2532 1941 profiteantur
2561 1876 2824 1941 usurpa-

363 1961 517 2027 toris
555 1961 952 2044 potestatem,
994 1959 1098 2023 sed
1145 1958 1290 2041 quia
1338 1959 1435 2026 lex
1482 1961 1742 2023 naturae
1777 1959 2051 2024 ordinem
2084 1959 2357 2041 aliquem
2392 1959 2625 2024 servari
2654 1979 2825 2041 prae-

361 2064 514 2148 cipit
545 2066 608 2128 et
646 2066 795 2128 tunc
827 2062 932 2126 ille
972 2063 1221 2126 tantum
1254 2061 1400 2126 ordo
1435 2061 1744 2145 possibilis
1777 2081 1917 2125 cum
1965 2062 2067 2138 sit,
2099 2063 2264 2126 hunc
2285 2062 2381 2125 lex
2414 2063 2674 2127 naturae
2704 2081 2826 2126 ser-

361 2166 634 2232 vandum
666 2165 859 2230 iubet.
913 2164 995 2228 Et
1039 2164 1203 2228 hunc
1249 2182 1498 2228 sensum
1545 2163 1748 2238 habet,
1802 2164 1965 2246 quod
2018 2164 2257 2228 Auctor
2302 2163 2454 2229 dicit
2493 2165 2556 2228 in
2611 2163 2823 2229 eadem

358 2270 756 2346 resolutione,
792 2268 1154 2333 societatem
1201 2267 1263 2331 in
1309 2267 1473 2331 hunc
1521 2267 1708 2331 finem
1753 2268 2113 2350 usurpatori
2143 2267 2419 2333 conferre
2450 2270 2823 2352 potestatem

360 2372 528 2458 leges
561 2372 793 2438 ferendi
828 2371 1231 2458 gubernandi,
1269 2372 1496 2437 iudicia
1533 2371 1898 2437 instituendi
1937 2372 2051 2436 etc.

451 2469 639 2545 242.
679 2474 1032 2554 Quaeritur,
1070 2493 1147 2538 an
1193 2474 1378 2540 liceat
1425 2474 1688 2539 subditis
1720 2493 1784 2538 se
1829 2493 2040 2558 gerere
2086 2474 2421 2539 secundum
2465 2475 2653 2559 legeS,
2701 2494 2822 2540 non

363 2577 756 2656 necessarias,
785 2577 848 2641 in
875 2576 1116 2641 actibus
1148 2595 1312 2641 mere
1348 2574 1754 2655 facultativiS,
1783 2576 2029 2659 quando
2070 2577 2297 2663 agatur
2333 2596 2455 2642 non
2486 2575 2559 2641 de
2596 2576 2822 2648 damno

364 2679 641 2753 vitando,
690 2678 794 2745 sed
840 2677 913 2743 de
942 2680 1117 2744 lucro
1165 2678 1503 2761 captand03
1560 2680 1715 2761 puta
1752 2678 1814 2742 in
1860 2697 2047 2743 causa
2095 2680 2495 2745 successionis
2550 2679 2627 2743 ab
2674 2679 2825 2744 inte—

364 2784 568 2847 stato:
626 2782 680 2845 si
719 2781 817 2846 lex
865 2780 1256 2864 usurpatoris
1302 2779 1504 2864 magis
1563 2780 1772 2845 faveat
1819 2780 2004 2845 alicui
2051 2801 2123 2845 ex
2173 2802 2267 2867 gr.
2316 2781 2580 2847 feminae
2634 2802 2824 2864 quam

363 2886 460 2949 lex
495 2884 766 2969 legitimi
796 2884 1108 2966 principis,
1143 2884 1216 2945 ut
1246 2882 1381 2947 ideo
1415 2882 1478 2946 in
1512 2883 1892 2949 conscientia
1925 2884 2123 2966 possit
2158 2885 2385 2949 femina
2424 2887 2628 2968 petere
2660 2886 2823 2968 quod

367 2988 485 3053 sibi
520 3007 644 3053 non
677 2987 1004 3050 deberetur
1036 2985 1210 3049 iuxta
1234 2985 1434 3070 legem
1456 2980 1725 3072 legitimi
1756 2985 2077 3069 Principis,
2117 2986 2374 3052 debetur
2408 2991 2619 3051 autem
2648 2988 2823 3052 iuxta

362 3092 566 3178 legem
594 3088 1037 3172 usurpationis.

454 3191 751 3272 Quaestio
784 3191 879 3254 est
909 3189 1196 3254 difficilis.
1233 3187 1298 3253 Si
1328 3206 1717 3271 praesumere
1748 3184 1913 3263 licet,
1947 3185 2354 3249 intentionem
2385 3204 2514 3249 esse
2561 3187 2829 3271 legitimi

368 3295 662 3380 principis
710 3291 1106 3376 permittendi
1151 3292 1224 3354 ut
1253 3290 1351 3353 his
1385 3307 1632 3371 quoque
1663 3287 1970 3351 beneficiis
2004 3286 2237 3351 subditi
2283 3288 2593 3368 fruantur,
2632 3290 2826 3371 patet,

366 3419 490 3464 non
526 3397 691 3462 male
739 3415 939 3481 agere,
973 3395 1081 3477 qui
1118 3394 1233 3458 hoc
1265 3393 1446 3475 pacto
1495 3410 1558 3455 se
1590 3393 1836 3476 gerunt.
1870 3389 2302 3474 Praesumptio
2337 3393 2547 3457 autem
2578 3391 2832 3457 habebit

366 3503 596 3577 locum,
631 3499 685 3563 si
731 3498 1002 3583 pensatis
1036 3495 1322 3562 omnibus
1360 3492 1862 3570 circumstantiis,
1898 3494 2212 3576 appareat,
2253 3493 2315 3557 id
2363 3513 2630 3578 aequum
2678 3515 2827 3574 esse,

368 3607 443 3669 ut
473 3601 788 3669 communi
837 3597 1285 3681 tranquillitati
1318 3597 1379 3660 et
1417 3596 1929 3661 conscientiarum
1963 3597 2281 3660 securitati
2315 3598 2695 3663 consulatur.
2732 3596 2832 3663 Se·

371 3726 476 3771 cus
515 3706 569 3769 si
601 3701 1023 3787 praesumptio
1057 3700 1248 3777 abest,
1300 3699 1354 3763 si
1404 3698 1727 3783 legitimus
1767 3700 2043 3783 princeps
2090 3700 2243 3765 satis
2277 3700 2606 3785 significat,
2657 3720 2720 3766 se
2765 3702 2829 3765 in

371 3809 427 3873 id
479 3826 602 3873 non
652 3803 1015 3869 consentire.
1067 3802 1173 3866 Ius
1211 3801 1442 3867 civium
1490 3803 1697 3866 tamen
1735 3802 1825 3866 ita
1874 3822 1937 3867 se
1982 3802 2250 3887 gerendi,
2292 3804 2451 3866 solet
2488 3804 2829 3887 generatim

372 3930 442 3976 ex
472 3929 544 3975 eo
584 3906 883 3993 principio
933 3904 1214 3988 probari:
1254 3904 1417 3986 quod
1465 3923 1645 3977 nunc,
1695 3905 1899 3988 posita
1946 3904 2200 3987 pacifica
2239 3906 2659 3987 usurpatione,
2711 3925 2832 3968 non

369 4013 544 4099 viget
575 4010 696 4075 nisi
734 4010 831 4074 lex
862 4007 1252 4092 usurpatoris
1291 4010 1353 4073 et
1384 4009 1644 4074 societas
1675 4010 1918 4094 legibus
1952 4028 2105 4090 opus
2138 4008 2325 4073 habet
2357 4010 2419 4071 et
2449 4008 2546 4072 ius
2581 4008 2834 4092 proinde

375 4101 617 4203 agendi
647 4111 984 4177 secundum
1031 4111 1309 4195 vigentes
1354 4111 1556 4202 leges:
1605 4112 1695 4176 ita
1742 4113 1817 4175 ut
1864 4111 2173 4176 contraria
2229 4111 2521 4176 voluntas
2566 4111 2835 4196 legitimi

370 4217 667 4303 principis
691 4234 814 4280 non
846 4215 931 4278 sit
976 4212 1324 4278 rationalis
1358 4211 1711 4278 Advertunt
1748 4213 2150 4278 nihilominus
2199 4213 2325 4289 alii,
2360 4212 2423 4277 id
2468 4232 2680 4297 reapse
2726 4233 2836 4278 va-

368 4320 493 4385 lere
527 4320 592 4384 in
625 4318 704 4382 iis
727 4316 991 4401 legibus,
1026 4335 1184 4398 quae
1216 4315 1591 4380 necessariae
1623 4317 1790 4391 sunt,
1825 4316 1887 4380 et
1919 4334 2187 4397 quarum
2234 4316 2690 4400 praetermissio
2730 4315 2838 4380 da·

371 4442 593 4487 mnum
641 4419 909 4485 subditis
943 4417 1290 4483 induceret:
1327 4419 1392 4482 at
1425 4417 1530 4482 ubi
1562 4418 1892 4481 necessitas
1926 4418 2100 4482 abest
2132 4419 2195 4482 et
2223 4419 2567 4502 periculum
2607 4418 2833 4496 damni,

372 4526 578 4591 cessat
622 4523 810 4600 ratio,
845 4542 954 4586 cur
985 4522 1081 4586 lex
1119 4521 1366 4606 tyranni
1405 4519 1659 4605 deroget
1689 4520 1815 4604 legi
1850 4520 2117 4606 legitimi
2148 4522 2458 4606 principis,
