<?xml version="1.0" encoding="UTF-8"?>
<!DOCTYPE html PUBLIC "-//W3C//DTD XHTML 1.0 Transitional//EN"
    "http://www.w3.org/TR/xhtml1/DTD/xhtml1-transitional.dtd">
<html xmlns="http://www.w3.org/1999/xhtml" xml:lang="en" lang="en">
 <head>
  <title>
</title>
<meta http-equiv="Content-Type" content="text/html;charset=utf-8" />
  <meta name='ocr-system' content='tesseract 3.04.00' />
  <meta name='ocr-capabilities' content='ocr_page ocr_carea ocr_par ocr_line ocrx_word'/>
</head>
<body>
  <div class='ocr_page' id='page_1' title='image "./opustheologicum00palmgoog_0443.png"; bbox 0 0 3529 5158; ppageno 0'>
   <div class='ocr_carea' id='block_1_1' title="bbox 655 222 3119 294">
    <p class='ocr_par' dir='ltr' id='par_1_1' title="bbox 655 222 3119 294">
     <span class='ocr_line' id='line_1_1' title="bbox 655 222 3119 294; baseline -0.006 -8"><span class='ocrx_word' id='word_1_1' title='bbox 655 230 764 286; x_wconf 72' lang='lat'>348</span> <span class='ocrx_word' id='word_1_2' title='bbox 1190 237 1402 280; x_wconf 64' lang='lat' dir='ltr'>macr.</span> <span class='ocrx_word' id='word_1_3' title='bbox 1443 237 1532 278; x_wconf 89' lang='lat'>111.</span> <span class='ocrx_word' id='word_1_4' title='bbox 1567 236 1653 275; x_wconf 65' lang='lat' dir='ltr'>mr.</span> <span class='ocrx_word' id='word_1_5' title='bbox 1689 234 1969 276; x_wconf 70' lang='lat' dir='ltr'>nmmos.</span> <span class='ocrx_word' id='word_1_6' title='bbox 2006 235 2204 276; x_wconf 78' lang='lat' dir='ltr'>CAPUT</span> <span class='ocrx_word' id='word_1_7' title='bbox 2240 234 2304 276; x_wconf 88' lang='lat'>11.</span> <span class='ocrx_word' id='word_1_8' title='bbox 2344 234 2485 277; x_wconf 74' lang='lat' dir='ltr'>nun.</span> <span class='ocrx_word' id='word_1_9' title='bbox 2529 235 2568 273; x_wconf 88' lang='lat'>1.</span> <span class='ocrx_word' id='word_1_10' title='bbox 2954 222 3119 294; x_wconf 78' lang='lat'><strong>[341]</strong></span> 
     </span>
    </p>
   </div>
   <div class='ocr_carea' id='block_1_2' title="bbox 650 329 3114 624">
    <p class='ocr_par' dir='ltr' id='par_1_2' title="bbox 650 329 3114 624">
     <span class='ocr_line' id='line_1_2' title="bbox 739 329 3112 421; baseline -0.003 -18"><span class='ocrx_word' id='word_1_11' title='bbox 739 338 925 421; x_wconf 83' lang='lat' dir='ltr'><strong>Apud</strong></span> <span class='ocrx_word' id='word_1_12' title='bbox 952 336 1226 401; x_wconf 86' lang='lat' dir='ltr'>Sanchez</span> <span class='ocrx_word' id='word_1_13' title='bbox 1250 333 1404 398; x_wconf 84' lang='lat' dir='ltr'>Dec.</span> <span class='ocrx_word' id='word_1_14' title='bbox 1434 333 1539 397; x_wconf 90' lang='lat' dir='ltr'>lib.</span> <span class='ocrx_word' id='word_1_15' title='bbox 1571 333 1630 397; x_wconf 89' lang='lat'>1.</span> <span class='ocrx_word' id='word_1_16' title='bbox 1656 351 1790 416; x_wconf 88' lang='lat' dir='ltr'>cap.</span> <span class='ocrx_word' id='word_1_17' title='bbox 1823 333 1925 395; x_wconf 87' lang='grc'>10.</span> <span class='ocrx_word' id='word_1_18' title='bbox 1952 351 2008 394; x_wconf 91' lang='lat' dir='ltr'>n.</span> <span class='ocrx_word' id='word_1_19' title='bbox 2043 332 2166 406; x_wconf 74' lang='lat'>12..</span> <span class='ocrx_word' id='word_1_20' title='bbox 2194 332 2257 396; x_wconf 90' lang='lat' dir='ltr'>et</span> <span class='ocrx_word' id='word_1_21' title='bbox 2276 331 2570 396; x_wconf 82' lang='lat' dir='ltr'>Bonae-in.</span> <span class='ocrx_word' id='word_1_22' title='bbox 2597 329 2672 393; x_wconf 84' lang='lat' dir='ltr'>de</span> <span class='ocrx_word' id='word_1_23' title='bbox 2694 329 2850 412; x_wconf 75' lang='lat' dir='ltr'>Leq.</span> <span class='ocrx_word' id='word_1_24' title='bbox 2869 331 3026 414; x_wconf 84' lang='lat' dir='ltr'><strong>disp.</strong></span> <span class='ocrx_word' id='word_1_25' title='bbox 3058 333 3112 396; x_wconf 92' lang='lat'>1.</span> 
     </span>
     <span class='ocr_line' id='line_1_3' title="bbox 651 434 3114 525; baseline -0.002 -19"><span class='ocrx_word' id='word_1_26' title='bbox 651 464 712 525; x_wconf 90' lang='lat' dir='ltr'>q.</span> <span class='ocrx_word' id='word_1_27' title='bbox 753 443 809 505; x_wconf 94' lang='lat'>1.</span> <span class='ocrx_word' id='word_1_28' title='bbox 844 443 1057 524; x_wconf 86' lang='lat' dir='ltr'>punct.</span> <span class='ocrx_word' id='word_1_29' title='bbox 1094 439 1156 503; x_wconf 87' lang='grc'>6.</span> <span class='ocrx_word' id='word_1_30' title='bbox 1191 460 1250 502; x_wconf 89' lang='lat' dir='ltr'>n.</span> <span class='ocrx_word' id='word_1_31' title='bbox 1290 439 1348 502; x_wconf 84' lang='lat'>7.</span> <span class='ocrx_word' id='word_1_32' title='bbox 1385 440 1448 501; x_wconf 90' lang='lat' dir='ltr'>et</span> <span class='ocrx_word' id='word_1_33' title='bbox 1495 435 1799 500; x_wconf 86' lang='lat' dir='ltr'>Salmant.</span> <span class='ocrx_word' id='word_1_34' title='bbox 1847 435 1889 498; x_wconf 94' lang='lat' dir='ltr'>l.</span> <span class='ocrx_word' id='word_1_35' title='bbox 1926 454 1976 497; x_wconf 91' lang='lat' dir='ltr'>c.</span> <span class='ocrx_word' id='word_1_36' title='bbox 2011 455 2070 498; x_wconf 90' lang='lat' dir='ltr'>n.</span> <span class='ocrx_word' id='word_1_37' title='bbox 2106 435 2211 497; x_wconf 88' lang='lat'>48.</span> <span class='ocrx_word' id='word_1_38' title='bbox 2261 435 2524 517; x_wconf 79' lang='lat' dir='ltr'>reperies</span> <span class='ocrx_word' id='word_1_39' title='bbox 2559 452 2775 498; x_wconf 85' lang='lat' dir='ltr'>casum</span> <span class='ocrx_word' id='word_1_40' title='bbox 2806 434 2882 498; x_wconf 92' lang='lat' dir='ltr'>de</span> <span class='ocrx_word' id='word_1_41' title='bbox 2912 436 3114 517; x_wconf 90' lang='lat' dir='ltr'>pueris</span> 
     </span>
     <span class='ocr_line' id='line_1_4' title="bbox 650 536 2383 624; baseline -0.005 -17"><span class='ocrx_word' id='word_1_42' title='bbox 650 544 749 607; x_wconf 82' lang='lat' dir='ltr'>vel</span> <span class='ocrx_word' id='word_1_43' title='bbox 783 542 1156 618; x_wconf 76' lang='lat' dir='ltr'>amentibus,</span> <span class='ocrx_word' id='word_1_44' title='bbox 1194 539 1300 624; x_wconf 90' lang='lat' dir='ltr'>qui</span> <span class='ocrx_word' id='word_1_45' title='bbox 1333 542 1508 623; x_wconf 86' lang='lat' dir='ltr'>septa</span> <span class='ocrx_word' id='word_1_46' title='bbox 1539 538 1908 603; x_wconf 87' lang='lat' dir='ltr'>monialium</span> <span class='ocrx_word' id='word_1_47' title='bbox 1938 536 2383 620; x_wconf 76' lang='lat' dir='ltr'>ingrediantur.</span> 
     </span>
    </p>
   </div>
   <div class='ocr_carea' id='block_1_3' title="bbox 648 686 3109 1521">
    <p class='ocr_par' dir='ltr' id='par_1_3' title="bbox 648 686 3109 1521">
     <span class='ocr_line' id='line_1_5' title="bbox 725 686 3106 755; baseline -0.002 -9"><span class='ocrx_word' id='word_1_48' title='bbox 725 693 955 746; x_wconf 78' lang='lat' dir='ltr'>xxvnt.</span> <span class='ocrx_word' id='word_1_49' title='bbox 980 693 1031 745; x_wconf 82' lang='lat'>5.</span> <span class='ocrx_word' id='word_1_50' title='bbox 1063 691 1257 754; x_wconf 83' lang='lat' dir='ltr'>Clerici,</span> <span class='ocrx_word' id='word_1_51' title='bbox 1285 706 1394 744; x_wconf 88' lang='lat' dir='ltr'>cum</span> <span class='ocrx_word' id='word_1_52' title='bbox 1422 690 1530 743; x_wconf 89' lang='lat' dir='ltr'>iure</span> <span class='ocrx_word' id='word_1_53' title='bbox 1549 688 1716 742; x_wconf 84' lang='lat' dir='ltr'>divino</span> <span class='ocrx_word' id='word_1_54' title='bbox 1742 688 1840 742; x_wconf 86' lang='lat' dir='ltr'>sint</span> <span class='ocrx_word' id='word_1_55' title='bbox 1864 686 2078 755; x_wconf 79' lang='lat' dir='ltr'>exempti</span> <span class='ocrx_word' id='word_1_56' title='bbox 2103 690 2165 741; x_wconf 87' lang='lat' dir='ltr'>de</span> <span class='ocrx_word' id='word_1_57' title='bbox 2191 694 2433 754; x_wconf 70' lang='lat' dir='ltr'>potestate</span> <span class='ocrx_word' id='word_1_58' title='bbox 2458 687 2608 750; x_wconf 86' lang='lat' dir='ltr'>civili,</span> <span class='ocrx_word' id='word_1_59' title='bbox 2630 695 2682 741; x_wconf 84' lang='lat' dir='ltr'>ut</span> <span class='ocrx_word' id='word_1_60' title='bbox 2717 689 2863 742; x_wconf 85' lang='lat' dir='ltr'>docet</span> <span class='ocrx_word' id='word_1_61' title='bbox 2885 690 3106 743; x_wconf 77' lang='lat' dir='ltr'>Bellarm.</span> 
     </span>
     <span class='ocr_line' id='line_1_6' title="bbox 650 771 3107 839; baseline -0.001 -9"><span class='ocrx_word' id='word_1_62' title='bbox 650 781 682 830; x_wconf 91' lang='lat' dir='ltr'>l.</span> <span class='ocrx_word' id='word_1_63' title='bbox 708 776 825 832; x_wconf 83' lang='lat' dir='ltr'>l.de</span> <span class='ocrx_word' id='word_1_64' title='bbox 852 776 1041 832; x_wconf 77' lang='lat' dir='ltr'>Cleric.</span> <span class='ocrx_word' id='word_1_65' title='bbox 1065 793 1108 832; x_wconf 90' lang='lat' dir='ltr'>c.</span> <span class='ocrx_word' id='word_1_66' title='bbox 1128 779 1340 839; x_wconf 76' lang='lat' dir='ltr'>28.‚non</span> <span class='ocrx_word' id='word_1_67' title='bbox 1369 783 1594 829; x_wconf 90' lang='lat' dir='ltr'>tenentur</span> <span class='ocrx_word' id='word_1_68' title='bbox 1619 774 1811 839; x_wconf 75' lang='lat' dir='ltr'>legibus</span> <span class='ocrx_word' id='word_1_69' title='bbox 1840 771 2071 828; x_wconf 81' lang='lat' dir='ltr'>civilibus</span> <span class='ocrx_word' id='word_1_70' title='bbox 2089 773 2275 828; x_wconf 81' lang='lat' dir='ltr'>directe</span> <span class='ocrx_word' id='word_1_71' title='bbox 2297 780 2345 826; x_wconf 88' lang='lat' dir='ltr'>et</span> <span class='ocrx_word' id='word_1_72' title='bbox 2365 775 2526 839; x_wconf 80' lang='lat' dir='ltr'>quoad</span> <span class='ocrx_word' id='word_1_73' title='bbox 2550 773 2653 827; x_wconf 83' lang='lat' dir='ltr'>vim</span> <span class='ocrx_word' id='word_1_74' title='bbox 2671 773 2960 830; x_wconf 72' lang='lat' dir='ltr'>coactivam.</span> <span class='ocrx_word' id='word_1_75' title='bbox 2975 776 3107 829; x_wconf 87' lang='lat' dir='ltr'>Unde</span> 
     </span>
     <span class='ocr_line' id='line_1_7' title="bbox 656 856 3109 928; baseline -0.001 -13"><span class='ocrx_word' id='word_1_76' title='bbox 656 877 745 915; x_wconf 88' lang='lat' dir='ltr'>nec</span> <span class='ocrx_word' id='word_1_77' title='bbox 773 877 798 914; x_wconf 87' lang='grc'><strong>3</strong></span> <span class='ocrx_word' id='word_1_78' title='bbox 821 861 1044 928; x_wconf 80' lang='lat' dir='ltr'>Principe</span> <span class='ocrx_word' id='word_1_79' title='bbox 1075 860 1286 915; x_wconf 84' lang='lat' dir='ltr'>seculari</span> <span class='ocrx_word' id='word_1_80' title='bbox 1314 859 1476 928; x_wconf 88' lang='lat' dir='ltr'>puniri</span> <span class='ocrx_word' id='word_1_81' title='bbox 1501 866 1723 926; x_wconf 88' lang='lat' dir='ltr'>possunt.</span> <span class='ocrx_word' id='word_1_82' title='bbox 1747 860 1870 915; x_wconf 83' lang='lat' dir='ltr'>Cum</span> <span class='ocrx_word' id='word_1_83' title='bbox 1899 865 2056 912; x_wconf 82' lang='lat' dir='ltr'>tamen</span> <span class='ocrx_word' id='word_1_84' title='bbox 2083 857 2179 912; x_wconf 87' lang='lat' dir='ltr'>sint</span> <span class='ocrx_word' id='word_1_85' title='bbox 2204 861 2416 911; x_wconf 83' lang='lat' dir='ltr'>membra</span> <span class='ocrx_word' id='word_1_86' title='bbox 2445 857 2652 926; x_wconf 81' lang='lat' dir='ltr'>Reipub.</span> <span class='ocrx_word' id='word_1_87' title='bbox 2680 867 2729 913; x_wconf 89' lang='lat' dir='ltr'>et</span> <span class='ocrx_word' id='word_1_88' title='bbox 2767 856 2950 924; x_wconf 78' lang='lat' dir='ltr'>alioqui</span> <span class='ocrx_word' id='word_1_89' title='bbox 2986 873 3109 912; x_wconf 87' lang='lat' dir='ltr'>com·</span> 
     </span>
     <span class='ocr_line' id='line_1_8' title="bbox 651 943 3107 1015; baseline 0 -15"><span class='ocrx_word' id='word_1_90' title='bbox 651 948 813 1001; x_wconf 75' lang='lat' dir='ltr'>niunis</span> <span class='ocrx_word' id='word_1_91' title='bbox 839 947 1058 1015; x_wconf 84' lang='lat' dir='ltr'>aequitas</span> <span class='ocrx_word' id='word_1_92' title='bbox 1083 947 1274 1002; x_wconf 79' lang='lat' dir='ltr'>servari</span> <span class='ocrx_word' id='word_1_93' title='bbox 1314 962 1407 1000; x_wconf 91' lang='lat' dir='ltr'>non</span> <span class='ocrx_word' id='word_1_94' title='bbox 1436 945 1608 1013; x_wconf 87' lang='lat' dir='ltr'>possit,</span> <span class='ocrx_word' id='word_1_95' title='bbox 1637 952 1864 1000; x_wconf 86' lang='lat' dir='ltr'>tenentur</span> <span class='ocrx_word' id='word_1_96' title='bbox 1889 943 2119 999; x_wconf 87' lang='lat' dir='ltr'>indirecte</span> <span class='ocrx_word' id='word_1_97' title='bbox 2146 951 2193 998; x_wconf 88' lang='lat' dir='ltr'>et</span> <span class='ocrx_word' id='word_1_98' title='bbox 2217 947 2378 1010; x_wconf 82' lang='lat' dir='ltr'>quoad</span> <span class='ocrx_word' id='word_1_99' title='bbox 2418 944 2517 998; x_wconf 86' lang='lat' dir='ltr'>vim</span> <span class='ocrx_word' id='word_1_100' title='bbox 2544 943 2830 999; x_wconf 49' lang='lat' dir='ltr'>directis-’am</span> <span class='ocrx_word' id='word_1_101' title='bbox 2860 960 2886 998; x_wconf 86' lang='lat' dir='ltr'>a</span> <span class='ocrx_word' id='word_1_102' title='bbox 2925 946 3107 1011; x_wconf 74' lang='lat' dir='ltr'>legibus</span> 
     </span>
     <span class='ocr_line' id='line_1_9' title="bbox 651 1029 3104 1099; baseline -0.001 -14"><span class='ocrx_word' id='word_1_103' title='bbox 651 1033 999 1086; x_wconf 85' lang='lat' dir='ltr'>communibus</span> <span class='ocrx_word' id='word_1_104' title='bbox 1019 1032 1096 1096; x_wconf 84' lang='lat' dir='ltr'>iis,</span> <span class='ocrx_word' id='word_1_105' title='bbox 1120 1046 1248 1099; x_wconf 84' lang='lat' dir='ltr'>quae</span> <span class='ocrx_word' id='word_1_106' title='bbox 1277 1035 1336 1086; x_wconf 82' lang='lat' dir='ltr'>ad</span> <span class='ocrx_word' id='word_1_107' title='bbox 1360 1035 1541 1085; x_wconf 85' lang='lat' dir='ltr'>bonum</span> <span class='ocrx_word' id='word_1_108' title='bbox 1567 1045 1823 1085; x_wconf 82' lang='lat' dir='ltr'>commune</span> <span class='ocrx_word' id='word_1_109' title='bbox 1841 1036 2061 1098; x_wconf 84' lang='lat' dir='ltr'>spectant</span> <span class='ocrx_word' id='word_1_110' title='bbox 2080 1037 2126 1083; x_wconf 87' lang='lat' dir='ltr'>et</span> <span class='ocrx_word' id='word_1_111' title='bbox 2147 1043 2317 1083; x_wconf 87' lang='lat' dir='ltr'>eorum</span> <span class='ocrx_word' id='word_1_112' title='bbox 2339 1029 2487 1083; x_wconf 84' lang='lat' dir='ltr'>statui</span> <span class='ocrx_word' id='word_1_113' title='bbox 2512 1044 2606 1083; x_wconf 91' lang='lat' dir='ltr'>non</span> <span class='ocrx_word' id='word_1_114' title='bbox 2628 1037 2925 1098; x_wconf 53' lang='lat' dir='ltr'>repugnatum</span> <span class='ocrx_word' id='word_1_115' title='bbox 2944 1034 3104 1096; x_wconf 81' lang='lat' dir='ltr'>quales</span> 
     </span>
     <span class='ocr_line' id='line_1_10' title="bbox 653 1113 3099 1183; baseline 0 -16"><span class='ocrx_word' id='word_1_116' title='bbox 653 1132 701 1168; x_wconf 88' lang='lat' dir='ltr'>v.</span> <span class='ocrx_word' id='word_1_117' title='bbox 730 1132 804 1181; x_wconf 79' lang='lat' dir='ltr'>gr.</span> <span class='ocrx_word' id='word_1_118' title='bbox 832 1124 945 1170; x_wconf 90' lang='lat' dir='ltr'>sunt</span> <span class='ocrx_word' id='word_1_119' title='bbox 972 1120 1103 1180; x_wconf 82' lang='lat' dir='ltr'>leges</span> <span class='ocrx_word' id='word_1_120' title='bbox 1130 1116 1446 1183; x_wconf 81' lang='lat' dir='ltr'>prohibentes</span> <span class='ocrx_word' id='word_1_121' title='bbox 1476 1118 1553 1170; x_wconf 87' lang='lat' dir='ltr'>vel</span> <span class='ocrx_word' id='word_1_122' title='bbox 1584 1115 1833 1169; x_wconf 82' lang='lat' dir='ltr'>irritantes</span> <span class='ocrx_word' id='word_1_123' title='bbox 1856 1119 2159 1169; x_wconf 87' lang='lat' dir='ltr'>contractum</span> <span class='ocrx_word' id='word_1_124' title='bbox 2186 1113 2303 1172; x_wconf 85' lang='lat' dir='ltr'>(nisi</span> <span class='ocrx_word' id='word_1_125' title='bbox 2329 1118 2421 1168; x_wconf 88' lang='lat' dir='ltr'>bae</span> <span class='ocrx_word' id='word_1_126' title='bbox 2445 1114 2542 1167; x_wconf 80' lang='lat' dir='ltr'>sint</span> <span class='ocrx_word' id='word_1_127' title='bbox 2568 1116 2816 1182; x_wconf 73' lang='lat' dir='ltr'>poenaleS,</span> <span class='ocrx_word' id='word_1_128' title='bbox 2842 1122 2956 1169; x_wconf 88' lang='lat' dir='ltr'>tunc</span> <span class='ocrx_word' id='word_1_129' title='bbox 2979 1115 3099 1169; x_wconf 88' lang='lat' dir='ltr'>enim</span> 
     </span>
     <span class='ocr_line' id='line_1_11' title="bbox 648 1198 3105 1268; baseline -0 -14"><span class='ocrx_word' id='word_1_130' title='bbox 648 1200 762 1267; x_wconf 82' lang='lat' dir='ltr'>quia</span> <span class='ocrx_word' id='word_1_131' title='bbox 784 1200 882 1254; x_wconf 83' lang='lat' dir='ltr'>vim</span> <span class='ocrx_word' id='word_1_132' title='bbox 904 1201 1180 1256; x_wconf 79' lang='lat' dir='ltr'>coactivam</span> <span class='ocrx_word' id='word_1_133' title='bbox 1208 1201 1429 1255; x_wconf 87' lang='lat' dir='ltr'>obtinent</span> <span class='ocrx_word' id='word_1_134' title='bbox 1457 1216 1544 1254; x_wconf 90' lang='lat' dir='ltr'>eos</span> <span class='ocrx_word' id='word_1_135' title='bbox 1568 1214 1663 1254; x_wconf 91' lang='lat' dir='ltr'>non</span> <span class='ocrx_word' id='word_1_136' title='bbox 1688 1200 1859 1268; x_wconf 76' lang='lat' dir='ltr'>ligant)</span> <span class='ocrx_word' id='word_1_137' title='bbox 1881 1199 2089 1266; x_wconf 85' lang='lat' dir='ltr'>ideoque</span> <span class='ocrx_word' id='word_1_138' title='bbox 2121 1207 2321 1267; x_wconf 82' lang='lat' dir='ltr'>peccant</span> <span class='ocrx_word' id='word_1_139' title='bbox 2346 1204 2511 1253; x_wconf 83' lang='lat' dir='ltr'>contra</span> <span class='ocrx_word' id='word_1_140' title='bbox 2537 1198 2773 1254; x_wconf 78' lang='lat' dir='ltr'>iustitiam</span> <span class='ocrx_word' id='word_1_141' title='bbox 2800 1203 2929 1254; x_wconf 83' lang='lat' dir='ltr'>etad</span> <span class='ocrx_word' id='word_1_142' title='bbox 2969 1200 3105 1255; x_wconf 84' lang='lat' dir='ltr'>resti-</span> 
     </span>
     <span class='ocr_line' id='line_1_12' title="bbox 651 1283 3104 1352; baseline -0 -13"><span class='ocrx_word' id='word_1_143' title='bbox 651 1285 888 1339; x_wconf 84' lang='lat' dir='ltr'>tutionem</span> <span class='ocrx_word' id='word_1_144' title='bbox 912 1292 1155 1350; x_wconf 89' lang='lat' dir='ltr'>tenentur‚</span> <span class='ocrx_word' id='word_1_145' title='bbox 1184 1286 1226 1339; x_wconf 89' lang='lat' dir='ltr'>si</span> <span class='ocrx_word' id='word_1_146' title='bbox 1253 1289 1490 1339; x_wconf 76' lang='lat' dir='ltr'>frumenta</span> <span class='ocrx_word' id='word_1_147' title='bbox 1513 1300 1561 1336; x_wconf 85' lang='lat' dir='ltr'>v.</span> <span class='ocrx_word' id='word_1_148' title='bbox 1588 1300 1660 1351; x_wconf 82' lang='lat' dir='ltr'>gr.</span> <span class='ocrx_word' id='word_1_149' title='bbox 1691 1287 1769 1339; x_wconf 83' lang='lat' dir='ltr'>vel</span> <span class='ocrx_word' id='word_1_150' title='bbox 1799 1285 1892 1338; x_wconf 84' lang='lat' dir='ltr'>alia</span> <span class='ocrx_word' id='word_1_151' title='bbox 1924 1287 2135 1339; x_wconf 80' lang='lat' dir='ltr'>vendant</span> <span class='ocrx_word' id='word_1_152' title='bbox 2163 1286 2288 1339; x_wconf 82' lang='lat' dir='ltr'>ultra</span> <span class='ocrx_word' id='word_1_153' title='bbox 2322 1283 2532 1350; x_wconf 88' lang='lat' dir='ltr'>pretium</span> <span class='ocrx_word' id='word_1_154' title='bbox 2562 1299 2590 1338; x_wconf 87' lang='grc'><strong>3</strong></span> <span class='ocrx_word' id='word_1_155' title='bbox 2610 1283 2837 1352; x_wconf 82' lang='lat' dir='ltr'>Principe</span> <span class='ocrx_word' id='word_1_156' title='bbox 2861 1291 3104 1340; x_wconf 86' lang='lat' dir='ltr'>statutum.</span> 
     </span>
     <span class='ocr_line' id='line_1_13' title="bbox 650 1367 3103 1437; baseline -0.001 -13"><span class='ocrx_word' id='word_1_157' title='bbox 650 1372 719 1424; x_wconf 81' lang='lat' dir='ltr'>lta</span> <span class='ocrx_word' id='word_1_158' title='bbox 746 1369 939 1435; x_wconf 69' lang='lat' dir='ltr'>molina,</span> <span class='ocrx_word' id='word_1_159' title='bbox 970 1373 1112 1424; x_wconf 87' lang='lat' dir='ltr'>Suar.</span> <span class='ocrx_word' id='word_1_160' title='bbox 1141 1369 1401 1424; x_wconf 66' lang='lat' dir='ltr'>Tam-vid.</span> <span class='ocrx_word' id='word_1_161' title='bbox 1431 1372 1600 1434; x_wconf 79' lang='lat' dir='ltr'>Laym.</span> <span class='ocrx_word' id='word_1_162' title='bbox 1632 1372 1663 1424; x_wconf 89' lang='lat' dir='ltr'>l.</span> <span class='ocrx_word' id='word_1_163' title='bbox 1685 1385 1728 1423; x_wconf 89' lang='lat' dir='ltr'>c.</span> <span class='ocrx_word' id='word_1_164' title='bbox 1744 1385 1760 1436; x_wconf 76' lang='lat'>3</span> <span class='ocrx_word' id='word_1_165' title='bbox 1789 1369 1902 1435; x_wconf 84' lang='lat' dir='ltr'>quia</span> <span class='ocrx_word' id='word_1_166' title='bbox 1929 1369 2005 1422; x_wconf 86' lang='lat' dir='ltr'>ius</span> <span class='ocrx_word' id='word_1_167' title='bbox 2032 1377 2233 1424; x_wconf 85' lang='lat' dir='ltr'>naturae</span> <span class='ocrx_word' id='word_1_168' title='bbox 2262 1367 2427 1435; x_wconf 80' lang='lat' dir='ltr'>exigit,</span> <span class='ocrx_word' id='word_1_169' title='bbox 2454 1376 2505 1422; x_wconf 87' lang='lat' dir='ltr'>ut</span> <span class='ocrx_word' id='word_1_170' title='bbox 2534 1371 2745 1423; x_wconf 82' lang='lat' dir='ltr'>vendant</span> <span class='ocrx_word' id='word_1_171' title='bbox 2772 1370 2932 1437; x_wconf 89' lang='lat' dir='ltr'>pretio</span> <span class='ocrx_word' id='word_1_172' title='bbox 2958 1369 3103 1424; x_wconf 89' lang='lat' dir='ltr'>iusto:</span> 
     </span>
     <span class='ocr_line' id='line_1_14' title="bbox 649 1454 1830 1521; baseline -0.001 -14"><span class='ocrx_word' id='word_1_173' title='bbox 649 1457 748 1507; x_wconf 84' lang='lat' dir='ltr'>tale</span> <span class='ocrx_word' id='word_1_174' title='bbox 787 1462 947 1508; x_wconf 81' lang='lat' dir='ltr'>autem</span> <span class='ocrx_word' id='word_1_175' title='bbox 987 1461 1213 1509; x_wconf 87' lang='lat' dir='ltr'>censetur</span> <span class='ocrx_word' id='word_1_176' title='bbox 1238 1455 1366 1521; x_wconf 86' lang='lat' dir='ltr'>quod</span> <span class='ocrx_word' id='word_1_177' title='bbox 1393 1454 1672 1507; x_wconf 83' lang='lat' dir='ltr'>decernitur</span> <span class='ocrx_word' id='word_1_178' title='bbox 1711 1456 1830 1518; x_wconf 81' lang='lat' dir='ltr'>lege.</span> 
     </span>
    </p>
   </div>
   <div class='ocr_carea' id='block_1_4' title="bbox 651 1570 3113 4529">
    <p class='ocr_par' dir='ltr' id='par_1_4' title="bbox 651 1570 3113 3075">
     <span class='ocr_line' id='line_1_15' title="bbox 743 1570 3105 1658; baseline -0.003 -13"><span class='ocrx_word' id='word_1_179' title='bbox 743 1570 904 1645; x_wconf 71' lang='lat'>341.</span> <span class='ocrx_word' id='word_1_180' title='bbox 957 1573 1305 1640; x_wconf 86' lang='lat' dir='ltr'>Concilium</span> <span class='ocrx_word' id='word_1_181' title='bbox 1352 1575 1785 1639; x_wconf 85' lang='lat' dir='ltr'>Tridentinum</span> <span class='ocrx_word' id='word_1_182' title='bbox 1831 1594 1977 1639; x_wconf 90' lang='lat' dir='ltr'>sess.</span> <span class='ocrx_word' id='word_1_183' title='bbox 2030 1576 2133 1638; x_wconf 80' lang='lat'>25.</span> <span class='ocrx_word' id='word_1_184' title='bbox 2176 1593 2309 1658; x_wconf 86' lang='lat' dir='ltr'>cap.</span> <span class='ocrx_word' id='word_1_185' title='bbox 2361 1575 2464 1638; x_wconf 83' lang='lat'>20.</span> <span class='ocrx_word' id='word_1_186' title='bbox 2515 1572 2588 1636; x_wconf 82' lang='lat' dir='ltr'>de</span> <span class='ocrx_word' id='word_1_187' title='bbox 2634 1573 2918 1652; x_wconf 82' lang='lat' dir='ltr'>Reform.</span> <span class='ocrx_word' id='word_1_188' title='bbox 2966 1575 3105 1639; x_wconf 86' lang='lat' dir='ltr'>haec</span> 
     </span>
     <span class='ocr_line' id='line_1_16' title="bbox 656 1674 3106 1761; baseline 0.001 -21"><span class='ocrx_word' id='word_1_189' title='bbox 656 1678 861 1741; x_wconf 88' lang='lat' dir='ltr'>habet:</span> <span class='ocrx_word' id='word_1_190' title='bbox 884 1704 916 1734; x_wconf 92' lang='lat'>«</span> <span class='ocrx_word' id='word_1_191' title='bbox 937 1675 1204 1761; x_wconf 80' lang='lat' dir='ltr'>Cupiens</span> <span class='ocrx_word' id='word_1_192' title='bbox 1229 1678 1442 1741; x_wconf 86' lang='lat' dir='ltr'>sancta</span> <span class='ocrx_word' id='word_1_193' title='bbox 1470 1676 1750 1760; x_wconf 77' lang='lat' dir='ltr'>Synodus</span> <span class='ocrx_word' id='word_1_194' title='bbox 1772 1675 2248 1740; x_wconf 69' lang='lat' dir='ltr'>ecclesiasticam</span> <span class='ocrx_word' id='word_1_195' title='bbox 2270 1674 2671 1757; x_wconf 64' lang='lat' dir='ltr'>de&#39;seaeplinam</span> <span class='ocrx_word' id='word_1_196' title='bbox 2688 1678 2752 1741; x_wconf 94' lang='lat' dir='ltr'>in</span> <span class='ocrx_word' id='word_1_197' title='bbox 2778 1678 3106 1742; x_wconf 84' lang='lat' dir='ltr'>christiano</span> 
     </span>
     <span class='ocr_line' id='line_1_17' title="bbox 656 1779 3110 1864; baseline 0.001 -21"><span class='ocrx_word' id='word_1_198' title='bbox 656 1780 885 1863; x_wconf 90' lang='lat' dir='ltr'>populo</span> <span class='ocrx_word' id='word_1_199' title='bbox 920 1799 1042 1844; x_wconf 92' lang='lat' dir='ltr'>non</span> <span class='ocrx_word' id='word_1_200' title='bbox 1082 1781 1286 1845; x_wconf 90' lang='lat' dir='ltr'>solum</span> <span class='ocrx_word' id='word_1_201' title='bbox 1323 1779 1589 1855; x_wconf 88' lang='lat' dir='ltr'>restitui,</span> <span class='ocrx_word' id='word_1_202' title='bbox 1640 1779 1744 1844; x_wconf 89' lang='lat' dir='ltr'>sed</span> <span class='ocrx_word' id='word_1_203' title='bbox 1784 1780 1974 1844; x_wconf 88' lang='lat' dir='ltr'>etiam</span> <span class='ocrx_word' id='word_1_204' title='bbox 2020 1782 2316 1863; x_wconf 90' lang='lat' dir='ltr'>perpetuo</span> <span class='ocrx_word' id='word_1_205' title='bbox 2350 1782 2587 1844; x_wconf 87' lang='lat' dir='ltr'>sartam</span> <span class='ocrx_word' id='word_1_206' title='bbox 2623 1782 2857 1845; x_wconf 87' lang='lat' dir='ltr'>tectam</span> <span class='ocrx_word' id='word_1_207' title='bbox 2905 1800 2941 1845; x_wconf 90' lang='lat' dir='ltr'>a</span> <span class='ocrx_word' id='word_1_208' title='bbox 2989 1781 3110 1864; x_wconf 89' lang='lat' dir='ltr'>qui·</span> 
     </span>
     <span class='ocr_line' id='line_1_18' title="bbox 655 1881 3109 1965; baseline 0.001 -21"><span class='ocrx_word' id='word_1_209' title='bbox 655 1882 1038 1962; x_wconf 87' lang='lat' dir='ltr'>buscumque</span> <span class='ocrx_word' id='word_1_210' title='bbox 1071 1881 1525 1964; x_wconf 80' lang='lat' dir='ltr'>impedimentis</span> <span class='ocrx_word' id='word_1_211' title='bbox 1573 1882 1954 1959; x_wconf 78' lang='lat' dir='ltr'>conservari3</span> <span class='ocrx_word' id='word_1_212' title='bbox 1991 1883 2234 1965; x_wconf 86' lang='lat' dir='ltr'>praeter</span> <span class='ocrx_word' id='word_1_213' title='bbox 2265 1900 2356 1958; x_wconf 90' lang='lat' dir='ltr'>ea,</span> <span class='ocrx_word' id='word_1_214' title='bbox 2390 1900 2548 1963; x_wconf 89' lang='lat' dir='ltr'>quae</span> <span class='ocrx_word' id='word_1_215' title='bbox 2585 1881 2659 1946; x_wconf 92' lang='lat' dir='ltr'>de</span> <span class='ocrx_word' id='word_1_216' title='bbox 2690 1882 3109 1948; x_wconf 88' lang='lat' dir='ltr'>ecclesiasticis</span> 
     </span>
     <span class='ocr_line' id='line_1_19' title="bbox 659 1983 3109 2069; baseline 0.002 -23"><span class='ocrx_word' id='word_1_217' title='bbox 659 1983 936 2068; x_wconf 86' lang='lat' dir='ltr'>personis</span> <span class='ocrx_word' id='word_1_218' title='bbox 970 1983 1322 2060; x_wconf 86' lang='lat' dir='ltr'>constituit,</span> <span class='ocrx_word' id='word_1_219' title='bbox 1373 1985 1675 2048; x_wconf 84' lang='lat' dir='ltr'>seculares</span> <span class='ocrx_word' id='word_1_220' title='bbox 1713 2003 1959 2066; x_wconf 88' lang='lat' dir='ltr'>quoque</span> <span class='ocrx_word' id='word_1_221' title='bbox 2004 1983 2307 2069; x_wconf 84' lang='lat' dir='ltr'>principes</span> <span class='ocrx_word' id='word_1_222' title='bbox 2340 1984 2536 2065; x_wconf 70' lang='lat' dir='ltr'>offic-ii</span> <span class='ocrx_word' id='word_1_223' title='bbox 2569 1985 2674 2048; x_wconf 75' lang='lat' dir='ltr'>sui</span> <span class='ocrx_word' id='word_1_224' title='bbox 2704 1984 3109 2052; x_wconf 87' lang='lat' dir='ltr'>admonendos</span> 
     </span>
     <span class='ocr_line' id='line_1_20' title="bbox 659 2084 3111 2168; baseline 0.001 -19"><span class='ocrx_word' id='word_1_225' title='bbox 659 2105 792 2149; x_wconf 88' lang='lat' dir='ltr'>esse</span> <span class='ocrx_word' id='word_1_226' title='bbox 824 2086 1083 2164; x_wconf 86' lang='lat' dir='ltr'>censuit,</span> <span class='ocrx_word' id='word_1_227' title='bbox 1119 2085 1426 2151; x_wconf 89' lang='lat' dir='ltr'>confidens</span> <span class='ocrx_word' id='word_1_228' title='bbox 1465 2106 1587 2164; x_wconf 82' lang='lat' dir='ltr'>eOS,</span> <span class='ocrx_word' id='word_1_229' title='bbox 1628 2090 1701 2150; x_wconf 79' lang='lat' dir='ltr'>ut</span> <span class='ocrx_word' id='word_1_230' title='bbox 1734 2084 2084 2159; x_wconf 74' lang='lat' dir='ltr'>catholicos,</span> <span class='ocrx_word' id='word_1_231' title='bbox 2118 2105 2274 2168; x_wconf 89' lang='lat' dir='ltr'>quos</span> <span class='ocrx_word' id='word_1_232' title='bbox 2306 2087 2473 2151; x_wconf 90' lang='lat' dir='ltr'>Deus</span> <span class='ocrx_word' id='word_1_233' title='bbox 2506 2090 2755 2152; x_wconf 86' lang='lat' dir='ltr'>sanctae</span> <span class='ocrx_word' id='word_1_234' title='bbox 2792 2088 2967 2154; x_wconf 86' lang='lat' dir='ltr'>Fidei</span> <span class='ocrx_word' id='word_1_235' title='bbox 3012 2089 3111 2152; x_wconf 83' lang='lat' dir='ltr'>Ec-</span> 
     </span>
     <span class='ocr_line' id='line_1_21' title="bbox 658 2187 3109 2271; baseline 0.002 -20"><span class='ocrx_word' id='word_1_236' title='bbox 658 2187 1006 2271; x_wconf 85' lang='lat' dir='ltr'>clesiaeque</span> <span class='ocrx_word' id='word_1_237' title='bbox 1055 2191 1433 2271; x_wconf 88' lang='lat' dir='ltr'>protectores</span> <span class='ocrx_word' id='word_1_238' title='bbox 1486 2209 1616 2254; x_wconf 88' lang='lat' dir='ltr'>esse</span> <span class='ocrx_word' id='word_1_239' title='bbox 1669 2190 1891 2266; x_wconf 85' lang='lat' dir='ltr'>voluit,</span> <span class='ocrx_word' id='word_1_240' title='bbox 1940 2189 2038 2254; x_wconf 89' lang='lat' dir='ltr'>ius</span> <span class='ocrx_word' id='word_1_241' title='bbox 2089 2209 2271 2253; x_wconf 88' lang='lat' dir='ltr'>suum</span> <span class='ocrx_word' id='word_1_242' title='bbox 2321 2189 2625 2255; x_wconf 83' lang='lat' dir='ltr'>Ecclesiae</span> <span class='ocrx_word' id='word_1_243' title='bbox 2672 2191 2940 2269; x_wconf 84' lang='lat' dir='ltr'>restitui,</span> <span class='ocrx_word' id='word_1_244' title='bbox 2998 2211 3109 2256; x_wconf 89' lang='lat' dir='ltr'>non</span> 
     </span>
     <span class='ocr_line' id='line_1_22' title="bbox 657 2292 3106 2378; baseline 0.002 -22"><span class='ocrx_word' id='word_1_245' title='bbox 657 2293 908 2356; x_wconf 86' lang='lat' dir='ltr'>tantum</span> <span class='ocrx_word' id='word_1_246' title='bbox 956 2311 1086 2356; x_wconf 87' lang='lat' dir='ltr'>esse</span> <span class='ocrx_word' id='word_1_247' title='bbox 1134 2310 1549 2370; x_wconf 80' lang='lat' dir='ltr'>concessurOS,</span> <span class='ocrx_word' id='word_1_248' title='bbox 1599 2292 1704 2356; x_wconf 92' lang='lat' dir='ltr'>sed</span> <span class='ocrx_word' id='word_1_249' title='bbox 1751 2293 1943 2356; x_wconf 88' lang='lat' dir='ltr'>etiam</span> <span class='ocrx_word' id='word_1_250' title='bbox 1989 2292 2270 2378; x_wconf 75' lang='lat' dir='ltr'>sudetos</span> <span class='ocrx_word' id='word_1_251' title='bbox 2308 2311 2454 2358; x_wconf 86' lang='lat' dir='ltr'>suos</span> <span class='ocrx_word' id='word_1_252' title='bbox 2494 2312 2704 2359; x_wconf 89' lang='lat' dir='ltr'>omnes</span> <span class='ocrx_word' id='word_1_253' title='bbox 2737 2294 2815 2357; x_wconf 90' lang='lat' dir='ltr'>ad</span> <span class='ocrx_word' id='word_1_254' title='bbox 2848 2293 3106 2360; x_wconf 81' lang='lat' dir='ltr'>debitam</span> 
     </span>
     <span class='ocr_line' id='line_1_23' title="bbox 657 2394 3108 2479; baseline 0.001 -21"><span class='ocrx_word' id='word_1_255' title='bbox 657 2414 805 2479; x_wconf 87' lang='lat' dir='ltr'>erga</span> <span class='ocrx_word' id='word_1_256' title='bbox 852 2395 1106 2468; x_wconf 87' lang='lat' dir='ltr'>clerum,</span> <span class='ocrx_word' id='word_1_257' title='bbox 1155 2394 1454 2478; x_wconf 85' lang='lat' dir='ltr'>parochos</span> <span class='ocrx_word' id='word_1_258' title='bbox 1488 2397 1550 2459; x_wconf 91' lang='lat' dir='ltr'>et</span> <span class='ocrx_word' id='word_1_259' title='bbox 1588 2395 1932 2476; x_wconf 87' lang='lat' dir='ltr'>superiores</span> <span class='ocrx_word' id='word_1_260' title='bbox 1983 2395 2221 2460; x_wconf 87' lang='lat' dir='ltr'>ordines</span> <span class='ocrx_word' id='word_1_261' title='bbox 2269 2397 2675 2461; x_wconf 78' lang='lat' dir='ltr'>reverentiam</span> <span class='ocrx_word' id='word_1_262' title='bbox 2721 2403 3108 2463; x_wconf 76' lang='lat' dir='ltr'>revocaturos</span> 
     </span>
     <span class='ocr_line' id='line_1_24' title="bbox 658 2495 3113 2582; baseline 0 -22"><span class='ocrx_word' id='word_1_263' title='bbox 658 2516 769 2560; x_wconf 84' lang='lat' dir='ltr'>nec</span> <span class='ocrx_word' id='word_1_264' title='bbox 815 2497 1242 2579; x_wconf 53' lang='lat' dir='ltr'>permissuros</span> <span class='ocrx_word' id='word_1_265' title='bbox 1282 2499 1354 2561; x_wconf 89' lang='lat' dir='ltr'>ut</span> <span class='ocrx_word' id='word_1_266' title='bbox 1385 2495 1688 2576; x_wconf 73' lang='lat' dir='ltr'>officiales</span> <span class='ocrx_word' id='word_1_267' title='bbox 1722 2501 1837 2559; x_wconf 77' lang='lat' dir='ltr'>aut</span> <span class='ocrx_word' id='word_1_268' title='bbox 1872 2495 2202 2576; x_wconf 74' lang='lat' dir='ltr'>inferiores</span> <span class='ocrx_word' id='word_1_269' title='bbox 2247 2499 2676 2582; x_wconf 68' lang='lat' dir='ltr'>nzayv&#39;stratm,</span> <span class='ocrx_word' id='word_1_270' title='bbox 2707 2498 3030 2564; x_wconf 76' lang='lat' dir='ltr'>Ecclesiae</span> <span class='ocrx_word' id='word_1_271' title='bbox 3058 2502 3113 2562; x_wconf 76' lang='lat' dir='ltr'>et</span> 
     </span>
     <span class='ocr_line' id='line_1_25' title="bbox 651 2584 3109 2679; baseline 0.002 -18"><span class='ocrx_word' id='word_1_272' title='bbox 651 2620 1073 2679; x_wconf 73' lang='lat' dir='ltr'>personarum</span> <span class='ocrx_word' id='word_1_273' title='bbox 1097 2584 1653 2663; x_wconf 67' lang='lat' dir='ltr'>ecclesiasticarum</span> <span class='ocrx_word' id='word_1_274' title='bbox 1669 2601 1997 2663; x_wconf 66' lang='lat' dir='ltr'>inam-unita</span> <span class='ocrx_word' id='word_1_275' title='bbox 2006 2605 2142 2675; x_wconf 76' lang='lat' dir='ltr'>tem,</span> <span class='ocrx_word' id='word_1_276' title='bbox 2160 2599 2290 2664; x_wconf 74' lang='lat' dir='ltr'>Dei</span> <span class='ocrx_word' id='word_1_277' title='bbox 2312 2601 2704 2667; x_wconf 77' lang='lat' dir='ltr'>ordinatione</span> <span class='ocrx_word' id='word_1_278' title='bbox 2723 2607 2786 2665; x_wconf 78' lang='lat' dir='ltr'>et</span> <span class='ocrx_word' id='word_1_279' title='bbox 2804 2603 3109 2667; x_wconf 73' lang='lat' dir='ltr'>canmtz&#39;cis</span> 
     </span>
     <span class='ocr_line' id='line_1_26' title="bbox 664 2702 3107 2788; baseline 0.004 -27"><span class='ocrx_word' id='word_1_280' title='bbox 664 2702 1094 2765; x_wconf 70' lang='lat' dir='ltr'>sanctionibus</span> <span class='ocrx_word' id='word_1_281' title='bbox 1117 2703 1535 2777; x_wconf 67' lang='lat' dir='ltr'>constitutam,</span> <span class='ocrx_word' id='word_1_282' title='bbox 1563 2703 1770 2784; x_wconf 88' lang='lat' dir='ltr'>aliquo</span> <span class='ocrx_word' id='word_1_283' title='bbox 1797 2704 2155 2788; x_wconf 82' lang='lat' dir='ltr'>cupiditatis</span> <span class='ocrx_word' id='word_1_284' title='bbox 2188 2703 2395 2769; x_wconf 89' lang='lat' dir='ltr'>studio</span> <span class='ocrx_word' id='word_1_285' title='bbox 2427 2724 2536 2771; x_wconf 87' lang='lat' dir='ltr'>seu</span> <span class='ocrx_word' id='word_1_286' title='bbox 2566 2706 3107 2773; x_wconf 86' lang='lat' dir='ltr'>inconsideratione</span> 
     </span>
     <span class='ocr_line' id='line_1_27' title="bbox 662 2805 3105 2890; baseline 0.002 -21"><span class='ocrx_word' id='word_1_287' title='bbox 662 2805 870 2886; x_wconf 87' lang='lat' dir='ltr'>aliqua</span> <span class='ocrx_word' id='word_1_288' title='bbox 898 2805 1150 2885; x_wconf 81' lang='lat' dir='ltr'>violent,</span> <span class='ocrx_word' id='word_1_289' title='bbox 1179 2806 1284 2871; x_wconf 88' lang='lat' dir='ltr'>sed</span> <span class='ocrx_word' id='word_1_290' title='bbox 1301 2826 1425 2870; x_wconf 89' lang='lat' dir='ltr'>una</span> <span class='ocrx_word' id='word_1_291' title='bbox 1450 2826 1590 2870; x_wconf 89' lang='lat' dir='ltr'>cum</span> <span class='ocrx_word' id='word_1_292' title='bbox 1623 2807 1773 2889; x_wconf 88' lang='lat' dir='ltr'>ipsis</span> <span class='ocrx_word' id='word_1_293' title='bbox 1806 2808 2182 2890; x_wconf 88' lang='lat' dir='ltr'>principibus</span> <span class='ocrx_word' id='word_1_294' title='bbox 2207 2808 2480 2872; x_wconf 87' lang='lat' dir='ltr'>debitam</span> <span class='ocrx_word' id='word_1_295' title='bbox 2504 2808 2693 2873; x_wconf 86' lang='lat' dir='ltr'>sacris</span> <span class='ocrx_word' id='word_1_296' title='bbox 2719 2808 3105 2876; x_wconf 86' lang='lat' dir='ltr'>Summorum</span> 
     </span>
     <span class='ocr_line' id='line_1_28' title="bbox 659 2906 3104 2995; baseline 0.002 -24"><span class='ocrx_word' id='word_1_297' title='bbox 659 2907 1035 2972; x_wconf 87' lang='lat' dir='ltr'>Pontificum</span> <span class='ocrx_word' id='word_1_298' title='bbox 1068 2912 1131 2973; x_wconf 86' lang='lat' dir='ltr'>et</span> <span class='ocrx_word' id='word_1_299' title='bbox 1169 2906 1585 2974; x_wconf 87' lang='lat' dir='ltr'>Conciliorum</span> <span class='ocrx_word' id='word_1_300' title='bbox 1618 2909 2169 2975; x_wconf 86' lang='lat' dir='ltr'>constitutionibus</span> <span class='ocrx_word' id='word_1_301' title='bbox 2203 2911 2660 2976; x_wconf 84' lang='lat' dir='ltr'>observantiam</span> <span class='ocrx_word' id='word_1_302' title='bbox 2707 2916 3022 2995; x_wconf 83' lang='lat' dir='ltr'>praestent</span> <span class='ocrx_word' id='word_1_303' title='bbox 3051 2940 3104 2975; x_wconf 82' lang='lat'>».</span> 
     </span>
     <span class='ocr_line' id='line_1_29' title="bbox 657 3008 1866 3075; baseline 0.002 -2"><span class='ocrx_word' id='word_1_304' title='bbox 657 3008 750 3073; x_wconf 87' lang='lat' dir='ltr'>Cf.</span> <span class='ocrx_word' id='word_1_305' title='bbox 791 3013 869 3075; x_wconf 89' lang='lat' dir='ltr'>tr.</span> <span class='ocrx_word' id='word_1_306' title='bbox 911 3011 1022 3075; x_wconf 87' lang='lat' dir='ltr'>IX.</span> <span class='ocrx_word' id='word_1_307' title='bbox 1071 3032 1120 3075; x_wconf 90' lang='lat' dir='ltr'>c.</span> <span class='ocrx_word' id='word_1_308' title='bbox 1159 3014 1217 3075; x_wconf 84' lang='lat'>2.</span> <span class='ocrx_word' id='word_1_309' title='bbox 1254 3012 1328 3073; x_wconf 81' lang='lat' dir='ltr'>de</span> <span class='ocrx_word' id='word_1_310' title='bbox 1359 3010 1595 3075; x_wconf 72' lang='lat' dir='ltr'>Privz&#39;l.</span> <span class='ocrx_word' id='word_1_311' title='bbox 1643 3010 1866 3075; x_wconf 62' lang='lat' dir='ltr'>merie.</span> 
     </span>
    </p>

    <p class='ocr_par' dir='ltr' id='par_1_5' title="bbox 657 3113 3108 3486">
     <span class='ocr_line' id='line_1_30' title="bbox 751 3113 3108 3199; baseline 0.002 -21"><span class='ocrx_word' id='word_1_312' title='bbox 751 3113 1074 3179; x_wconf 88' lang='lat' dir='ltr'>Ordinatio</span> <span class='ocrx_word' id='word_1_313' title='bbox 1109 3118 1319 3180; x_wconf 86' lang='lat' dir='ltr'>autem</span> <span class='ocrx_word' id='word_1_314' title='bbox 1368 3135 1416 3179; x_wconf 80' lang='lat' dir='ltr'>s,</span> <span class='ocrx_word' id='word_1_315' title='bbox 1468 3113 1699 3199; x_wconf 77' lang='lat' dir='ltr'>Synodi</span> <span class='ocrx_word' id='word_1_316' title='bbox 1744 3115 2039 3198; x_wconf 81' lang='lat' dir='ltr'>supponit</span> <span class='ocrx_word' id='word_1_317' title='bbox 2069 3116 2372 3199; x_wconf 87' lang='lat' dir='ltr'>principes</span> <span class='ocrx_word' id='word_1_318' title='bbox 2403 3116 2772 3181; x_wconf 85' lang='lat' dir='ltr'>christianos</span> <span class='ocrx_word' id='word_1_319' title='bbox 2812 3121 2874 3183; x_wconf 92' lang='lat' dir='ltr'>et</span> <span class='ocrx_word' id='word_1_320' title='bbox 2912 3120 3108 3182; x_wconf 85' lang='lat' dir='ltr'>catho-</span> 
     </span>
     <span class='ocr_line' id='line_1_31' title="bbox 657 3217 3107 3304; baseline 0.002 -25"><span class='ocrx_word' id='word_1_321' title='bbox 657 3217 834 3293; x_wconf 84' lang='lat' dir='ltr'>licos,</span> <span class='ocrx_word' id='word_1_322' title='bbox 873 3222 1007 3282; x_wconf 74' lang='lat' dir='ltr'>tiun</span> <span class='ocrx_word' id='word_1_323' title='bbox 1041 3218 1304 3302; x_wconf 87' lang='lat' dir='ltr'>supponi</span> <span class='ocrx_word' id='word_1_324' title='bbox 1338 3217 1599 3281; x_wconf 87' lang='lat' dir='ltr'>ulterius</span> <span class='ocrx_word' id='word_1_325' title='bbox 1632 3218 1897 3293; x_wconf 87' lang='lat' dir='ltr'>deberet,</span> <span class='ocrx_word' id='word_1_326' title='bbox 1930 3218 2373 3301; x_wconf 84' lang='lat' dir='ltr'>rempublicam</span> <span class='ocrx_word' id='word_1_327' title='bbox 2419 3220 2660 3304; x_wconf 87' lang='lat' dir='ltr'>legibus</span> <span class='ocrx_word' id='word_1_328' title='bbox 2691 3221 3107 3287; x_wconf 85' lang='lat' dir='ltr'>consentaneis</span> 
     </span>
     <span class='ocr_line' id='line_1_32' title="bbox 661 3319 3105 3407; baseline 0.002 -26"><span class='ocrx_word' id='word_1_329' title='bbox 661 3319 1024 3402; x_wconf 85' lang='lat' dir='ltr'>disciplinae</span> <span class='ocrx_word' id='word_1_330' title='bbox 1072 3319 1413 3384; x_wconf 83' lang='lat' dir='ltr'>catholicae</span> <span class='ocrx_word' id='word_1_331' title='bbox 1463 3320 1903 3384; x_wconf 83' lang='lat' dir='ltr'>administrari.</span> <span class='ocrx_word' id='word_1_332' title='bbox 1952 3319 2183 3384; x_wconf 80' lang='lat' dir='ltr'>Verum</span> <span class='ocrx_word' id='word_1_333' title='bbox 2230 3321 2376 3403; x_wconf 88' lang='lat' dir='ltr'>qnid</span> <span class='ocrx_word' id='word_1_334' title='bbox 2424 3321 2488 3385; x_wconf 88' lang='lat' dir='ltr'>in</span> <span class='ocrx_word' id='word_1_335' title='bbox 2535 3321 2714 3386; x_wconf 88' lang='lat' dir='ltr'>terris</span> <span class='ocrx_word' id='word_1_336' title='bbox 2770 3323 3105 3407; x_wconf 85' lang='lat' dir='ltr'>contingat,</span> 
     </span>
     <span class='ocr_line' id='line_1_33' title="bbox 659 3420 1158 3486; baseline 0.004 -3"><span class='ocrx_word' id='word_1_337' title='bbox 659 3420 890 3484; x_wconf 85' lang='lat' dir='ltr'>norunt</span> <span class='ocrx_word' id='word_1_338' title='bbox 929 3440 1158 3486; x_wconf 71' lang='lat' dir='ltr'>omnes</span> 
     </span>
    </p>

    <p class='ocr_par' dir='ltr' id='par_1_6' title="bbox 660 3522 3111 3693">
     <span class='ocr_line' id='line_1_34' title="bbox 748 3522 3111 3611; baseline 0.003 -27"><span class='ocrx_word' id='word_1_339' title='bbox 748 3522 926 3586; x_wconf 87' lang='lat' dir='ltr'>Hanc</span> <span class='ocrx_word' id='word_1_340' title='bbox 963 3524 1404 3589; x_wconf 84' lang='lat' dir='ltr'>resolutionem</span> <span class='ocrx_word' id='word_1_341' title='bbox 1452 3545 1499 3589; x_wconf 90' lang='lat' dir='ltr'>s.</span> <span class='ocrx_word' id='word_1_342' title='bbox 1536 3525 1890 3607; x_wconf 86' lang='lat' dir='ltr'>Alphonsus</span> <span class='ocrx_word' id='word_1_343' title='bbox 1925 3523 2153 3599; x_wconf 84' lang='lat' dir='ltr'>omisit,</span> <span class='ocrx_word' id='word_1_344' title='bbox 2190 3524 2267 3588; x_wconf 88' lang='lat' dir='ltr'>ob</span> <span class='ocrx_word' id='word_1_345' title='bbox 2298 3524 2652 3607; x_wconf 74' lang='lat' dir='ltr'>tyrannides</span> <span class='ocrx_word' id='word_1_346' title='bbox 2686 3526 2862 3611; x_wconf 86' lang='lat' dir='ltr'>regni</span> <span class='ocrx_word' id='word_1_347' title='bbox 2898 3546 3111 3610; x_wconf 51' lang='lat' dir='ltr'>neapo‘</span> 
     </span>
     <span class='ocr_line' id='line_1_35' title="bbox 660 3625 1559 3693; baseline 0.004 -6"><span class='ocrx_word' id='word_1_348' title='bbox 660 3625 861 3689; x_wconf 86' lang='lat' dir='ltr'>litani.</span> <span class='ocrx_word' id='word_1_349' title='bbox 897 3626 1037 3690; x_wconf 90' lang='lat' dir='ltr'>Vid.</span> <span class='ocrx_word' id='word_1_350' title='bbox 1073 3626 1177 3691; x_wconf 89' lang='lat' dir='ltr'>lib.</span> <span class='ocrx_word' id='word_1_351' title='bbox 1218 3628 1273 3691; x_wconf 90' lang='lat'>1.</span> <span class='ocrx_word' id='word_1_352' title='bbox 1317 3649 1373 3693; x_wconf 91' lang='lat' dir='ltr'>n.</span> <span class='ocrx_word' id='word_1_353' title='bbox 1414 3628 1559 3692; x_wconf 76' lang='lat'>155.</span> 
     </span>
    </p>

    <p class='ocr_par' dir='ltr' id='par_1_7' title="bbox 666 3724 3108 3919">
     <span class='ocr_line' id='line_1_36' title="bbox 745 3724 3108 3814; baseline -0.002 -15"><span class='ocrx_word' id='word_1_354' title='bbox 745 3724 935 3799; x_wconf 73' lang='grc'>342.</span> <span class='ocrx_word' id='word_1_355' title='bbox 971 3728 1066 3794; x_wconf 87' lang='lat' dir='ltr'>Ad</span> <span class='ocrx_word' id='word_1_356' title='bbox 1116 3730 1390 3813; x_wconf 85' lang='lat' dir='ltr'>aliquam</span> <span class='ocrx_word' id='word_1_357' title='bbox 1438 3731 1932 3814; x_wconf 80' lang='lat' dir='ltr'>explanationem</span> <span class='ocrx_word' id='word_1_358' title='bbox 1965 3749 2197 3806; x_wconf 80' lang='lat' dir='ltr'>eorum,</span> <span class='ocrx_word' id='word_1_359' title='bbox 2248 3750 2405 3812; x_wconf 86' lang='lat' dir='ltr'>quae</span> <span class='ocrx_word' id='word_1_360' title='bbox 2445 3731 2631 3795; x_wconf 90' lang='lat' dir='ltr'>habet</span> <span class='ocrx_word' id='word_1_361' title='bbox 2659 3730 2920 3809; x_wconf 84' lang='lat' dir='ltr'>Auctor,</span> <span class='ocrx_word' id='word_1_362' title='bbox 2969 3733 3108 3797; x_wconf 86' lang='lat' dir='ltr'>haec</span> 
     </span>
     <span class='ocr_line' id='line_1_37' title="bbox 666 3832 2424 3919; baseline 0.001 -26"><span class='ocrx_word' id='word_1_363' title='bbox 666 3832 959 3896; x_wconf 85' lang='lat' dir='ltr'>notamus</span> <span class='ocrx_word' id='word_1_364' title='bbox 994 3852 1063 3897; x_wconf 83' lang='lat' dir='ltr'>ex</span> <span class='ocrx_word' id='word_1_365' title='bbox 1097 3832 1438 3919; x_wconf 86' lang='lat' dir='ltr'>Roneaglia</span> <span class='ocrx_word' id='word_1_366' title='bbox 1472 3832 1544 3895; x_wconf 81' lang='lat' dir='ltr'>de</span> <span class='ocrx_word' id='word_1_367' title='bbox 1576 3832 1795 3914; x_wconf 69' lang='lat' dir='ltr'>Leyib.</span> <span class='ocrx_word' id='word_1_368' title='bbox 1830 3835 2068 3915; x_wconf 90' lang='lat' dir='ltr'>quaest.</span> <span class='ocrx_word' id='word_1_369' title='bbox 2104 3834 2164 3896; x_wconf 76' lang='lat'>3.</span> <span class='ocrx_word' id='word_1_370' title='bbox 2198 3852 2329 3916; x_wconf 82' lang='lat' dir='ltr'>cap.</span> <span class='ocrx_word' id='word_1_371' title='bbox 2366 3834 2424 3896; x_wconf 79' lang='lat'>2.</span> 
     </span>
    </p>

    <p class='ocr_par' dir='ltr' id='par_1_8' title="bbox 657 3934 3109 4529">
     <span class='ocr_line' id='line_1_38' title="bbox 751 3934 3109 4019; baseline 0.002 -23"><span class='ocrx_word' id='word_1_372' title='bbox 751 3935 799 3997; x_wconf 92' lang='grc' dir='ltr'>Ι.</span> <span class='ocrx_word' id='word_1_373' title='bbox 835 3934 892 3996; x_wconf 88' lang='lat' dir='ltr'>N</span> <span class='ocrx_word' id='word_1_374' title='bbox 898 3954 975 3999; x_wconf 91' lang='lat' dir='ltr'>on</span> <span class='ocrx_word' id='word_1_375' title='bbox 1012 3935 1295 4019; x_wconf 85' lang='lat' dir='ltr'>obligant</span> <span class='ocrx_word' id='word_1_376' title='bbox 1327 3935 1576 3999; x_wconf 88' lang='lat' dir='ltr'>clericos</span> <span class='ocrx_word' id='word_1_377' title='bbox 1607 3935 1775 4017; x_wconf 83' lang='lat' dir='ltr'>leges</span> <span class='ocrx_word' id='word_1_378' title='bbox 1809 3935 2017 3999; x_wconf 87' lang='lat' dir='ltr'>civiles</span> <span class='ocrx_word' id='word_1_379' title='bbox 2050 3934 2440 4018; x_wconf 84' lang='lat' dir='ltr'>disponentes</span> <span class='ocrx_word' id='word_1_380' title='bbox 2474 3934 2545 3999; x_wconf 90' lang='lat' dir='ltr'>de</span> <span class='ocrx_word' id='word_1_381' title='bbox 2576 3935 2762 3998; x_wconf 76' lang='lat' dir='ltr'>rebus</span> <span class='ocrx_word' id='word_1_382' title='bbox 2786 3938 2849 4000; x_wconf 89' lang='lat' dir='ltr'>et</span> <span class='ocrx_word' id='word_1_383' title='bbox 2881 3937 2955 4001; x_wconf 88' lang='lat' dir='ltr'>de</span> <span class='ocrx_word' id='word_1_384' title='bbox 2976 3956 3109 4017; x_wconf 77' lang='lat' dir='ltr'>per·</span> 
     </span>
     <span class='ocr_line' id='line_1_39' title="bbox 659 4036 3109 4121; baseline 0.001 -22"><span class='ocrx_word' id='word_1_385' title='bbox 659 4038 833 4099; x_wconf 72' lang='lat' dir='ltr'>sonis</span> <span class='ocrx_word' id='word_1_386' title='bbox 859 4036 1308 4102; x_wconf 73' lang='lat' dir='ltr'>ecelesiasticis.</span> <span class='ocrx_word' id='word_1_387' title='bbox 1345 4037 1553 4114; x_wconf 80' lang='lat' dir='ltr'>Ratio,</span> <span class='ocrx_word' id='word_1_388' title='bbox 1588 4037 1733 4120; x_wconf 89' lang='lat' dir='ltr'>quia</span> <span class='ocrx_word' id='word_1_389' title='bbox 1768 4037 1853 4101; x_wconf 90' lang='lat' dir='ltr'>ibi</span> <span class='ocrx_word' id='word_1_390' title='bbox 1884 4037 2057 4101; x_wconf 86' lang='lat' dir='ltr'>nulla</span> <span class='ocrx_word' id='word_1_391' title='bbox 2097 4037 2295 4102; x_wconf 88' lang='lat' dir='ltr'>oritur</span> <span class='ocrx_word' id='word_1_392' title='bbox 2329 4037 2649 4121; x_wconf 78' lang='lat' dir='ltr'>obligatiO,</span> <span class='ocrx_word' id='word_1_393' title='bbox 2684 4037 2793 4101; x_wconf 90' lang='lat' dir='ltr'>ubi</span> <span class='ocrx_word' id='word_1_394' title='bbox 2825 4040 2997 4104; x_wconf 87' lang='lat' dir='ltr'>nulla</span> <span class='ocrx_word' id='word_1_395' title='bbox 3023 4039 3109 4103; x_wconf 87' lang='lat' dir='ltr'>est</span> 
     </span>
     <span class='ocr_line' id='line_1_40' title="bbox 662 4137 3107 4222; baseline 0.002 -22"><span class='ocrx_word' id='word_1_396' title='bbox 662 4137 1028 4203; x_wconf 85' lang='lat' dir='ltr'>iurisdictio.</span> <span class='ocrx_word' id='word_1_397' title='bbox 1080 4140 1276 4222; x_wconf 83' lang='lat' dir='ltr'>Atqui</span> <span class='ocrx_word' id='word_1_398' title='bbox 1323 4138 1527 4221; x_wconf 87' lang='lat' dir='ltr'>quoad</span> <span class='ocrx_word' id='word_1_399' title='bbox 1575 4159 1865 4222; x_wconf 85' lang='lat' dir='ltr'>personas</span> <span class='ocrx_word' id='word_1_400' title='bbox 1922 4142 1983 4204; x_wconf 94' lang='lat' dir='ltr'>et</span> <span class='ocrx_word' id='word_1_401' title='bbox 2028 4160 2123 4203; x_wconf 84' lang='lat' dir='ltr'>res</span> <span class='ocrx_word' id='word_1_402' title='bbox 2180 4139 2621 4203; x_wconf 84' lang='lat' dir='ltr'>ecclesiasticas</span> <span class='ocrx_word' id='word_1_403' title='bbox 2675 4140 2817 4204; x_wconf 87' lang='lat' dir='ltr'>laici</span> <span class='ocrx_word' id='word_1_404' title='bbox 2880 4141 3107 4205; x_wconf 85' lang='lat' dir='ltr'>nullam</span> 
     </span>
     <span class='ocr_line' id='line_1_41' title="bbox 667 4240 3109 4326; baseline 0 -24"><span class='ocrx_word' id='word_1_405' title='bbox 667 4241 894 4304; x_wconf 87' lang='lat' dir='ltr'>habent</span> <span class='ocrx_word' id='word_1_406' title='bbox 940 4241 1444 4307; x_wconf 84' lang='lat' dir='ltr'>iurisdictionem.</span> <span class='ocrx_word' id='word_1_407' title='bbox 1496 4242 1659 4326; x_wconf 85' lang='lat' dir='ltr'>Ergo</span> <span class='ocrx_word' id='word_1_408' title='bbox 1707 4241 1913 4307; x_wconf 86' lang='lat' dir='ltr'>clerici</span> <span class='ocrx_word' id='word_1_409' title='bbox 1958 4260 2080 4305; x_wconf 91' lang='lat' dir='ltr'>non</span> <span class='ocrx_word' id='word_1_410' title='bbox 2127 4241 2423 4326; x_wconf 84' lang='lat' dir='ltr'>ligantur.</span> <span class='ocrx_word' id='word_1_411' title='bbox 2473 4241 2633 4305; x_wconf 88' lang='lat' dir='ltr'>Hinc</span> <span class='ocrx_word' id='word_1_412' title='bbox 2672 4240 2733 4305; x_wconf 88' lang='lat' dir='ltr'>in</span> <span class='ocrx_word' id='word_1_413' title='bbox 2771 4261 2905 4326; x_wconf 87' lang='lat' dir='ltr'>cap.</span> <span class='ocrx_word' id='word_1_414' title='bbox 2949 4242 3109 4321; x_wconf 74' lang='lat' dir='ltr'>Quae</span> 
     </span>
     <span class='ocr_line' id='line_1_42' title="bbox 659 4341 3101 4417; baseline 0.001 -14"><span class='ocrx_word' id='word_1_415' title='bbox 659 4341 1060 4408; x_wconf 72' lang='lat' dir='ltr'>eeclesiarum</span> <span class='ocrx_word' id='word_1_416' title='bbox 1109 4345 1165 4408; x_wconf 80' lang='lat'>7.</span> <span class='ocrx_word' id='word_1_417' title='bbox 1216 4344 1289 4407; x_wconf 77' lang='lat' dir='ltr'>de</span> <span class='ocrx_word' id='word_1_418' title='bbox 1346 4343 1826 4408; x_wconf 58' lang='lat' dir='ltr'>Constitutmw</span> <span class='ocrx_word' id='word_1_419' title='bbox 1866 4372 1899 4401; x_wconf 88' lang='lat'>«</span> <span class='ocrx_word' id='word_1_420' title='bbox 1934 4344 2221 4409; x_wconf 77' lang='lat' dir='ltr'>Pervenit</span> <span class='ocrx_word' id='word_1_421' title='bbox 2270 4343 2345 4408; x_wconf 85' lang='lat' dir='ltr'>ad</span> <span class='ocrx_word' id='word_1_422' title='bbox 2385 4342 2763 4408; x_wconf 84' lang='lat' dir='ltr'>audientiam</span> <span class='ocrx_word' id='word_1_423' title='bbox 2811 4346 3101 4417; x_wconf 86' lang='lat' dir='ltr'>nostram,</span> 
     </span>
     <span class='ocr_line' id='line_1_43' title="bbox 657 4444 3103 4529; baseline -0.002 -19"><span class='ocrx_word' id='word_1_424' title='bbox 657 4445 824 4527; x_wconf 91' lang='lat' dir='ltr'>quod</span> <span class='ocrx_word' id='word_1_425' title='bbox 863 4447 1025 4511; x_wconf 70' lang='lat' dir='ltr'>cives</span> <span class='ocrx_word' id='word_1_426' title='bbox 1058 4447 1360 4511; x_wconf 82' lang='lat' dir='ltr'>Tervisini</span> <span class='ocrx_word' id='word_1_427' title='bbox 1409 4448 1886 4525; x_wconf 83' lang='lat' dir='ltr'>constituerunt,</span> <span class='ocrx_word' id='word_1_428' title='bbox 1939 4451 2009 4512; x_wconf 89' lang='lat' dir='ltr'>ut</span> <span class='ocrx_word' id='word_1_429' title='bbox 2058 4447 2107 4510; x_wconf 88' lang='lat' dir='ltr'>si</span> <span class='ocrx_word' id='word_1_430' title='bbox 2149 4446 2285 4528; x_wconf 85' lang='lat' dir='ltr'>quis</span> <span class='ocrx_word' id='word_1_431' title='bbox 2320 4467 2382 4510; x_wconf 88' lang='lat' dir='ltr'>se</span> <span class='ocrx_word' id='word_1_432' title='bbox 2422 4445 2498 4510; x_wconf 90' lang='lat' dir='ltr'>ad</span> <span class='ocrx_word' id='word_1_433' title='bbox 2547 4444 2819 4529; x_wconf 88' lang='lat' dir='ltr'>inopiam</span> <span class='ocrx_word' id='word_1_434' title='bbox 2868 4462 3103 4529; x_wconf 78' lang='lat' dir='ltr'>vergere</span> 
     </span>
    </p>
   </div>
   <div class='ocr_carea' id='block_1_5' title="bbox 3417 1852 3425 4376">
    <p class='ocr_par' dir='ltr' id='par_1_9' title="bbox 3417 1852 3425 4376">
     <span class='ocr_line' id='line_1_44' title="bbox 3417 1852 3425 4376; baseline 0 0"><span class='ocrx_word' id='word_1_435' title='bbox 3417 1852 3425 4376; x_wconf 95' lang='lat' dir='ltr'> </span> 
     </span>
    </p>
   </div>
  </div>
 </body>
</html>
