3529 5158
690 237 798 291 694
1501 247 1814 288 APPENDIX
1853 247 1893 286 1.
1932 246 2337 288 nissnn‘ra‘rro

691 346 1175 412 Poenitentiario
1222 345 1445 410 maiori
1482 347 1543 410 et
1580 344 1818 429 rogavi,
1859 346 1933 407 ut
1963 362 2118 432 meov
2131 342 2377 408 nomine
2413 362 2782 427 responsum
2815 345 3155 428 requireret

693 469 727 513 a
756 449 1001 533 proprio
1035 447 1274 513 Summi
1304 447 1623 512 Pontificis
1649 467 1772 513 ore.
1794 447 2012 510 Dictus
2033 446 2222 510 Euius
2239 446 2565 523 Dominus,
2591 449 2928 530 postquam
2953 448 3156 513 fuerat

690 550 1054 615 Pontificem
1100 550 1431 628 allocutuS,
1458 548 1776 633 respondit
1809 548 1986 624 mihi,
2025 566 2146 613 non
2179 547 2368 612 fuisse
2406 547 2740 614 damnatas
2778 568 2990 615 omnes
3020 550 3155 615 folii

690 651 1161 735 propositiones
1196 652 1299 717 sed
1347 651 1588 733 aliquae
1620 653 1871 717 tantum
1903 651 1964 715 in
1995 650 2106 715 illo
2141 652 2488 727 contentaS‚
2529 652 2594 715 et
2627 671 2754 714 non
2792 650 3158 715 dczmnatam

689 753 882 833 faisse
928 753 1211 836 aliquam
1243 754 1744 835 propositionum
1791 751 2070 825 illarum,
2120 773 2276 833 quac
2324 752 2763 833 disceptantur
2822 754 2888 817 in
2931 753 3164 819 scholis

692 856 1012 921 catholicis
1048 861 1112 920 et
1151 878 1193 919 a
1222 856 1438 921 mltis
1483 855 1777 919 catholice
1798 857 2288 935 propuynantur
2327 880 2387 919 ».

784 958 941 1024 Cum
977 960 1190 1042 itaque
1227 959 1676 1042 propositiones
1710 976 1940 1034 omnes,
1974 958 2037 1022 in
2069 957 2363 1023 damnato
2396 957 2547 1022 folio
2581 959 2930 1036 contentae,
2957 978 3159 1024 versa—

692 1064 906 1134 rentur
936 1063 1240 1131 exclusive
1272 1062 1433 1127 cirea
1462 1060 1978 1145 probabilismum
2009 1061 2072 1124 et
2105 1077 2316 1125 omnes
2346 1060 2799 1144 probabilismo
2849 1061 3156 1138 faverent3

691 1164 997 1248 quaedam
1045 1167 1255 1229 autem
1301 1184 1372 1229 ex
1404 1164 1480 1228 iis
1527 1164 1723 1227 iustos
1755 1161 2120 1225 eoeceolcrent
2151 1160 2401 1238 limites,
2440 1162 2747 1244 quaedam
2791 1182 2937 1228 vero
2985 1162 3162 1228 iuxta

693 1268 896 1350 ipsum
930 1286 978 1331 s.
1013 1266 1401 1350 Alphonsum
1426 1267 1626 1329 *iustae
1658 1268 1865 1329 essent
1892 1268 1953 1328 et
1975 1265 2330 1329 innocentes
2341 1285 2362 1341 ,·
2389 1264 2466 1329 ad
2500 1264 2907 1331 iudicandum
2946 1267 3159 1331 autem

693 1388 999 1451 quaenam
1032 1388 1101 1433 ex
1133 1368 1414 1435 undecim
1446 1368 1569 1432 illis
1601 1367 2126 1452 propositionibus
2159 1367 2364 1431 iustae
2397 1369 2586 1450 atque
2620 1368 2980 1433 innocentes
3026 1389 3160 1433 een·

695 1470 916 1536 sendae
947 1471 1168 1549 forent,
1203 1490 1250 1535 s,
1285 1471 1639 1554 Alphonsns
1664 1470 1904 1533 nullam
1929 1469 2118 1534 aliam
2149 1488 2434 1535 normam
2463 1488 2528 1534 se
2560 1472 2843 1535 secutum
2869 1471 3159 1536 ostendat

695 1576 937 1656 praeter
983 1593 1031 1637 e.
1070 1572 1499 1655 Inquisitionis
1530 1573 1850 1637 Romanae
1886 1570 2184 1637 iudicium
2217 1574 2279 1635 et
2326 1571 2624 1637 iudicium
2656 1571 2902 1639 Summi
2947 1573 3160 1637 Ponti-

696 1676 846 1751 ficis,
885 1695 1070 1757 quem
1093 1674 1534 1741 consulendum
1567 1675 1727 1738 eirca
1764 1674 1917 1738 haec
1948 1694 2053 1757 per
2091 1672 2480 1739 Cardinalem
2506 1673 2675 1739 Galli
2700 1676 2980 1749 curavitz
3016 1695 3157 1740 cum

695 1777 953 1859 denique
985 1776 1048 1840 vi
1079 1777 1300 1840 horum
1332 1776 1722 1854 iudiciorum,
1747 1777 1958 1856 primo
1990 1775 2236 1857 quidem
2269 1774 2664 1841 declarentur
2694 1775 2983 1842 innoxiae
3017 1797 3160 1861 pro-

694 1879 1048 1963 positioneS,
1098 1900 1255 1960 quae
1302 1878 1728 1961 disceptantur
1775 1880 1844 1941 in.
1890 1877 2117 1941 scholis
2148 1876 2472 1942 catholicis
2501 1882 2565 1941 ct
2606 1899 2650 1942 a
2695 1877 2914 1941 vacellis
2959 1878 3163 1942 catho-

696 1982 809 2046 lice
845 1986 1335 2062 Wopuynant’ur
1380 1982 1829 2065 propositiones
1879 1980 2112 2063 alioqui
2145 1980 2598 2061 probabilismo
2658 1980 2940 2059 faventes
2984 1986 3047 2045 et
3091 1983 3160 2045 in

693 2083 920 2149 scholis
966 2082 1283 2146 catholicis
1329 2084 1703 2163 disceptatae
1743 2084 1806 2147 et
1851 2081 2144 2147 catholice
2178 2085 2615 2166 propa-qnatae
2649 2081 2776 2148 sint
2806 2083 2963 2148 duae
3010 2085 3157 2149 illae

695 2188 754 2252 in
794 2189 994 2270 prima
1040 2185 1348 2250 Avisiensi
1392 2187 1552 2250 thesi
1601 2187 1687 2251 sic
1734 2188 2113 2270 propositae:
2162 2211 2196 2245 «
2244 2186 2417 2251 Licet
2463 2187 2640 2269 sequi
2687 2205 2877 2269 aeque
2935 2188 3157 2270 proba-

694 2291 880 2355 bilem
911 2309 1021 2372 pro
1069 2289 1374 2367 libertate,
1423 2290 1639 2354 relicta
1680 2309 1871 2371 aeque
1907 2289 2216 2372 probabili
2264 2308 2374 2373 pro
2421 2290 2577 2374 lege.
2638 2326 2720 2337 —
2769 2289 2937 2354 Licet
2971 2291 3150 2372 sequi

696 2393 1043 2475 opinionem
1088 2393 1295 2457 minus
1341 2392 1723 2475 probabilem
1793 2411 1902 2475 pro
1968 2393 2279 2465 libertate,
2329 2392 2545 2457 relicta
2593 2390 2996 2475 probabiliori
3039 2411 3154 2474 pro

692 2496 827 2581 lege
875 2520 950 2572 »ς
999 2494 1263 2560 secando
1311 2495 1653 2578 expressius
1723 2495 2068 2559 declaretur
2127 2494 2413 2559 innoxius
2458 2480 2957 2575 probabilismus
3028 2497 3158 2557 tum

692 2597 904 2680 quoad
942 2620 1132 2679 aeque
1171 2597 1579 2678 probabilem,
1632 2601 1760 2660 tanc
1806 2596 2015 2678 quoad
2057 2599 2265 2661 minus
2297 2597 2693 2677 probabilem
2738 2597 3026 2660 libertati
3067 2597 3161 2677 fa-

696 2704 964 2777 cemma,-
1010 2701 1516 2765 manifestissima
1562 2720 1625 2764 se
1672 2700 1881 2782 prodit
1948 2699 2280 2779 conclusio,
2327 2699 2750 2784 probabilismi
2810 2700 3158 2786 genuinum

695 2803 965 2886 systema
1014 2804 1149 2866 tum
1196 2806 1501 2884 quatenus
1547 2802 1818 2867 defendit
1863 2802 2107 2868 licitum
2153 2822 2340 2867 usum
2372 2802 2677 2890 opinionis
2711 2803 3055 2885 probabilis
3087 2823 3158 2868 ac

693 2904 898 2968 minus
944 2905 1120 2969 tutae
1167 2905 1228 2967 in
1276 2923 1578 2968 concursu
1608 2923 1802 2987 aeque
1848 2904 2185 2987 probabilis
2233 2907 2296 2969 et
2341 2904 2619 2981 tutioriS,
2668 2907 2808 2970 tum
2844 2908 3155 2988 quatenns

692 3005 934 3070 licitum
981 3007 1204 3070 asserit
1250 3026 1319 3070 ac
1366 3008 1720 3091 propugnat
1751 3026 1937 3071 usum
1968 3007 2274 3089 opinionis
2307 3007 2518 3072 minus
2544 3007 2885 3094 probabilis
2921 3007 2983 3072 in
3015 3026 3156 3072 con-

693 3127 877 3172 cursu
923 3109 1354 3192 probabilioris
1386 3128 1494 3192 pro
1529 3109 1686 3193 lege,
1721 3128 1757 3172 a
1805 3129 1853 3172 s,
1903 3110 2172 3173 Doctore
2203 3110 2520 3192 Alphonso
2569 3109 2712 3193 post
2755 3110 3156 3192 Apostolicae
3225 3149 3230 3154 -

692 3209 862 3275 Sedis
909 3210 1208 3275 iudicium
1255 3211 1445 3274 etiam
1492 3211 1555 3278 in
1604 3211 1933 3294 postremis
1981 3211 2555 3278 elucubrationibus
2605 3211 2753 3289 suis,
2803 3211 3048 3277 iustum
3095 3215 3161 3278 et

694 3315 1012 3380 innoxium
1058 3313 1375 3379 declarari.

784 3418 888 3480 93.
938 3416 1103 3481 Illud
1149 3416 1575 3500 explicandum
1621 3437 1783 3482 nunc
1829 3422 2128 3501 superest,
2166 3420 2272 3499 qui
2319 3417 2555 3483 factum
2602 3418 2704 3494 sit,
2737 3418 2813 3481 ut
2835 3436 2886 3481 s.
2921 3418 3160 3484 Doctor

692 3519 1046 3603 Alphonsus
1079 3520 1379 3604 deincepS‚
1422 3520 1581 3585 idest
1629 3522 1705 3584 ab
1753 3541 1893 3586 ann.
1941 3521 2128 3585 1762.
2170 3522 2623 3605 praetermissis
2660 3521 2961 3600 thesibus,
2999 3543 3158 3605 quas

599 3686 607 3693 ,
692 3623 990 3706 appositis
1015 3622 1564 3706 disceptationibus
1589 3623 1943 3687 defenderat
1959 3625 2056 3687 vel
2083 3627 2302 3689 eontra
2328 3624 2685 3689 tutioristas
2719 3624 2795 3687 ab
2820 3643 2920 3689 an.
2962 3626 3156 3689 1753.

693 3745 885 3808 usque
920 3725 996 3790 ad
1025 3726 1213 3790 1763.
1250 3727 1321 3791 de
1344 3727 1516 3791 licito
1552 3746 1669 3791 usu
1692 3727 2005 3806 opinionis
2035 3726 2259 3789 saltem
2281 3726 2733 3807 probabilioris
2757 3728 2826 3790 in
2849 3747 3160 3792 concursu

694 3829 1006 3907 opinionis
1062 3827 1417 3908 probabiles
1450 3848 1575 3908 pro
1625 3827 1774 3910 leae,
1823 3829 1920 3894 vel
1967 3829 2183 3893 contra
2239 3829 2779 3911 probabilioristas
2849 3848 2905 3893 a.
2961 3830 3155 3893 1749.

693 3932 757 3995 et
797 3931 985 3995 1755.
1034 3931 1107 3995 (16
1154 3931 1324 3996 licito
1374 3951 1491 3995 usu
1537 3932 1851 4012 opinionis
1885 3930 2238 4012 probabilis
2270 3932 2339 3995 in
2370 3951 2673 3996 concursu
2696 3931 3157 4012 probabiliores

686 4054 803 4113 pro
839 4033 988 4116 leye,
1026 4034 1506 4118 propugnandae
1552 4055 1621 4099 ac
1659 4035 2039 4100 roborandae
2086 4036 2433 4119 postremae
2480 4035 2642 4100 thesi
2691 4034 2765 4099 de
2812 4035 2987 4099 licito
3035 4054 3152 4099 usu

693 4138 997 4220 opinionis
1031 4137 1364 4220 probabilis
1398 4139 1603 4202 minus
1634 4138 1829 4214 tutae,
1866 4138 2093 4202 omissa
2127 4137 2352 4202 tutiori
2388 4157 2579 4220 aeque
2617 4136 2944 4221 probabili,
2977 4137 3151 4201 totus

696 4239 1009 4303 institerit.
1046 4239 1125 4302 Et
1170 4239 1312 4302 hinc
1352 4239 1599 4320 quidem
1645 4239 2012 4304 recentiores
2059 4239 2334 4321 quidam,
2383 4240 2488 4321 qui
2539 4238 3154 4323 aequiprobabilismi

693 4341 964 4425 systema
1002 4343 1361 4406 inchoatum
1409 4346 1471 4407 et
1517 4341 1831 4407 invectum
1872 4361 1907 4405 a
1942 4362 1988 4407 s.
2025 4343 2290 4408 Doctore
2325 4344 2537 4407 tenent
2562 4362 2704 4407 ann.
2743 4341 2960 4414 1762..
2997 4342 3155 4407 hano

694 4443 1039 4525 opinionem
1088 4443 1440 4507 confirmari
1486 4444 1734 4525 putant,
1785 4445 1950 4526 quod
1998 4464 2045 4508 s.
2101 4446 2330 4508 Doctor
2373 4444 2769 4528 postmodum
2824 4462 3020 4526 usque
3077 4443 3152 4508 ad

696 4545 860 4608 vitae
898 4545 1131 4607 exitum
1166 4564 1273 4626 pro
1309 4545 1421 4607 hac
1455 4545 2062 4627 aequiprobabilismi
2087 4546 2367 4611 doctrina
2399 4565 2674 4630 pugnare
2706 4546 3061 4629 perrexerit.
