3529 5158
722 312 828 367 682
1538 329 1853 370 Appmnrx
1891 330 1930 370 1.
1977 328 2376 371 mssaau'no

723 426 900 492 licet:
935 453 968 487 «
1000 428 1151 509 quia
1183 426 1286 490 lex
1322 430 1394 488 ul
1427 425 1673 508 obliget,
1708 425 1887 491 debet
1915 447 2045 492 esse
2075 428 2464 509 sufficimur
2511 426 2806 491 intimata
2835 452 2899 491 ».
2934 424 3191 492 Conclu-

723 532 955 595 sionem
1003 529 1166 595 enim
1212 548 1321 611 pro
1370 529 1530 594 thesi
1580 549 1693 594 sua
1724 549 1773 593 s.
1812 531 2044 595 Doctor
2076 530 2234 594 hanc
2265 529 2513 593 unicam
2558 528 2700 594 inde
2728 529 2918 593 infert
2948 550 3009 594 n.
3045 531 3185 594 38.:

730 659 765 691 α
797 634 982 697 Patet
1012 632 1208 716 igitur
1239 651 1310 695 81
1342 632 1622 714 praefato
1662 633 1838 696 textu
1871 651 1919 696 8.
1956 632 2253 709 Thomae,
2281 631 2483 716 legem
2515 650 2639 696 non
2670 649 2850 714 posse
2882 630 3005 695 dici
3035 632 3188 697 satis

721 735 1079 799 intimatam
1113 754 1234 812 per
1279 732 1478 796 solam
1514 734 1866 812 opinionem
1897 733 2454 813 probabiliorem...
2496 734 2661 818 Ergo
2709 734 2958 798 etiamsi
3003 734 3192 799 alicui

708 836 1109 918 probabilius
1152 839 1476 916 appareat,
1511 836 1720 901 adesse
1767 837 1969 921 legem
2018 838 2478 919 prohibentem;
2526 837 2743 920 nequit
2790 840 2999 902 tamen
3046 837 3189 917 dici,

723 940 887 1023 quod
933 941 1063 1022 ipse
1108 939 1310 1023 legem
1358 939 1531 1015 sciat,
1582 938 1828 1021 quando
1877 930 2279 1022 probabiliter
2333 938 2534 1004 adhuc
2591 940 2798 1023 putat,
2847 939 3023 1003 illam
3068 958 3192 1004 non

726 1042 1016 1107 exsistere
1055 1067 1116 1105 ».

815 1143 1271 1210 Concludamus
1304 1144 1537 1225 itaque,
1571 1144 1985 1227 suspicionem
2017 1143 2174 1208 forte
2213 1143 2399 1208 alicui
2431 1144 2736 1224 obortam,
2777 1144 2946 1226 quod
2983 1144 3048 1207 in
3077 1142 3194 1206 hac

725 1247 1175 1311 Dissertatione
1201 1265 1250 1310 s.
1277 1246 1511 1311 Doctor
1538 1245 1968 1310 vindicandam
1992 1246 2324 1328 sumpserit
2354 1264 2426 1310 ex
2449 1245 2723 1329 professo
2750 1246 2943 1310 aliam
2974 1245 3197 1310 doctri-

728 1369 893 1427 nam,
919 1368 1107 1430 quam
1139 1369 1297 1431 quae
1330 1350 1836 1414 communissima
1868 1350 2173 1414 sententia
2198 1349 2276 1413 ab
2306 1349 2441 1431 ipso
2476 1349 2848 1433 appellatur,
2875 1368 3096 1432 nempe
3126 1348 3192 1412 li·

726 1452 921 1517 citum
955 1470 1085 1515 esse
1109 1470 1292 1515 usum
1328 1451 1633 1533 opinionis
1659 1452 1996 1533 probabilis
2019 1452 2084 1515 in
2116 1470 2420 1516 concursu
2440 1451 2876 1535 probabilioris
2900 1451 3191 1536 prolege,

727 1555 885 1619 hanc
916 1554 1346 1637 suspicionem,
1374 1555 1648 1636 inquam,
1678 1555 1847 1619 omni
1877 1574 2080 1619 carere
2110 1554 2514 1620 fundamento
2548 1556 2612 1620 et
2641 1573 2712 1619 ex
2737 1554 3127 1638 argumentis
3158 1572 3193 1616 a

723 1676 771 1721 s.
813 1658 1082 1721 Doctore
1117 1655 1417 1720 adhibitis
1449 1675 1559 1739 pro
1595 1675 1706 1719 sua
1740 1657 1902 1721 thesi
1933 1656 2237 1721 firmanda
2269 1675 2521 1740 prorsus
2554 1656 2801 1721 inanem
2833 1675 3148 1740 apparere.

819 1760 921 1823 79.
966 1758 1196 1823 Eadem
1247 1758 1457 1827 autem
1505 1758 1663 1822 redit
1708 1758 2040 1835 conclusio,
2091 1758 2145 1823 si
2190 1758 2651 1823 considerentur
2698 1757 3190 1823 adversariorum

728 1861 1118 1938 obiectioneS,
1138 1879 1293 1942 quas
1318 1861 1433 1924 sibi
1460 1860 1785 1924 solvendas
1812 1881 1858 1924 s.
1888 1861 2122 1925 Doctor
2152 1860 2460 1943 proponit,
2488 1860 2881 1936 obiectioneS,
2916 1859 3193 1942 inquam,

726 1982 849 2028 uon
896 1982 1054 2044 quae
1086 1962 1398 2045 impetunt
1434 1963 1746 2046 generalia
1780 1962 2079 2047 principia
2113 1964 2190 2027 ad
2229 1962 2456 2028 thesim
2486 1962 2884 2027 evincendam
2924 1982 2962 2026 a
2994 1982 3043 2027 s.
3079 1963 3198 2026 Do·

728 2067 897 2129 ctore
930 2064 1211 2129 adhibita
1242 2086 1301 2127 n.
1342 2084 1563 2147 praee„
1601 2065 1705 2128 sed
1743 2084 1901 2146 quae
1941 2066 2167 2129 thesim
2201 2066 2401 2149 ipsam
2439 2084 2545 2147 per
2582 2085 2646 2130 se
2681 2065 3016 2148 impetunt.

819 2169 919 2232 Ita
958 2188 1014 2231 v.
1049 2189 1142 2252 gr.
1172 2188 1230 2231 u.
1262 2168 1364 2231 23.
1400 2168 1507 2231 ubi
1542 2188 1589 2231 s.
1625 2168 1860 2232 Doctor
1892 2168 2008 2232 sibi
2044 2167 2284 2233 obiicit:
2318 2193 2353 2225 ‹
2386 2167 2701 2232 Obiiciunt
2732 2166 2795 2231 et
2826 2166 2913 2230 sic
2944 2166 3195 2231 dicunt:

731 2272 931 2337 omnis
963 2272 1125 2336 actio
1161 2272 1234 2334 ut
1280 2271 1364 2335 sit
1409 2271 1689 2347 honesta,
1739 2270 2180 2335 conformanda
2217 2272 2313 2334 est
2358 2270 2482 2354 legi
2528 2271 2843 2343 aeternae:
2879 2267 3198 2349 quomodo

729 2375 926 2459 igitur
959 2373 1166 2457 potest
1198 2372 1407 2454 aliqua
1442 2373 1604 2436 actio
1638 2392 1769 2437 esse
1800 2373 2077 2450 honesta,
2107 2372 2160 2436 si
2189 2372 2400 2435 minus
2416 2369 2830 2451 probabiliter
2859 2369 3199 2434 conformis

733 2480 1018 2542 aeternae
1046 2476 1172 2561 legi
1212 2478 1513 2558 apparet?
1545 2500 1580 2533 »

822 2581 982 2643 Item
1012 2601 1071 2643 n.
1109 2579 1244 2642 24.:
1272 2603 1307 2637 ‹
1340 2577 1661 2658 Quomodo
1710 2578 2041 2662 prudenter
2089 2596 2270 2662 agere
2307 2575 2428 2641 dici
2472 2575 2723 2659 poterit,
2763 2574 2872 2657 qui
2921 2574 3200 2658 aliquam

731 2683 1081 2766 opinionem
1113 2685 1299 2764 putat
1336 2682 1544 2744 'ninus
1568 2679 1962 2761 probabilem
1998 2682 2062 2745 et
2097 2700 2234 2744 eam
2265 2680 2586 2745 sectatur?
2617 2704 2654 2736 »

820 2786 980 2850 Item
1003 2805 1062 2848 n.
1091 2786 1220 2847 32.:
1247 2807 1282 2843 «
1300 2783 1581 2863 Quando,
1608 2784 1821 2848 dicunt
1844 2782 2257 2866 (adversarii),
2278 2801 2387 2866 pro
2411 2782 2550 2867 lege
2559 2779 2960 2862 probabilior
2991 2780 3200 2861 opinio

730 2908 838 2953 seu
872 2888 1034 2952 ratio
1070 2886 1328 2961 assistit,
1372 2889 1471 2950 sat
1501 2886 1611 2949 illa
1644 2886 1844 2970 legem
1884 2885 2153 2950 elucidat
2189 2887 2253 2949 et
2290 2884 2368 2948 ad
2397 2884 2599 2969 legem
2631 2883 2974 2969 adstringit
3012 2909 3074 2947 ».

817 2991 898 3055 Et
934 3009 1149 3054 rursus
1182 3010 1242 3053 n.
1280 2989 1416 3052 32.:
1451 3014 1484 3044 «
1510 2987 1637 3053 Nec
1668 2988 1838 3053 valet
1885 2988 2101 3064 dicere,
2137 2986 2301 3069 quod
2334 3006 2476 3051 cum
2515 2987 2773 3069 apparet
2801 2985 3200 3064 probabilior

730 3095 940 3176 aliqua
965 3094 1170 3176 opinio
1197 3111 1306 3174 pro
1332 3092 1487 3175 lege,
1508 3093 1646 3155 tum
1672 3092 1874 3154 maior
1899 3089 2014 3153 illa
2031 3087 2456 3169 probabilitas
2478 3089 2681 3174 legem
2710 3088 2989 3153 declarat
3011 3088 3199 3153 scien-

730 3198 1008 3279 tiamque
1037 3196 1193 3280 legis
1224 3195 1353 3259 iam
1386 3194 1630 3258 exhibet
1663 3219 1722 3255 ».

829 3301 1071 3365 Rursus
1118 3320 1177 3364 n.
1214 3299 1349 3362 33..
1336 3321 1349 3334 ·
1387 3321 1423 3357 «
1449 3296 1782 3374 Obiiciunt,
1825 3295 1990 3378 quod
2039 3295 2270 3360 veritas
2316 3294 2569 3380 cognita
2616 3295 2830 3378 procul
2876 3294 3070 3359 dubio
3119 3314 3202 3359 se·

733 3403 973 3486 quenda
1006 3403 1133 3466 est.
1170 3401 1332 3466 sicut
1362 3400 1560 3482 igitur
1607 3397 1853 3480 quando
1900 3398 2128 3463 veritas
2175 3399 2341 3462 certo
2390 3398 2649 3480 apparet
2685 3398 2853 3462 stare
2900 3398 3203 3482 prolege,

734 3509 1016 3572 tenemur
1064 3523 1202 3567 eam
1249 3502 1443 3585 sequi,
1477 3502 1568 3566 ita
1616 3501 1680 3564 et
1726 3500 1972 3583 quando
2021 3519 2116 3564 res
2166 3501 2423 3583 apparet
2469 3499 2867 3564 verisimilior
2901 3525 2964 3563 ».

823 3609 1065 3672 Rursus
1096 3627 1155 3671 n.
1192 3607 1334 3670 36..
1363 3632 1399 3666 «
1432 3605 1668 3672 Saltem
1714 3607 1898 3684 dices,
1933 3607 2243 3690 praesumi
2273 3606 2698 3691 legislatorem
2728 3606 2889 3670 velle
2924 3575 3203 3690 obligare

733 3712 1014 3778 subditos
1054 3710 1131 3773 ad
1178 3709 1517 3791 sequendas
1565 3710 1887 3788 opiniones
1918 3708 2380 3790 probabiliores
2427 3728 2537 3792 pro
2584 3709 2721 3794 lege
2751 3733 2813 3772 ».

824 3816 1063 3879 Iterum
1106 3832 1168 3876 n.
1206 3812 1310 3875 54.
1346 3811 1433 3874 sic
1480 3810 1804 3876 obiicitur:
1840 3837 1874 3870 «
1907 3809 2023 3876 Sed
2073 3810 2261 3876 dices:
2297 3810 2351 3874 si
2395 3829 2503 3893 per
2547 3809 2849 3875 iudicium
2897 3808 3200 3875 directum

734 3917 944 3998 aliqua
993 3914 1199 3998 opinio
1248 3915 1342 3978 est
1388 3913 1596 3975 nu'ms
1628 3912 2004 3993 probabilis,
2039 3911 2348 3995 quomodo
2387 3931 2494 3996 per
2540 3911 2861 3989 iudicium,
2902 3913 3073 3995 quod
3119 3911 3200 3976 (11-

732 4021 884 4083 cunt
912 4017 1227 4091 reflexum,
1257 4016 1466 4098 potest
1511 4014 1766 4079 evadere
1812 4014 2230 4097 probabilior?
2263 4038 2297 4073 »

821 4122 902 4185 Et
948 4139 1165 4185 rursus
1210 4139 1270 4182 11.
1323 4120 1459 4181 62.;
1494 4143 1528 4176 «
1560 4118 1776 4182 Dices:
1812 4116 1878 4183 Si
1923 4118 2134 4182 licebit
2182 4118 2424 4201 operari
2468 4136 2610 4180 cum
2653 4117 2944 4197 opinione
2988 4116 3197 4179 minus

718 4222 1062 4304 probabili,
1110 4242 1220 4286 cur
1266 4240 1388 4286 non
1435 4221 1645 4284 licebit
1693 4221 1932 4303 operari
1979 4240 2120 4284 cum
2166 4219 2376 4297 dubio,
2418 4219 2568 4284 dum
2611 4220 2677 4286 in
2724 4221 2994 4304 utroque
3037 4218 3200 4285 idem

732 4326 1073 4408 periculum
1120 4323 1498 4389 incurritur?
1530 4348 1563 4381 »
2167 4311 2177 4318 ’

823 4425 1357 4506 Quemadmodum
1389 4425 1587 4510 igitur
1611 4424 1713 4506 (ut
1745 4425 1870 4488 alia
1901 4425 2082 4508 plura
2106 4425 2241 4489 heic
2267 4425 2664 4508 omittamus)
2688 4444 2761 4490 ex
2794 4425 3202 4511 argumentiS,

735 4530 960 4612 quibus
999 4549 1046 4592 s.
1086 4531 1320 4593 Doctor
1369 4528 1597 4591 thesim
1641 4526 1987 4606 confirmat,
2029 4528 2121 4592 ita
2170 4530 2232 4592 et
2278 4547 2350 4592 ex
2398 4526 2868 4607 obiectionibus,
2910 4546 3067 4610 quas
3113 4524 3205 4588 di-
