3529 5158
355 371 500 448 [686]
876 386 1164 429 nonum
1204 387 1487 429 nunnus
1523 388 1644 429 Prin
1681 388 1981 430 Aoomnns
2021 389 2292 431 mumma
2711 376 2816 431 597

355 484 739 549 habitualem
788 485 954 549 anim
1001 485 1118 561 sui,
1153 484 1383 549 iudicet
1428 503 1492 549 se
1538 503 1660 549 non
1706 485 1896 550 fuisse
1941 485 2275 564 facturum,
2309 486 2364 549 si
2397 486 2574 569 plene
2606 487 2815 551 adver-

354 587 552 651 tisset.
589 587 879 652 Tertium
903 588 1170 673 signum,
1198 588 1252 651 si
1275 587 1414 669 quis
1446 586 1642 672 egerit
1666 606 1737 651 ex
1762 587 2298 652 vehementissima
2322 587 2624 670 passione,
2655 606 2813 669 quae

356 688 691 755 identidem
722 689 1153 755 voluntarium
1182 690 1429 754 minuit.
1456 690 1547 754 De
1578 689 1935 754 huiusmodi
1964 690 2208 754 casibus
2240 690 2814 755 vehementissimae

354 792 659 876 passionis
699 794 948 869 amoriS,
988 792 1117 857 irae
1162 793 1278 856 etc.
1318 791 1416 857 vel
1448 793 1947 876 apprehensionis
1979 793 2043 856 in
2081 792 2409 857 timoribus
2447 792 2716 857 diximus
2751 793 2811 857 in

356 894 563 959 Tract.
603 894 679 958 de
712 895 924 958 Actib.
961 893 1213 958 human.
1248 894 1355 958 ubi
1387 894 1461 959 de
1492 893 1762 979 Concup.
1804 896 1866 959 et
1902 894 2099 959 Metu.

445 995 662 1076 Quoad
688 996 1175 1074 distractionem,
1211 1015 1390 1080 saepe
1413 1015 1485 1062 ea
1510 997 1820 1082 contingit
1841 1000 1979 1063 tum
2010 997 2074 1061 in
2099 997 2306 1081 pravis
2330 998 2814 1083 cogitationibus

356 1118 426 1163 ac
455 1101 719 1165 morosis
753 1099 1266 1166 delectationibus
1305 1102 1440 1164 tum
1488 1100 1552 1164 in
1598 1100 1800 1165 verbis
1847 1100 2235 1164 detractoriis
2269 1102 2408 1164 tum
2439 1100 2706 1166 maxime
2749 1102 2813 1165 in

352 1202 618 1285 peccatis
675 1203 738 1267 in
795 1222 1002 1281 causa,
1053 1222 1175 1268 non
1243 1202 1651 1286 praevidendo
1711 1202 1983 1281 effectuS,
2041 1201 2285 1279 damna,
2336 1202 2608 1284 pericula
2667 1204 2816 1267 alio-

352 1324 495 1370 rum
540 1306 656 1369 etc.

442 1407 584 1472 Huc
614 1426 831 1472 revoca
867 1407 1169 1490 quasdam
1208 1408 1567 1483 obliviones,
1605 1405 1992 1491 ignorantias
2023 1404 2243 1469 leviter
2279 1404 2637 1487 culpabiles,
2678 1424 2815 1470 con-

350 1512 641 1577 scientias
689 1531 975 1577 erroneas
1022 1532 1093 1577 ex
1139 1513 1261 1577 levi
1308 1511 1708 1597 negligentia.

439 1613 716 1679 Secunda
747 1634 938 1683 causa
986 1616 1081 1679 est
1128 1613 1521 1693 imperfectus
1558 1632 1909 1676 emmens-ue.
1944 1612 2035 1676 Ex
2080 1611 2267 1676 huius
2304 1612 2497 1696 signis
2529 1612 2663 1675 heic
2693 1612 2816 1675 tra-

346 1716 519 1793 ditis,
555 1717 678 1781 tria
720 1717 926 1799 priora
976 1717 1184 1780 valent
1229 1715 1591 1799 praesertim
1638 1714 1844 1796 quoad
1882 1714 2132 1797 peccata
2178 1713 2398 1791 cordia,
2436 1714 2500 1777 in
2552 1713 2813 1777 materia

347 1818 484 1882 scil.
533 1817 695 1893 fidei,
734 1817 1159 1900 blasphemiae
1206 1818 1503 1893 internae,
1553 1816 1696 1894 odii,
1745 1815 1960 1880 iudicii
1995 1815 2328 1894 temerarii,
2368 1816 2810 1899 suspicionum,

348 1919 782 1984 delectationis
815 1936 1099 1984 morosae
1146 1919 1210 1983 in
1256 1918 1519 1983 materia
1564 1918 1810 1983 luxuria
1848 1919 1963 1982 etc.
1995 1917 2388 1983 Postremum
2421 1917 2590 1982 valet
2621 1918 2810 1981 etiam

344 2020 557 2103 quoad
606 2040 810 2105 opera.

440 2124 652 2188 Tertia
685 2142 873 2188 causa
905 2124 1001 2188 est
1033 2122 1253 2188 levitas
1282 2124 1601 2187 materiae.
1634 2122 1770 2204 Qua
1804 2122 1877 2188 de
1913 2142 1978 2187 re
2014 2124 2078 2187 in
2124 2123 2339 2206 primis
2389 2122 2638 2188 adverte
2668 2123 2814 2187 levi-

344 2228 548 2291 tatem
581 2246 691 2291 seu
725 2225 1017 2310 exiguam
1049 2225 1469 2307 quantitatem
1513 2226 1813 2290 materiae
1845 2243 1966 2289 non
2005 2243 2292 2289 excusare
2324 2243 2360 2288 a
2392 2225 2573 2309 gravi
2607 2224 2809 2308 culpa,

345 2329 836 2412 quotiescunque
882 2328 948 2392 in
996 2328 1277 2410 qualibet
1320 2328 1618 2392 materiae
1650 2328 1826 2412 parte
1862 2329 2148 2392 servatur
2175 2328 2418 2412 integra
2450 2326 2633 2405 ratio,
2668 2346 2810 2391 cum

346 2432 625 2517 graviter
655 2430 739 2496 sit
772 2430 1108 2514 prohibita,
1129 2449 1237 2495 seu
1269 2429 1515 2512 quando
1539 2431 1603 2494 in
1628 2430 1907 2513 qualibet
1936 2429 2234 2494 materiae
2264 2430 2441 2512 parte
2465 2428 2811 2493 invenimus

346 2536 556 2599 totam
587 2534 796 2618 gravis
837 2532 1314 2599 inordinationis
1346 2532 1670 2598 rationem.

440 2632 611 2706 686.
653 2637 877 2719 Itaque
914 2637 981 2700 1⁰
1010 2656 1132 2700 non
1165 2637 1352 2700 datur
1396 2636 1673 2719 parvitas
1721 2636 2018 2700 materiae
2049 2636 2111 2701 in
2145 2636 2429 2719 peccatiS,
2471 2653 2630 2717 quae
2663 2637 2812 2699 sunt

343 2739 576 2803 directe
598 2740 813 2803 contra
840 2739 1041 2804 Deum
1067 2739 1179 2803 aut
1202 2738 1478 2820 aliquam
1502 2737 1776 2803 divinam
1808 2737 2261 2821 perfectionem.
2287 2736 2428 2802 Non
2459 2736 2645 2801 datur
2661 2755 2808 2822 ergo

343 2842 643 2908 materiae
692 2843 970 2926 parvitas
1017 2842 1080 2905 in
1127 2840 1393 2925 peccatis
1426 2840 1653 2905 directe
1701 2840 2002 2926 oppositis
2045 2841 2387 2905 virtutibus
2418 2839 2806 2925 theologiciS,

342 2964 403 3008 v.
443 2965 538 3029 gr.
586 2945 650 3009 111
700 2944 958 3018 haeresi,
992 2962 1151 3026 quae
1197 2944 1311 3008 Dei
1359 2943 1684 3008 veracitati
1720 2944 2016 3008 iniuriam
2062 2943 2230 3019 facit,
2265 2944 2329 3007 in
2360 2943 2804 3025 desperatione,

342 3047 633 3130 quaeDei
646 3047 1129 3112 misericordiam
1146 3049 1210 3112 et
1224 3046 1589 3111 fidelitatem
1615 3045 1886 3121 offendit,
1905 3046 1972 3109 in
1991 3046 2106 3108 Dei
2124 3045 2283 3121 odio,
2304 3043 2470 3125 quod
2496 3061 2804 3106 summam

342 3149 460 3214 Dei
506 3149 854 3214 bonitatem
902 3149 1097 3214 afficit
1127 3149 1353 3213 iniuria
1388 3149 1574 3230 atque
1623 3148 1773 3210 adeo
1820 3147 1883 3209 in
1921 3146 2323 3226 blasphemia,
2359 3162 2518 3225 quae
2555 3143 2670 3206 Dei
2700 3144 2806 3208 ho·

338 3271 560 3318 norem
602 3253 813 3329 laedit,
862 3253 926 3316 in
974 3252 1243 3336 periurio
1299 3251 1657 3322 assertor-io,
1706 3247 1872 3329 quod
1933 3247 2135 3310 Deum
2179 3247 2243 3309 111
2289 3244 2587 3308 falsitatis
2634 3246 2806 3309 testi·

342 3355 627 3422 monium
665 3357 866 3433 vocat,
900 3357 966 3420 in
1007 3354 1294 3438 superbia
1320 3372 1477 3436 quae
1502 3353 1617 3417 Dei
1647 3351 1849 3436 legem
1882 3369 1953 3415 ac
1982 3351 2307 3433 praecepta
2340 3368 2410 3413 ex
2443 3350 2801 3431 contemptu

340 3458 593 3523 formali
624 3458 866 3524 divinae
903 3457 1298 3523 auctoritatis
1330 3455 1527 3521 violat
1559 3475 1629 3518 ac
1661 3454 2103 3518 subiectionem
2135 3452 2482 3517 formaliter
2512 3453 2720 3538 negat,
2739 3453 2802 3517 in

342 3560 912 3643 superstitionibuS,
947 3579 1054 3643 per
1084 3578 1240 3641 quas
1277 3557 1523 3624 divinus
1552 3558 1751 3624 honor
1782 3561 1845 3622 et
1877 3557 2083 3620 cultus
2130 3558 2450 3621 creaturae
2482 3556 2800 3634 tribuitur,

340 3664 406 3728 in
453 3663 719 3729 simonia
767 3665 922 3729 iuris
972 3666 1255 3741 naturae,
1306 3681 1464 3744 (11166
1510 3661 1670 3725 (10116
1717 3661 1959 3745 gratiae
2006 3660 2123 3724 Dei
2177 3659 2373 3743 pretio
2442 3659 2803 3742 temporalis

340 3766 713 3849 aequiparat
758 3769 872 3831 etc.

522 3869 591 3931 2ο
622 3867 767 3933 Non
817 3869 1005 3933 datur
1042 3867 1318 3951 parvitas
1354 3867 1652 3931 materiae
1696 3867 1760 3930 in
1807 3885 1871 3930 1·6
1919 3882 2194 3938 venerea,
2219 3862 2465 3944 quando
2512 3863 2802 3944 voluptas

336 3988 599 4036 venerea
629 3972 714 4037 sit
748 3971 976 4036 directe
1010 3970 1364 4036 voluntaria
1395 3988 1503 4033 seu
1536 3969 1794 4033 intenta.
1831 3968 2162 4031 Rationem
2187 3965 2296 4027 alii
2327 3964 2610 4038 afferunt,
2638 3965 2802 4045 quod

337 4071 405 4135 in
462 4074 683 4155 quavis
731 4074 1141 4139 delectatione
1196 4089 1452 4137 venerea
1498 4070 1803 4135 habeatur
1860 4067 2189 4133 delectatio
2235 4066 2679 4142 fornicationiS,
2729 4070 2803 4130 ut

336 4172 608 4239 Sanchez
641 4174 883 4239 Moral.
917 4175 1024 4240 lib.
1062 4177 1122 4240 5.
1157 4193 1288 4258 cap.
1325 4173 1385 4236 6.
1424 4193 1484 4236 11.
1523 4174 1646 4248 12.,
1676 4171 1801 4248 alii,
1830 4170 1976 4253 quia
2009 4170 2158 4233 haec
2188 4168 2452 4232 materia
2475 4188 2545 4232 ex
2573 4169 2794 4232 natura

339 4294 455 4340 sua
488 4277 673 4342 nimis
706 4279 789 4342 sit
818 4277 1057 4342 lubrica
1089 4278 1153 4341 et
1177 4277 1254 4341 ad
1285 4276 1522 4341 maiora
1548 4274 1869 4357 disponat3
1897 4292 2055 4354 quae
2081 4274 2345 4352 utraque
2368 4271 2532 4335 ratio
2557 4271 2800 4337 infirma

340 4378 607 4446 videtur.
643 4381 853 4446 Prima
886 4380 1165 4464 quidem3
1200 4380 1348 4462 quia
1379 4379 1593 4463 negari
1616 4377 1841 4462 potest,
1876 4376 1939 4440 in
1964 4392 2350 4458 quacumque
2389 4373 2798 4439 delectatione

339 4501 601 4548 venerea
634 4484 849 4549 haberi
879 4502 1017 4549 eam
1046 4481 1469 4548 fornicationis
1507 4480 1977 4545 delectationem
2010 4496 2119 4541 seu
2150 4476 2677 4560 approbationem,
2705 4478 2800 4540 uti

341 4586 554 4665 patet:
597 4583 910 4663 Secunda3
946 4586 1092 4667 quia
1123 4602 1359 4649 cessare
1404 4601 1477 4646 ea
1521 4582 1685 4647 ratio
1717 4581 1925 4667 potest
1971 4581 2034 4644 in
2081 4597 2172 4656 eo,
2207 4597 2243 4641 a
2275 4596 2397 4660 quo
2437 4578 2600 4643 absit
2644 4578 2800 4641 illud
