3529 5158
628 382 718 421 xu
1505 377 1718 420 SBRIES
1755 376 2224 420 CHRONOLOGICA

723 483 827 541 15.
865 480 1109 541 Nullus
1155 483 1260 540 est
1304 479 1616 540 dominus
1654 477 1894 556 civiliS,
1930 476 2158 537 nullus
2204 480 2308 538 est
2344 478 2701 557 praelatuS,
2728 480 2956 539 nullus
2987 483 3092 540 est

631 571 1007 648 episcopus,
1058 569 1217 629 dum
1264 572 1370 629 est
1414 569 1483 628 in
1532 570 1806 644 peccato
1851 566 2136 626 mortali.

724 662 751 717 1
769 661 828 718 6.
857 658 1127 718 Domini
1153 658 1554 733 temporales
1579 660 1864 732 possunt
1893 655 1979 714 ad
2010 655 2366 716 arbitrium
2397 673 2592 716 suum
2625 656 2886 718 auferre
2916 657 3093 718 bona

630 747 1028 823 temporalia
1058 748 1142 807 ab
1174 747 1493 825 Ecclesia,
1527 745 2043 821 possessionatis
2076 744 2511 807 habitualiter
2542 747 3092 822 delinquentibus

630 836 807 897 idest
852 853 935 896 ex
982 836 1241 914 habitu,
1291 851 1431 895 non.
1474 835 1689 895 solum
1736 839 1894 894 actu
1938 832 2506 909 delinquentibus·
2636 916 2639 918 v

720 928 824 986 17.
852 926 1219 1000 Populares
1253 926 1537 1000 possunt
1567 924 1651 983 ad
1687 940 1880 983 suum
1915 922 2267 983 arbitrium
2292 922 2595 985 dominos
2618 924 3088 1002 delinquentes

627 1015 977 1090 corrigere.

717 1106 821 1164 18.
873 1104 1187 1163 Decimae
1234 1107 1396 1163 sunt
1440 1117 1650 1178 purae
1723 1101 2179 1176 eleemosynae
2226 1104 2296 1161 et
2354 1107 2638 1178 possunt
2697 1104 3085 1179 parochiani

628 1196 905 1268 propter
933 1197 1208 1268 peccata
1240 1208 1512 1253 suorum
1547 1190 1998 1265 praelatorum
2020 1189 2107 1249 ad
2137 1190 2405 1251 libitum
2438 1209 2633 1252 suum
2658 1208 2771 1252 eas
2801 1193 3083 1254 auferre.

716 1285 819 1342 19.
858 1281 1195 1356 Speciales
1243 1280 1598 1357 orationes,
1634 1279 2007 1355 applicatae
2053 1278 2170 1337 uni
2220 1296 2543 1355 personae
2587 1298 2708 1357 per
2752 1283 3085 1357 praelatos

626 1370 734 1431 vel
782 1371 1150 1449 religiosos,
1192 1386 1324 1429 non
1377 1370 1532 1445 plus
1579 1373 1864 1445 prosunt
1911 1366 2146 1444 eidem,
2186 1385 2387 1443 quam
2433 1371 2796 1448 generaleS,
2845 1372 3084 1432 ceteris

623 1458 920 1536 paribus.

712 1550 817 1609 20.
868 1547 1237 1609 Conferens
1282 1548 1770 1624 eleemosynam
1818 1546 2142 1607 fratribus
2187 1550 2291 1607 est
2341 1549 2956 1611 excommunicatus
3003 1566 3081 1611 eo

629 1637 829 1698 fact0.

711 1729 816 1786 21.
854 1727 923 1788 Si
973 1727 1221 1803 aliquis
1268 1726 1650 1804 ingreditur
1696 1725 2090 1803 religionem
2136 1726 2471 1802 privatam
2507 1726 3077 1805 qualemcumque,

615 1820 756 1876 tam
800 1817 1445 1892 possessionatorum
1491 1833 1693 1892 quam
1739 1815 2286 1893 mendicantium,
2324 1814 2629 1876 redditur
2674 1816 2965 1893 ineptior
3011 1822 3081 1878 et

615 1905 976 1965 inhabilior
1020 1906 1105 1964 ad
1154 1905 1688 1965 observationem
1734 1904 2201 1963 mandatoriun
2248 1905 2395 1965 Dei.

701 1995 806 2052 22.
838 1994 1088 2071 Sancti,
1122 1993 1559 2052 instituentes
1590 1991 1947 2066 religiones
1980 1993 2299 2071 privatas,
2337 1994 2432 2052 sic
2464 1995 2883 2057 instituendo
2919 2013 3072 2072 pec-

619 2086 964 2143 caverunt.

704 2174 808 2230 23.
843 2170 1165 2246 Religiosi
1210 2170 1523 2232 viventes
1567 2168 1640 2228 in
1672 2167 2113 2244 religionibus
2145 2168 2428 2244 privatis
2476 2185 2607 2228 non
2643 2178 2802 2230 sunt
2850 2170 2931 2229 de
2970 2187 3071 2231 re-

617 2260 869 2337 ligione
915 2259 1299 2320 christiana.

706 2353 810 2410 24.
846 2351 1114 2410 Fratres
1145 2353 1464 2410 tenentur
1494 2364 1614 2424 per
1659 2345 1954 2406 laborem
1992 2364 2307 2406 manuum
2341 2346 2596 2406 victum
2628 2347 2972 2422 acquirere
3004 2352 3074 2407 et

616 2457 751 2500 non
798 2456 920 2516 per
964 2438 1485 2500 mendicitatem.
2919 2456 2926 2459 ⁸

707 2532 810 2591 25.
848 2530 1098 2590 Omnes
1144 2532 1305 2588 sunt
1352 2525 1722 2602 simoniaci,
1758 2523 1876 2601 qui
1915 2539 1985 2586 se
2032 2525 2335 2603 obligant
2384 2540 2569 2585 orare
2617 2541 2739 2602 pro
2770 2521 2941 2603 aliis,
2976 2525 3074 2585 eis

618 2619 687 2677 in
736 2618 1218 2693 temporalibus
1265 2615 1845 2677 subvenientibus.

707 2710 812 2766 26.
854 2707 1088 2767 Oratio
1133 2706 1447 2781 praesciti
1494 2705 1663 2765 nulli
1710 2704 1913 2764 valet.

705 2799 809 2856 27.
848 2796 1093 2855 Omnia
1141 2795 1221 2855 de
1271 2796 1669 2856 necessitate
1716 2794 2025 2854 absoluta
2070 2794 2415 2854 eveniunt.

704 2888 807 2944 28.
842 2883 1273 2945 Confirmatio
1319 2885 1659 2961 iuvenum,
1710 2883 2097 2949 clericorum
2148 2883 2522 2960 OrdinatiO,
2571 2884 2864 2944 locorum
2899 2884 3074 2946 Con-

614 2973 896 3034 secratio
927 2976 1311 3035 reservatur
1360 2975 1584 3049 Papae
1622 2978 1691 3033 et
1738 2971 2089 3048 Episcopis
2126 2977 2399 3049 propter
2430 2972 2870 3049 cupiditatem
2901 2974 3073 3034 lucri

612 3063 1000 3139 temporalis
1046 3067 1115 3123 et
1159 3063 1451 3123 honoris,

703 3155 806 3213 29.
850 3153 1365 3232 Universitates,
1415 3150 1662 3230 studia,
1712 3151 2012 3227 collegia,
2048 3150 2522 3227 graduationes
2569 3155 2638 3210 et
2687 3152 3074 3229 magisteria

610 3241 681 3301 in
728 3241 965 3304 iisdem
999 3245 1159 3303 sunt
1204 3259 1382 3303 vana
1429 3241 1811 3319 gentilitate
1862 3240 2277 3300 introducta:
2318 3243 2582 3299 tantum
2630 3246 2914 3316 prosunt
2945 3242 3072 3303 Ec·

614 3332 872 3408 clesiae,
923 3333 1101 3393 sicut
1145 3331 1472 3392 diabolus.

698 3424 803 3481 30.
839 3421 1459 3482 Excommunicatio
1506 3420 1730 3496 Papae
1778 3418 1888 3478 vel
1937 3418 2417 3493 cuiuscumque
2466 3418 2748 3494 praelati
2784 3436 2916 3480 non
2967 3422 3070 3479 est

611 3509 937 3587 timenda3
989 3510 1149 3585 quia
1193 3513 1298 3568 est
1344 3525 1627 3568 censura
1673 3507 2106 3568 Antichristi.

682 3602 787 3659 31.
803 3599 1095 3659 Peccant
1119 3596 1483 3658 fundantes
1510 3597 1801 3657 claustra
1825 3599 1895 3657 et
1918 3596 2372 3674 ingredientes
2396 3599 2556 3658 sunt
2580 3596 2708 3656 viri
2733 3596 3064 3657 diabolici.

695 3691 801 3748 32.
838 3688 1074 3748 l’itare
1122 3688 1371 3747 clerum
1419 3691 1526 3746 est
1576 3690 1812 3747 contra
1859 3688 2156 3762 regulam
2207 3686 2478 3747 Christi.

697 3781 802 3837 33.
856 3778 1181 3838 Silvester
1204 3778 1393 3851 Papa
1426 3780 1495 3836 et
1544 3777 2034 3837 Constantinus
2066 3776 2428 3852 imperator
2462 3777 2789 3852 errarunt,
2841 3775 3068 3836 Eccle-

604 3867 769 3928 siam
816 3866 1129 3927 dotandO.

697 3960 802 4016 34.
840 3957 1090 4015 Omnes
1137 3953 1406 4015 ordines
1437 3954 1963 4015 mendicantium
2013 3959 2173 4015 sunt
2218 3952 2538 4014 haeretici
2584 3956 2653 4012 et
2698 3951 2937 4014 dantes
2968 3953 3064 4014 eis

605 4046 1057 4120 eleemosynas
1104 4047 1266 4104 sunt
1310 4045 1884 4105 excommunicati.

694 4137 798 4194 35.
837 4132 1303 4211 Ingredientes
1352 4133 1747 4209 religionem
1794 4140 1911 4194 aut
1960 4132 2250 4209 aliquem
2288 4132 2609 4210 ordinem,
2644 4148 2722 4192 eo
2769 4131 2915 4208 ipso
2962 4133 3064 4193 in·

606 4223 864 4283 habiles
889 4227 1049 4284 sunt
1082 4223 1165 4284 ad
1199 4222 1619 4284 observanda
1650 4223 1884 4283 divina
1909 4225 2263 4298 praecepta
2294 4226 2363 4281 et
2394 4239 2512 4298 per
2544 4239 2959 4297 consequens
2983 4222 3066 4282 ad

602 4312 1130 4388 perveniendum
1165 4313 1250 4374 ad
1274 4329 1554 4388 regnum
1590 4313 1945 4389 caelorum,
1975 4311 2105 4371 nisi
2130 4312 2663 4387 apostataverint
2686 4310 2771 4371 ab
2793 4311 3064 4372 eisdem.

692 4404 796 4462 36.
839 4403 1025 4478 Papa
1072 4419 1216 4463 cum
1270 4401 1582 4462 omnibus
1630 4401 1890 4461 clericis
1937 4399 2075 4460 suis
2121 4399 2607 4476 possessionem
2661 4399 3067 4462 habentibus

602 4497 765 4552 sunt
810 4492 1151 4570 haeretici,
1187 4509 1265 4551 eo
1314 4490 1494 4566 quod
1526 4490 1980 4566 possessiones
2028 4490 2304 4567 habent3
2346 4495 2416 4549 et
2446 4489 2940 4550 consentientes
2971 4490 3068 4550 eis

600 4597 829 4642 omnes
876 4581 1192 4642 videlicet
1240 4578 1493 4638 domini
1541 4580 1872 4640 seculares
1919 4585 1986 4639 et
2035 4579 2232 4639 ceteri
2282 4578 2456 4639 laici.
