3529 5158
700 330 771 383 52
1229 342 1439 382 TRAc'r.
1482 344 1519 382 1.
1559 343 1644 382 nn
1681 342 1938 383 rac-rmus
1973 342 2267 385 nunnius.
2307 341 2507 383 offm-
2545 341 2635 381 111.
3053 325 3161 400 [53]

692 460 763 505 ex
809 459 931 521 quo
971 440 1192 504 affeetu
1231 441 1343 502 aut
1377 440 1616 503 motivo
1665 439 2019 522 ignorantia
2067 439 2354 503 affectata
2391 436 2701 520 procedat.
2742 436 2906 501 Nam
2955 458 3014 501 v.
3057 457 3153 520 gr.

696 544 749 607 si
785 544 923 625 quis
954 543 1113 606 nolit
1150 542 1320 615 scire,
1361 541 1509 622 quid
1556 541 1827 605 Ecclesia
1873 540 2237 617 definiverit,
2278 541 2426 621 quia
2456 540 2598 604 hinc
2629 559 2752 605 non
2790 541 2928 603 vult
2966 539 3156 603 disce-

693 646 833 710 dere
879 647 956 709 ab
988 645 1293 708 Ecclesiae
1325 644 1699 708 auctoritate
1731 646 1795 707 et
1825 644 2060 724 alioqui
2092 644 2228 707 vult
2273 643 2462 729 libere
2491 644 2718 709 sentire
2765 640 3042 723 quandiu
3083 640 3158 704 de

691 748 997 811 Ecclesiae
1033 746 1387 811 definitione
1425 746 1545 809 sibi
1582 765 1701 810 non
1734 748 2015 821 constat3
2048 745 2323 828 profecto
2360 746 2479 813 hic.
2521 745 2572 809 si
2604 744 2765 809 forte
2803 744 3046 808 aberret
3081 743 3159 806 ab

691 850 996 914 Ecclesiae
1033 849 1405 923 definitione,
1446 849 1575 912 sine
1612 848 1801 912 dubio
1839 849 2045 911 minus
2092 850 2336 931 peccat3
2378 848 2525 929 quia
2562 846 2821 911 discedit
2851 866 2999 910 cum
3040 846 3160 910 mi-

692 952 828 1016 nori
859 952 1202 1024 voluntate,
1243 951 1472 1031 absque
1504 950 1842 1033 pertinacia
1880 953 1942 1014 et
1979 952 2356 1032 contemptu.
2392 947 2458 1013 Si
2488 968 2631 1014 vero
2667 967 2793 1013 non
2829 948 2970 1011 vult
3001 948 3156 1011 scire

692 1054 841 1135 quid
871 1054 1206 1118 decreverit
1236 1052 1526 1121 Ecclesia.
1553 1053 1699 1133 quia
1737 1054 1829 1116 ita
1867 1053 2094 1117 sentire
2129 1053 2259 1135 ipse
2296 1053 2542 1128 statuit,
2569 1050 2870 1133 quidquid
2907 1049 3160 1116 demum

691 1156 965 1219 Ecclesia
1010 1155 1260 1223 doceat:
1302 1156 1450 1218 tuuc
1487 1155 1609 1218 ista
1657 1156 2013 1237 ignorantia
2050 1155 2205 1218 nihil
2249 1154 2498 1229 minuit,
2538 1153 2643 1218 sed
2680 1154 2891 1235 potius
2940 1154 3036 1217 est
3082 1153 3162 1216 si-

692 1277 886 1339 gnum
932 1257 1145 1339 magni
1192 1257 1465 1320 affectus.
1507 1255 1755 1339 Semper
1802 1259 2011 1320 tamen
2042 1256 2193 1320 haec
2228 1256 2584 1339 ignorantia
2632 1256 2825 1338 auget
2873 1255 3162 1319 volunta·

692 1361 857 1424 rium
880 1360 1142 1441 (scilicet
1175 1363 1269 1423 631
1299 1360 1547 1443 signum
1579 1360 1928 1443 augmenti)
1959 1360 2182 1424 saltem
2220 1378 2292 1423 ex
2326 1362 2503 1442 parte
2532 1359 2704 1423 illius
2735 1361 2911 1422 actus
2945 1357 3045 1423 vel
3078 1358 3162 1421 ef-

692 1463 909 1537 fectuS,
944 1481 1126 1543 quem
1156 1462 1343 1525 homo
1382 1462 1474 1525 ita
1512 1464 1702 1535 amat,
1737 1465 1811 1526 ut
1851 1463 1928 1526 ob
1965 1462 2027 1525 id
2058 1463 2211 1526 velit
2241 1462 2543 1545 ignorare.
2579 1462 2683 1525 Ita
2719 1459 2965 1525 Suarez.

784 1560 904 1634 53.
948 1564 1037 1628 Ut
1074 1563 1307 1645 aliquid
1338 1564 1412 1627 de
1451 1565 1807 1647 ignorantia
1852 1564 2214 1646 simpliciter
2248 1564 2526 1627 vincibili
2562 1582 2669 1628 seu
2703 1562 2998 1627 indirecte
3047 1581 3159 1627 vo-

691 1667 968 1730 luntaria
999 1666 1295 1741 dicamuS,
1331 1666 1409 1730 ad
1439 1666 1597 1729 hanc
1633 1666 1894 1730 classem
1923 1667 2234 1748 pertinent
2264 1668 2401 1730 tum
2438 1684 2645 1729 crassa
2676 1668 2739 1729 et
2770 1665 2989 1748 supina
3020 1668 3163 1729 tum

689 1769 1010 1852 negligens
1048 1769 1364 1832 communi
1393 1768 1601 1833 modo.

783 1869 1033 1953 Semper
1073 1872 1139 1934 in
1187 1891 1257 1935 ea
1288 1871 1494 1935 minus
1532 1874 1627 1935 est
1664 1871 2022 1943 voluntarii,
2056 1890 2247 1954 quam
2276 1872 2340 1935 in
2373 1871 2696 1943 affectata:
2733 1871 2880 1951 quia
2913 1873 3009 1934 est
3054 1889 3160 1935 vo·

689 1973 964 2036 luntaria
1000 1972 1356 2054 imperfecto
1393 1973 1577 2037 modo
1626 1976 1688 2037 et
1736 1973 2029 2037 indirecte
2068 1975 2146 2038 ob
2192 1972 2638 2057 negligentiam
2685 1976 2749 2037 et
2786 1975 2963 2037 actus
3004 1973 3156 2055 ipse,

691 2076 798 2156 qui
836 2093 907 2138 ex
944 2075 1297 2158 ignorantia
1335 2075 1605 2156 ponitur,
1641 2076 1994 2159 cognitione
2032 2076 2419 2140 destituitur.
2553 2089 2556 2092 ’
2974 2064 2978 2068 ’

782 2176 1225 2241 Voluntarium
1255 2180 1485 2251 tamen,
1512 2181 1660 2241 utut
1688 2178 2111 2253 imminutum,
2139 2180 2345 2260 potest
2375 2178 2653 2243 sufficere
2685 2178 2762 2242 ad
2800 2197 2993 2262 grave
3028 2197 3162 2261 pec·

692 2282 921 2343 catum.
963 2279 1196 2343 Verum
1227 2280 1505 2364 gravitas
1538 2281 1773 2362 peccati
1805 2299 1926 2345 non
1964 2283 2171 2363 potest
2207 2299 2279 2345 ex
2315 2299 2438 2345 uno
2470 2281 2673 2363 capite
2710 2281 2984 2353 desumiz
3014 2300 3162 2345 113111

693 2382 881 2445 6113111
915 2382 1203 2446 affectata
1235 2385 1440 2465 potest
1477 2402 1607 2447 esse
1638 2386 1961 2465 peccatum
1984 2383 2136 2447 leve.
2163 2382 2485 2446 Pensanda
2521 2383 2719 2467 igitur
2750 2385 2845 2447 est
2876 2384 3161 2467 gravitas

694 2484 1093 2568 obligationis
1140 2483 1492 2548 addiscendi
1538 2487 1600 2548 et
1651 2485 1802 2549 haec
1853 2486 2133 2567 gravitas
2178 2485 2418 2548 desumi
2463 2487 2671 2566 potest
2719 2485 2818 2548 vel
2865 2504 2936 2549 ex
2982 2486 3162 2569 gravi

690 2589 958 2669 positivo
1008 2591 1332 2670 praecepto
1381 2588 1668 2662 discendi,
1717 2608 1841 2669 quo
1889 2590 2027 2669 quis
2075 2589 2405 2672 obligetur,
2447 2608 2505 2652 V.
2546 2609 2640 2673 gr.
2681 2588 2952 2654 discendi
2997 2592 3162 2654 cate·

692 2691 1037 2753 chismum:
1089 2689 1186 2752 vel
1232 2709 1303 2752 ex
1350 2690 1437 2753 rei
1482 2691 1545 2753 iu
1594 2710 1656 2754 se
1715 2694 2029 2772 spectatae
2075 2693 2406 2774 gravitate,
2456 2712 2514 2755 v.
2564 2712 2657 2776 gr.
2708 2692 2763 2755 si
2808 2694 3039 2776 agatur
3085 2692 3160 2756 de

692 2791 966 2864 scientia,
992 2792 1166 2854 cuius
1199 2791 1481 2855 absentia
1512 2793 1729 2875 gravia
1768 2793 2156 2858 incommoda
2193 2794 2396 2869 infert,
2423 2795 2496 2857 ut
2534 2795 2598 2858 in
2635 2794 2892 2869 medico,
2921 2794 3160 2859 confes-

694 2893 875 2968 sario,
918 2893 1200 2975 episcopo
1241 2896 1361 2956 etc.

783 2994 945 3078 Ergo
993 2995 1325 3076 requiritur
1376 2997 1442 3058 1⁰
1478 2997 1757 3079 gravitas
1806 2998 2225 3081 obligationiS,
2269 3000 2337 3061 2⁰
2383 2999 2663 3082 gravitas
2710 3000 3153 3084 negligentiae,

693 3115 850 3177 quae
885 3099 1093 3160 tamen
1126 3098 1404 3180 gravitas
1440 3099 1876 3182 negligentiae,
1918 3118 2027 3182 pro
2059 3100 2148 3163 rei
2178 3101 2509 3184 gravitate,
2536 3100 2913 3166 desumenda
2953 3104 3049 3166 est
3085 3122 3159 3167 ex

692 3198 875 3262 modo
907 3198 1283 3284 diligentiae,
1318 3220 1501 3282 quem
1533 3204 1754 3283 suapte
1791 3204 2016 3265 natura
2052 3204 2374 3287 negotium
2406 3223 2475 3267 ac
2506 3203 3009 3269 circumstantiae
3045 3223 3159 3287 po·

692 3303 964 3366 stulant:
992 3304 1079 3366 sic
1109 3304 1311 3368 minor
1341 3306 1523 3387 culpa
1561 3308 1655 3370 est
1679 3307 1731 3370 si
1769 3307 2073 3370 bubulcus
2104 3308 2166 3370 in
2199 3327 2380 3371 curru
2412 3306 2683 3372 dormiat
2714 3308 3018 3372 transiens
3047 3328 3158 3391 per

688 3405 896 3467 locum
928 3404 1256 3479 desertum,
1297 3427 1485 3487 quam
1524 3409 1576 3471 si
1607 3409 1889 3473 incedens
1927 3429 2033 3492 per
2064 3411 2300 3473 urbem.

783 3500 906 3575 54.
935 3505 1151 3584 Quoad
1187 3512 1430 3572 reatum
1461 3511 1734 3575 criminis
1767 3532 1838 3575 611
1867 3512 2222 3594 ignorantia
2261 3512 2514 3593 patrati,
2541 3511 3013 3596 diligentissime
3047 3511 3161 3576 ad-

695 3607 1053 3671 vertendum
1100 3611 1195 3672 est
1239 3611 1639 3694 principium:
1680 3615 1932 3694 peccata
1970 3632 2042 3676 ex
2078 3613 2434 3696 ignorantia
2479 3613 2781 3696 pertinere
2829 3613 2908 3677 ad
2954 3632 3154 3696 genus

690 3711 1100 3791 peccatorum,
1141 3731 1298 3794 quae
1336 3718 1483 3778 sunt
1514 3714 1870 3778 voluntaria
1907 3715 2110 3778 solum
2147 3715 2211 3778 in
2248 3734 2456 3780 causa.
2490 3717 2654 3800 Ergo
2694 3734 2813 3780 non
2856 3716 3019 3779 alius
3060 3720 3160 3782 est

692 3813 755 3875 et
801 3830 931 3875 esse
983 3815 1188 3895 potest
1233 3819 1442 3880 reatus
1490 3816 1552 3879 111
1597 3816 1720 3878 1313
1769 3815 2027 3891 36110116,
2075 3836 2266 3898 quam
2311 3819 2420 3900 qui
2464 3819 2862 3901 praecesserit
2905 3819 2971 3882 in
3018 3819 3158 3901 ipsa

690 3932 877 3978 causa
910 3917 1216 3997 ponenda·,
1242 3920 1451 3981 reatus
1489 3917 1652 3981 enim
1683 3916 2030 3980 desumitur
2059 3921 2123 3982 et
2158 3923 2553 3985 mensuratur
2584 3941 2621 3985 a
2645 3922 3156 3986 voluntarietate.

688 4016 851 4100 Ergo
884 4036 1006 4081 non
1045 4023 1139 4081 est
1176 4017 1547 4082 desumenda
1583 4037 1870 4082 mensura
1916 4022 2126 4096 reatus
2172 4040 2242 4084 ex
2285 4022 2492 4086 indole
2531 4024 2792 4088 actionis
2836 4024 2933 4088 vel
2974 4023 3161 4087 omis·

689 4119 897 4192 3101113,
946 4138 1104 4198 quae
1152 4119 1230 4183 ad
1274 4119 1695 4202 ignorantiam
1742 4121 2158 4203 consequitur.
2199 4123 2360 4188 Hinc
2406 4144 2463 4188 v.
2514 4145 2608 4207 gr.
2657 4125 3064 4190 homicidium
3120 4143 3158 4187 a

685 4219 919 4283 medico
958 4222 1297 4301 patratum,
1331 4220 1627 4285 damnum
1664 4222 1917 4287 illatum
1963 4225 2058 4288 vel
2092 4244 2128 4288 a
2175 4224 2374 4290 iudice
2419 4226 2485 4290 in
2521 4226 2865 4291 dirimenda
2901 4228 3016 4292 lite
3054 4226 3162 4291 vel

687 4341 724 4384 a
760 4321 1129 4385 confessario
1167 4323 1231 4385 in
1267 4321 1594 4388 iudicanda
1624 4327 1890 4390 materia
1926 4326 1999 4390 de
2044 4328 2467 4393 contractibus
2501 4329 2746 4411 aliaque
2793 4328 3161 4394 huiusmodi

686 4441 806 4485 non
838 4422 1060 4487 debent
1090 4444 1220 4489 esse
1252 4444 1468 4489 norma
1500 4427 1712 4491 iudicii
1742 4428 1816 4491 de
1841 4432 2038 4493 reatu.
2065 4427 2183 4493 Sed
2216 4449 2431 4494 norma
2462 4435 2558 4495 est
2590 4436 2800 4496 reatus
2838 4433 3161 4516 negligen-

685 4524 812 4588 tiae
836 4525 898 4586 in
926 4527 1343 4607 perpendendo
1369 4530 1431 4592 et
1462 4530 1865 4594 examinando
1891 4531 2020 4595 sive
2044 4531 2141 4594 ius
2165 4531 2418 4612 aliquod
2449 4531 2578 4597 sive
2603 4534 2856 4615 aliquod
2878 4534 3161 4608 factum:
