3529 5158
321 286 458 363 [2⁴21]
727 302 812 342 ma
847 301 1332 347 consumunmn.
1368 301 1592 351 ouans
1630 301 1972 344 oonsmsus
2012 301 2315 344 ancrms
2672 292 2781 344 299

320 399 410 466 ita
453 417 650 480 neque
695 398 1091 463 ecclesiastici
1136 401 1354 463 contra
1385 399 1553 483 leges
1599 399 1904 464 laicorum
1951 399 2048 464 vel
2093 402 2327 477 contra,
2370 401 2488 465 nisi
2516 403 2781 466 materia

322 502 403 568 sit
431 501 796 566 communis.
829 501 992 566 Hinc
1016 502 1206 566 etiam
1229 502 1391 566 circa
1421 521 1518 566 res
1537 501 1895 584 spirituales
1925 501 2133 567 clerici
2163 521 2286 567 non
2318 504 2678 589 obligantur
2704 504 2779 568 ad

323 603 824 670 consuetudinem
851 604 1086 669 factam
1118 623 1154 668 a
1192 604 1367 668 laicis
1399 629 1459 666 ».
1488 601 1680 668 Salm.
1711 604 1759 667 l.
1796 623 1846 667 c.
1881 625 1941 667 n.
1978 604 2038 667 8.
2070 607 2137 670 et
2169 605 2275 669 38.

404 705 597 772 Addit
625 705 787 770 ibis.
820 705 1040 789 Alph.:
1074 729 1111 765 «
1133 705 1509 771 Mercatores
1542 708 1772 781 tamen,
1807 705 1955 787 quia
1985 705 2345 772 distinctam
2369 707 2606 771 faciunt
2623 725 2783 771 com-

321 808 710 884 munitatem,
751 811 1012 889 possunt
1057 808 1444 873 introducere
1489 808 1997 872 consuetudinem
2046 808 2428 893 obligantem
2476 828 2684 874 omnes
2719 834 2778 873 ».

322 910 439 976 Ubi
469 909 779 993 particula
818 913 1023 974 tamen
1056 910 1468 993 suspicionem
1505 929 1711 975 creare
1742 928 1864 975 non
1905 909 2103 987 debet,
2145 929 2392 975 sensum
2423 930 2582 986 esse;
2616 910 2781 992 quod

320 1014 688 1077 mercatores
718 1012 959 1096 possint
996 1012 1280 1078 inducere
1329 1012 1854 1089 consuetudinem,
1889 1031 2047 1094 quae
2086 1012 2320 1097 obliget
2351 1033 2560 1077 omnes
2589 1013 2781 1077 etiam

320 1133 438 1180 non
485 1117 878 1180 mercatores,
943 1113 1171 1179 Sensus
1217 1114 1381 1179 enim
1431 1117 1592 1178 esset
1636 1113 1852 1178 falsus,
1918 1113 2453 1191 Salmanticenses,
2503 1115 2662 1179 unde
2710 1133 2782 1179 ea

322 1237 368 1282 s.
398 1218 584 1301 Alph.
633 1219 967 1283 mutuatus
1015 1221 1128 1296 est,
1171 1217 1449 1282 scribunt
1495 1216 1570 1279 dc
1614 1215 1771 1298 Ley.
1820 1236 1953 1300 cap.
2006 1217 2066 1280 6.
2101 1237 2162 1280 n.
2198 1218 2296 1281 8.:
2337 1241 2372 1276 «
2409 1219 2781 1283 mercatores

319 1339 495 1404 posse
543 1339 605 1385 se
653 1320 916 1385 eximere
952 1339 988 1383 a
1028 1319 1278 1403 propria
1324 1320 1459 1404 lege
1496 1319 1776 1402 ipsorum
1826 1339 1932 1401 per
1977 1319 2483 1384 consuetudinem
2516 1320 2612 1382 vel
2644 1338 2782 1383 eam

320 1422 705 1498 introducere
754 1422 1135 1508 obligantem
1184 1441 1412 1498 omnes,
1464 1422 1517 1486 si
1560 1421 1762 1486 maior
1792 1440 2009 1487 eorum
2040 1440 2182 1505 pars
2220 1422 2286 1486 in
2316 1442 2387 1487 ea
2420 1422 2776 1498 conveniat3

322 1526 462 1608 quia
509 1525 905 1591 constituunt
951 1525 1461 1590 communitatem
1505 1543 1796 1607 capacem
1827 1527 1901 1589 ut
1939 1543 2044 1606 per
2073 1524 2276 1609 legem
2312 1526 2776 1609 gubernetur».

321 1626 491 1708 Quae
537 1627 614 1691 ad
663 1628 828 1692 solos
877 1626 1241 1711 obligandos
1271 1628 1644 1691 mercatores
1674 1626 1856 1708 plane
1890 1628 2189 1709 spectant.
2231 1627 2312 1690 Et
2347 1627 2577 1691 Palaus
2608 1629 2688 1691 tr.
2717 1628 2777 1691 3.

320 1730 469 1814 disp.
516 1731 577 1794 3.
620 1751 679 1814 p.
714 1731 774 1794 3.
809 1730 872 1795 in
904 1731 1007 1795 fin.
1044 1730 1160 1794 ait:
1202 1754 1236 1787 ⁴<
1261 1729 1368 1793 Fit
1413 1729 1620 1803 tertio,
1669 1729 2151 1802 communitates
2196 1731 2613 1794 mercatorum
2642 1748 2783 1794 con-

321 1833 647 1899 suetudine
692 1852 870 1916 posse
909 1834 1112 1917 alege
1144 1832 1262 1896 sibi
1307 1831 1601 1915 imposita
1648 1850 1711 1895 se
1758 1831 2020 1895 eximere
2067 1833 2130 1897 et
2159 1850 2322 1896 nova
2359 1832 2778 1907 constituere3

319 1937 463 2019 quia
510 1939 611 2002 est
656 1936 1072 2001 communitas
1103 1954 1295 2018 capax
1324 1934 1482 2018 legis
1521 1958 1581 1998 ».
1617 1932 1819 2014 Quam
1854 1934 1918 1997 in
1950 1953 2080 1999 rem
2112 1935 2269 1999 citat
2299 1933 2546 2008 Suarez,
2581 1933 2778 2011 Salas,

321 2038 635 2104 Bonacina
682 2042 796 2103 etc.
839 2037 1016 2118 Quod
1047 2038 1209 2103 idem
1256 2038 1442 2121 paulo
1477 2038 1620 2102 ante
1665 2036 1905 2102 dixerat
1952 2035 2025 2101 de
2069 2036 2445 2102 monialibus
2478 2037 2671 2102 relate
2705 2037 2781 2101 ad

318 2140 480 2226 leges
513 2131 671 2225 ipsis
699 2141 1048 2224 impositas.

406 2239 565 2316 271.
630 2242 868 2324 Quarta
932 2242 1204 2308 conditio
1252 2244 1348 2307 est
1402 2259 1735 2306 consensus
1792 2240 2220 2325 Legisiatoris‚
2282 2243 2356 2305 ut
2402 2242 2780 2307 consuetudo

323 2348 544 2411 valeat.

407 2447 589 2529 Quod
637 2466 968 2512 consensus
1015 2447 1316 2531 Principis
1364 2447 1442 2512 ad
1498 2446 2003 2511 consuetudinem
2048 2445 2330 2531 legitime
2374 2446 2782 2512 inducendam
2900 2499 2904 2503 .

320 2550 696 2635 requiratur,
728 2549 907 2616 facile
943 2550 1106 2614 inter
1143 2550 1277 2614 DD.
1310 2550 1597 2616 convenit
1628 2553 1690 2614 et
1737 2549 1960 2633 probat
2004 2547 2337 2614 manifesta
2382 2550 2586 2627 ratio;
2637 2550 2783 2633 quia

319 2673 493 2721 nemo
516 2654 735 2739 potest
759 2655 1033 2717 statuere
1064 2652 1265 2736 legem
1297 2652 1394 2716 vel
1431 2654 1739 2717 statutam
1764 2652 2083 2736 abrogare,
2122 2651 2244 2716 nisi
2274 2652 2383 2734 qui
2406 2655 2784 2735 potestatem

321 2756 501 2821 habet
548 2754 789 2820 ferendi
833 2755 1053 2839 legem.
1088 2754 1252 2838 Ergo
1302 2754 1529 2837 absque
1576 2755 1763 2819 huius
1808 2772 2109 2819 consensu
2153 2772 2275 2818 non
2322 2757 2531 2837 potest
2574 2754 2783 2819 induci

321 2856 724 2935 consuetude,
757 2876 915 2939 quae
946 2857 1073 2921 vim
1117 2857 1274 2942 legis
1320 2857 1565 2921 habeat.

405 2960 521 3027 Sed
569 2960 858 3045 quaestio
905 2964 1019 3037 est,
1075 2958 1284 3041 qualis
1343 2979 1673 3026 consensus
1728 2962 2102 3043 requiratur.
2164 2961 2326 3025 Nam
2391 2962 2585 3043 aliqui
2640 2981 2782 3026 cum

321 3061 542 3130 Pontio
596 3063 672 3126 dc
709 3062 1001 3126 DIatrim.
1041 3063 1147 3127 lib.
1184 3064 1243 3126 6.
1278 3082 1410 3145 cap.
1462 3063 1521 3125 6.
1561 3083 1620 3125 11.
1660 3063 1717 3125 7.
1746 3064 2004 3146 exigunt
2051 3082 2417 3127 consensum
2454 3063 2784 3144 specialem

323 3166 445 3231 sive
489 3165 900 3251 personalem,
935 3184 1059 3248 quo
1090 3166 1369 3248 princeps
1401 3182 1511 3227 seu
1538 3163 1866 3246 legislator
1896 3181 2097 3227 mores
2122 3163 2336 3245 populi
2374 3164 2616 3246 agentis
2648 3181 2785 3227 con-

322 3269 419 3333 tra
465 3269 564 3333 vel
616 3270 859 3351 praeter
904 3267 1104 3351 legem
1160 3264 1457 3348 approbet
1506 3267 1617 3329 aut
1663 3263 1886 3329 saltem
1934 3265 2148 3340 scienS,
2199 3284 2339 3328 cum
2385 3264 2603 3347 possit,
2663 3283 2784 3330 non

324 3371 727 3435 contradicat.
763 3369 1093 3433 Rationem
1141 3368 1325 3442 dant3
1360 3367 1507 3449 quia
1555 3386 1591 3430 a
1638 3366 1911 3450 principe
1941 3386 2063 3432 non
2104 3368 2526 3450 approbantur
2574 3386 2785 3434 omnes

323 3472 818 3547 consuetudines,
855 3470 959 3536 sed
992 3471 1236 3553 aliquae
1261 3468 1687 3552 reprobantur.
1721 3468 2070 3544 Praeterea,
2096 3470 2478 3537 consuetudo
2504 3470 2786 3555 specialis

326 3578 417 3639 est
446 3574 544 3640 lex
592 3572 906 3658 specialis;
940 3591 1087 3658 ergo
1136 3572 1395 3655 requirit
1441 3571 1768 3656 specialem
1815 3591 2179 3639 consensum
2226 3574 2626 3659 legislatoris
2676 3575 2785 3657 qui

326 3679 451 3743 sine
490 3678 746 3762 speciali
779 3678 1035 3742 scientia
1084 3681 1145 3742 et
1185 3676 1626 3760 approbatione
1664 3678 2126 3746 consuetudinis
2157 3698 2279 3745 non
2312 3683 2519 3763 potest
2551 3679 2783 3745 haberi.

409 3780 716 3848 Attamen
769 3780 1114 3845 communis
1144 3781 1209 3843 et
1245 3779 1664 3862 receptissima
1712 3783 2019 3847 sententia
2065 3784 2309 3848 nullum
2349 3784 2541 3847 alium
2576 3782 2653 3846 ad
2699 3782 2787 3844 in-

328 3882 771 3949 troducendam
797 3881 1304 3947 consuetudinem
1337 3900 1700 3947 consensum
1736 3883 2018 3965 requirit,
2054 3903 2243 3966 quam
2267 3883 2527 3963 {eya-lem
2551 3902 2678 3959 seu,
2715 3885 2788 3946 ut

325 3983 511 4052 etiam
533 3986 784 4060 vocant,
802 3983 1157 4057 iuridicum,
1185 3984 1292 4066 qui
1309 3984 1573 4048 habetur
1596 4004 1703 4068 per
1726 3986 1894 4069 leges
1911 3990 1974 4049 et
1997 4003 2258 4049 canones
2282 3983 2789 4048 consuetudinem

325 4087 604 4151 moribus
655 4086 868 4170 populi
914 4086 1332 4151 introductam
1383 4087 1795 4169 approbantes
1836 4087 2010 4167 eique
2070 4086 2412 4151 tribuentes
2460 4086 2587 4149 vim
2633 4086 2788 4151 iuris

325 4207 442 4255 non
480 4189 725 4271 scripti,
762 4188 816 4253 si
852 4188 1241 4253 rationabilis
1280 4189 1414 4273 ipsa
1449 4188 1532 4253 sit
1568 4190 1631 4252 et
1677 4188 1956 4273 legitime
1988 4187 2391 4272 praescripta.
2433 4189 2622 4254 Ratio
2672 4192 2786 4266 est,

325 4291 469 4375 quia
519 4291 760 4374 optime
791 4293 1038 4373 poterat
1068 4290 1345 4374 princeps
1377 4291 1440 4354 et
1486 4290 1691 4372 quivis
1721 4290 2046 4375 legislator
2075 4290 2211 4374 lege
2250 4310 2363 4355 sua
2411 4291 2666 4369 sancire,
2718 4292 2790 4356 ut

327 4394 574 4476 quoties
625 4392 893 4476 populus
937 4393 1001 4457 in
1051 4393 1259 4475 aliqua
1296 4392 1737 4457 consuetudine
1769 4392 2127 4456 rationabili
2157 4412 2263 4476 per
2296 4393 2657 4458 decennium
2687 4392 2795 4457 du-

327 4497 583 4575 raverit,
620 4513 699 4559 ea
727 4495 1106 4560 consuetudo
1154 4514 1263 4579 pro
1310 4494 1446 4579 lege
1484 4494 1887 4577 suscipiatur:
1928 4513 2049 4577 quo
2096 4495 2323 4578 posito,
2373 4495 2631 4560 dubium
2662 4514 2790 4559 esse
