3529 5158
700 321 809 376 228
1167 336 1378 377 macr.
1418 335 1482 375 11.
1524 334 1609 374 nn
1644 332 2059 375 consumma
2096 333 2293 375 CAPUT
2331 332 2396 372 11.
2436 331 2585 372 nun.
2623 330 2691 370 11.
3015 314 3161 391 [1961

708 455 743 491 «
775 432 930 496 alias
955 434 1420 515 perturbaretur
1452 431 1600 497 ordo
1626 430 2034 495 obedientiae:
2075 429 2152 493 V.
2187 430 2335 512 quia
2374 428 2675 512 obligatio
2708 427 3001 509 sequendi
3025 446 3163 512 pro-

707 558 741 593 «
773 534 1076 599 babiliora
1122 537 1284 599 esset
1325 534 1615 599 humanis
1663 533 1898 597 viribus
1938 533 2165 615 impar.
2200 531 2372 595 Adde
2402 532 2500 595 his
2532 530 2931 613 potissimum
2980 549 3163 615 argu-

705 659 739 694 «
770 637 1051 699 mentum
1074 636 1188 700 sub
1219 637 1470 700 initium
1502 636 1910 719 propositum,
1939 635 2234 699 nimirum
2272 633 2438 716 quod
2475 634 2530 698 si
2562 633 2869 698 sententia
2893 633 3161 718 benigna

703 761 739 795 ‹
769 737 991 801 fuisset
1012 738 1189 813 falsa,
1214 740 1467 804 minime
1485 738 1734 819 quidem
1757 738 2168 802 communiter
2194 756 2231 801 a
2254 736 2611 801 doctoribus
2635 735 2906 818 undique
2936 735 3161 801 fuisset

700 864 736 899 «
764 842 1010 923 recepta
1046 841 1146 923 (ut
1183 860 1394 906 revera
1426 843 1670 923 recepta
1716 840 1869 921 fuit)
1917 841 2029 904 aut
2074 840 2299 904 saltem
2346 839 2619 903 Ecclesia
2651 857 2791 902 eam
2826 857 2950 903 non
2999 839 3160 903 tole-

701 966 736 1000 «
767 944 984 1018 rasset‚
1030 943 1461 1026 permittendo,
1497 943 1661 1025 quod
1710 943 1952 1007 animae
1998 942 2411 1008 communiter
2441 961 2550 1024 per
2578 942 2740 1005 hanc
2786 940 3155 1023 perditionis

701 1068 737 1103 «
767 1044 933 1108 viam
952 1044 1055 1126 (ut
1076 1044 1410 1109 adversarii
1443 1045 1799 1127 clamitant)
1831 1063 1866 1107 a
1892 1043 2125 1107 talibus
2156 1043 2353 1108 coecis
2385 1042 2645 1107 ducibus
2677 1042 2970 1125 deceptae
3001 1043 3160 1107 ince-

702 1168 736 1203 «
768 1144 999 1209 derent.
1034 1146 1204 1209 Haec
1235 1149 1604 1230 argumenta
1650 1146 1899 1230 singula
1946 1145 2195 1227 quidem
2238 1144 2452 1208 valent
2481 1144 2783 1208 moralem
2831 1143 3157 1208 certitudi-

701 1271 735 1304 ‹
765 1267 906 1312 nem
951 1250 1200 1312 nostrae
1247 1249 1586 1313 sententiae
1634 1248 1971 1320 ostendere,
2005 1249 2184 1311 tanto
2215 1246 2421 1331 magis
2453 1247 2640 1310 simul
2673 1246 3024 1311 coniuncta.
3058 1245 3155 1310 Ad

699 1372 733 1405 «
764 1346 1154 1413 formandam
1184 1350 1347 1414 enim
1393 1349 1825 1414 certitudinem
1872 1349 2170 1414 moralem
2220 1348 2484 1413 alicuius
2531 1349 2874 1414 sententiae
2913 1367 3038 1413 non
3069 1366 3158 1412 re-

699 1473 734 1507 «
765 1450 1056 1531 quiritur,
1102 1454 1176 1515 ut
1222 1454 1504 1515 auctores
1553 1451 1904 1534 oppositam
1949 1452 2228 1515 tenentes
2276 1451 2445 1515 omni
2488 1450 2732 1514 ratione
2780 1449 2988 1513 adhuc
3030 1448 3157 1513 levi

698 1575 733 1609 ⁴<
765 1555 1035 1626 careant,
1069 1552 1173 1617 sed
1206 1554 1436 1617 sufficit
1468 1554 1518 1617 si
1553 1553 1859 1617 sententia
1892 1553 2021 1630 illa,
2057 1553 2348 1618 omnibus
2380 1551 2710 1636 perpensi&
2745 1551 2838 1615 ita
2874 1570 3020 1615 vera
3053 1569 3156 1634 ap-

695 1677 730 1711 «
760 1658 994 1738 pareat,
1029 1658 1103 1719 ut
1147 1657 1491 1719 contrariae
1540 1656 1639 1719 vix
1687 1656 1957 1738 supersit
2004 1656 2373 1739 apparentia
2420 1655 2731 1730 veritam,
2765 1655 2866 1718 vel
2910 1656 2988 1718 ut
3016 1673 3156 1718 con-

696 1781 730 1815 «
763 1757 957 1821 traria
1001 1776 1124 1821 non
1172 1757 1458 1822 videatur
1495 1758 1647 1821 satis
1693 1758 2051 1840 probabilis,
2083 1759 2278 1823 Porro
2325 1757 2630 1822 certitudo
2664 1756 2997 1838 aliquando
3028 1776 3153 1822 non

694 1882 729 1915 «
761 1859 1027 1923 resultat
1072 1879 1144 1924 ex
1195 1878 1319 1923 uno
1365 1860 1663 1942 principio
1711 1861 2127 1936 convincente,
2178 1859 2283 1924 sed
2331 1880 2403 1924 ex
2449 1859 2731 1942 pluribus
2777 1859 3152 1924 coniecturis

695 1983 730 2017 «
761 1961 1056 2043 gravibus
1103 1963 1165 2025 et
1212 1960 1668 2039 verisimilibuS‚
1703 1981 1862 2043 quae
1895 1962 1971 2026 ad
2003 1962 2166 2026 idem
2212 1960 2554 2035 conferunt,
2604 1963 2680 2024 ut
2711 1959 2893 2025 docet
2940 1979 2991 2024 s·
3028 1961 3154 2024 An-

694 2085 729 2119 «
761 2061 956 2126 tonin.
990 2082 1047 2143 p.
1083 2064 1145 2126 2.
1178 2062 1278 2126 tit.
1315 2063 1374 2125 3.
1409 2082 1461 2126 c.
1496 2064 1556 2126 3.
1605 2063 1702 2127 his
1748 2064 1984 2128 verbis:
2035 2062 2356 2127 Certitmzo
2401 2060 2663 2126 moralis
2710 2081 2838 2126 non
2884 2060 3155 2127 resultat

694 2186 729 2220 «
759 2182 838 2226 ea·
861 2162 1170 2227 evidentia
1199 2163 1552 2228 demonstra
1560 2166 1766 2238 tionis,
1800 2166 1913 2228 sed
1938 2186 2016 2229 esc
2037 2165 2478 2245 probabilibus
2506 2165 2881 2228 coniecturis
2909 2167 3152 2247 ,qr-ossis

693 2288 728 2322 ‹
759 2268 821 2328 et
860 2265 1322 2346 fiyurabilibus‚
1346 2268 1551 2349 mqis
1579 2266 1669 2330 ad
1693 2288 1889 2331 unam
1906 2272 2159 2347 partem
2188 2288 2377 2349 quam
2410 2266 2500 2330 ad
2530 2265 2729 2330 aliam
2774 2287 2840 2331 se
2872 2266 3153 2331 habenti-

691 2391 725 2426 «
758 2367 911 2444 bus,·
956 2368 1188 2431 ‹lic-itur
1230 2371 1438 2432 autem
1467 2369 1800 2449 probabile
1831 2370 1999 2450 quod
2026 2369 2327 2449 pluribus
2363 2373 2426 2433 et
2452 2370 2723 2433 mraxime
2755 2369 3151 2449 safflenttbffae

690 2493 725 2528 «
755 2474 1020 2550 apparet
1039 2492 1267 2534 verum.
1293 2472 1464 2536 Idem
1488 2472 1640 2536 dicit
1671 2471 1908 2537 Gerson
1932 2473 2007 2536 de
2039 2471 2252 2537 Contr.
2287 2494 2347 2555 p.
2374 2475 2436 2537 2.
2469 2491 2642 2556 prop.
2682 2474 2783 2536 12.
2817 2473 2955 2537 ubi:
2983 2472 3148 2536 Pro-

689 2597 724 2631 «
757 2571 984 2637 babilis·
1013 2573 1313 2638 certitudo
1360 2575 1602 2656 suffieit
1633 2575 1704 2638 in
1749 2575 2113 2650 moralibus,
2152 2579 2228 2639 at
2268 2596 2397 2639 non
2445 2579 2718 2655 caponat
2752 2578 2897 2657 quis
2941 2595 3008 2640 se
3038 2596 3150 2657 pe-

688 2698 723 2734 «
753 2675 972 2749 riculo,
998 2681 1071 2738 ut
1090 2676 1308 2740 dicunt
1328 2677 1602 2741 doctores
1634 2677 1708 2740 de
1737 2678 2084 2742 celebrante
2107 2680 2383 2752 missam,
2417 2679 2528 2742 ubi
2546 2681 2925 2761 requiratur
2940 2683 3148 2744 status

688 2800 722 2834 «
751 2779 1016 2858 mattae,
1064 2779 1230 2860 quod
1268 2780 1510 2861 sufficit
1541 2779 1630 2842 ad
1671 2779 1781 2843 lzoc
1814 2780 2171 2859 probabilis
2215 2782 2604 2858 coniectura,-
2635 2783 2789 2862 quia
2839 2781 3146 2846 certitudo

687 2903 721 2936 «
752 2878 886 2942 alia
932 2880 1093 2943 citra
1138 2880 1571 2945 revelationem
1615 2902 1743 2944 non
1790 2881 2051 2946 habetur
2086 2884 2157 2946 in
2201 2881 2577 2946 moralibus:
2624 2903 2787 2964 quae
2835 2882 3145 2947 certitudo

686 3005 720 3040 «ι
751 3001 879 3044 non
923 2987 1190 3046 removet
1231 2985 1301 3047 in
1346 3005 1476 3046 ‘etna
1498 2988 1687 3064 parte
1733 3004 1973 3047 omnem
1996 2984 2512 3063 probabilitatem
2540 2984 2638 3047 vel
2668 2985 3026 3064 opinionem
3054 2985 3147 3049 al—

684 3106 718 3141 «
753 3083 948 3147 terius
979 3086 1213 3164 part-i&
1254 3084 1399 3148 licet
1441 3086 1643 3166 magis
1679 3085 1948 3149 declinet
1989 3086 2079 3149 ad
2128 3087 2319 3150 istam
2363 3106 2552 3167 quam
2599 3085 2689 3149 ad
2729 3085 2931 3150 aliam
2978 3087 3149 3168 quod

683 3210 717 3243 «
749 3186 1003 3268 sufficit.
1043 3188 1214 3253 Idem
1258 3187 1383 3252 fere
1411 3188 1632 3253 iisdem
1663 3189 1865 3253 verbis
1896 3188 2208 3254 concludit
2238 3187 2448 3273 Nyder
2478 3189 2549 3251 in
2587 3186 2916 3253 Consolat.
2943 3210 2996 3254 c.
3035 3192 3136 3256 13.

682 3314 716 3346 «
749 3289 920 3354 Idem
951 3291 1043 3354 ait
1073 3289 1383 3374 Sylvester
1415 3311 1472 3354 v.
1518 3289 1761 3369 Opinio,
1798 3311 1902 3372 qu.
1942 3294 1997 3355 1.
2032 3291 2117 3354 In
2157 3290 2500 3354 moralibus
2544 3291 2791 3373 sufficit
2832 3292 3140 3357 certitudo

682 3416 716 3448 «
749 3392 1290 3470 escprobabilib-ns.
1329 3393 1499 3456 Idem
1529 3413 1600 3455 ex
1623 3393 2066 3457 recentioribus
2090 3392 2337 3458 Natalis
2369 3392 2713 3457 Alexander
2738 3392 2951 3458 Tlieol.
2978 3415 3134 3461 mor.

680 3494 787 3556 «1.
830 3494 890 3555 3.
925 3493 998 3556 de
1032 3512 1193 3574 pecc.
1228 3511 1356 3576 reg.
1401 3495 1500 3557 18.
1550 3494 1685 3557 ubi:
1737 3493 2184 3575 Praesumptio
2231 3493 2553 3559 vehemens
2587 3515 2715 3575 pro
2760 3497 3139 3562 certitudine

679 3619 714 3653 «
745 3593 1030 3656 habenda
1060 3598 1167 3657 est.
1209 3595 1377 3659 Idem
1417 3596 1749 3680 Fagnanus
1783 3598 1845 3660 in
1878 3618 1927 3661 c.
1967 3597 2070 3661 Ne
2108 3598 2430 3671 innitaris,
2465 3596 2565 3661 De
2596 3602 2790 3662 const.
2829 3598 3011 3664 dicit:
3045 3599 3142 3664 Et

680 3721 714 3753 «
743 3697 802 3757 si
845 3698 1214 3776 armamenta
1250 3698 1509 3760 seorsim
1537 3702 1788 3778 sumpta
1820 3720 1945 3762 non
1975 3698 2350 3763 concludant
2377 3700 2650 3774 omnine,
2690 3699 2805 3764 sed
2829 3702 2966 3764 sint
3004 3705 3139 3766 tan-

678 3824 712 3856 «
748 3802 876 3861 tum
897 3798 1260 3878 probabilia
1274 3821 1294 3874 ‚·
1336 3804 1539 3863 tamen
1583 3802 1643 3864 si
1686 3801 1878 3864 simul
1921 3802 2272 3884 iunqantur
2317 3805 2378 3865 et
2414 3802 2551 3866 sint
2581 3802 2773 3866 multi
2804 3802 3134 3882 ponderi&

677 3926 710 3960 «
742 3904 894 3965 sunt
933 3906 1083 3982 apta
1127 3923 1425 3984 qenerare
1471 3902 1771 3966 moralem
1815 3904 2266 3978 certitudinem,
2315 3908 2387 3966 ut
2434 3904 2637 3969 ‘m’rtuc
2670 3905 3136 3986 apprehen-sim

673 4030 706 4063 «
738 4008 1046 4086 concipiat
1071 4007 1300 4087 absque
1331 4006 1466 4070 alla
1496 4006 1832 4086 formidine
1876 4029 2005 4071 rem
2040 4009 2127 4069 ita
2163 4027 2296 4071 esse
2337 4033 2372 4066 »
2395 4057 2409 4071 .

763 4135 797 4167 «
832 4108 894 4173 Si
932 4128 1079 4194 ergo
1103 4109 1345 4173 licitum
1369 4113 1464 4174 est
1493 4110 1668 4174 iuxta
1693 4110 1937 4174 eosdem
1970 4109 2355 4174 adversarios
2388 4111 2627 4194 operari
2662 4130 2807 4176 eum
2842 4113 3130 4197 opinione

673 4239 707 4271 «
739 4213 1158 4296 probabiliori.
1194 4232 1336 4276 sane
1368 4214 1578 4277 licitus
1604 4214 1721 4278 erit
1743 4234 1895 4277 usus
1922 4213 2261 4277 sententiae
2292 4212 2614 4298 benignae,
2649 4234 2807 4297 quae
2839 4234 2910 4278 ex
2938 4217 3131 4281 omni-

673 4344 707 4375 «
737 4318 853 4381 bus
899 4316 1227 4399 praedietis
1264 4336 1386 4380 non
1420 4318 1622 4381 solum
1654 4319 1748 4381 est
1786 4316 2182 4400 probabilior,
2216 4316 2320 4381 sed
2353 4316 2544 4381 etiam
2580 4318 2904 4382 moraliter
2935 4321 3124 4392 certa,

673 4444 707 4478 «
741 4419 962 4483 saltem
1000 4422 1094 4483 est
1124 4420 1306 4502 longe
1338 4420 1714 4502 probabilior
1739 4420 1866 4483 sive
1904 4418 2421 4501 probabilissima,
2456 4438 2597 4484 cum
2629 4439 2752 4502 qua
2784 4424 2948 4485 certe
2980 4422 3129 4486 licet

672 4547 706 4578 «
741 4523 997 4604 operari,
1020 4525 1090 4586 ut
1123 4525 1368 4587 constat
1399 4541 1468 4585 ex
1499 4541 1671 4605 prop.
1701 4524 1760 4586 3.
1797 4522 2092 4586 damnata
2118 4522 2194 4586 ab
2220 4521 2566 4587 Alexandro
2591 4522 2765 4588 VIII.
2805 4524 2958 4586 Non
2984 4524 3128 4588 licet
