3529 5158
1090 368 1177 411 nn
1213 368 1425 410 namra
1462 367 1511 410 6.
1546 367 1849 411 6691161661
1885 367 2015 410 arr-0.
2676 356 2781 412 661

326 468 437 532 che
484 485 562 531 va
609 467 705 532 661
759 466 974 531 titolo:
1034 463 1471 529 Osservazioni
1526 463 1854 546 teoloyiche
1901 464 1970 527 di
2013 464 2245 544 Adelfo
2297 465 2556 531 Dositeo
2600 488 2788 547 sopra

325 568 691 652 l’Apoloyia
734 566 1239 632 dell'lllusmw.
1288 587 1319 630 e
1363 565 1801 631 Reverendiss.
1853 566 2065 632 Mons.
2114 567 2202 633 D.
2252 568 2523 647 Alfonso
2560 568 2788 633 de’Li-

322 673 512 755 queri
542 692 657 738 ecc.
693 670 1023 737 Essendosi
1054 671 1340 753 portanto
1378 669 1607 735 dovute
1639 670 2007 752 ristampare
2038 670 2096 735 le
2132 673 2487 736 mentovate
2518 671 2639 735 mie
2670 671 2788 736 due

328 775 623 857 operette,
657 774 789 838 6166
832 773 897 836 16
942 772 1398 838 Dissertazione
1445 791 1477 836 e
1523 771 1899 856 l’Apologia,
1932 771 2014 837 ho
2061 772 2317 837 stimate
2356 773 2417 837 di
2454 773 2654 838 unirle
2699 773 2787 837 in-

327 877 516 941 sieme
560 876 625 941 in
676 875 898 957 questo
930 874 1089 939 libro
1120 893 1228 957 per
1271 874 1560 958 maggior
1606 873 1864 939 comodo
1897 874 1994 938 (161
2029 874 2323 960 163311611
2355 875 2428 940 6(1
2461 875 2651 941 6116116
2680 895 2787 959 per

327 978 474 1043 dare
519 978 773 1063 111131161-
822 976 1032 1042 ordine
1070 976 1192 1041 alle
1225 994 1383 1051 cose,
1433 976 1749 1043 mettendo
1787 976 1844 1040 le
1878 976 2255 1060 opposizioni
2287 977 2386 1041 del
2420 977 2546 1043 mio
2580 996 2786 1045 avver-

325 1082 488 1145 sario
537 1080 694 1146 colle
742 1081 867 1144 mie
912 1080 1196 1162 risposte,
1248 1079 1448 1161 prima
1493 1078 1637 1144 date
1680 1079 1745 1142 in
1792 1078 2022 1145 diversi
2063 1080 2303 1164 luoghi‚
2344 1099 2453 1144 ora
2482 1082 2656 1145 unite
2686 1081 2783 1146 nei

328 1181 566 1267 luoghi,
599 1181 755 1247 dove
787 1180 1240 1265 propriamente
1270 1180 1504 1245 cadone
1537 1205 1598 1243 ».

416 1284 558 1367 Ipse
592 1302 775 1366 porro
809 1303 859 1349 6.
901 1284 1157 1359 Doctor,
1198 1285 1273 1346 ut
1302 1302 1473 1347 num.
1508 1301 1706 1365 praec.
1746 1283 2035 1360 vidimus,
2085 1285 2375 1362 testatur,
2410 1286 2595 1351 huius
2641 1286 2784 1350 libri

324 1385 629 1450 Clementi
663 1384 843 1449 XIII.
877 1384 1067 1449 dicati
1104 1383 1522 1449 substantiam
1553 1403 1661 1449 seu
1691 1385 2005 1466 quandam
2040 1387 2349 1470 epitomen
2379 1388 2679 1453 contineri
2715 1389 2778 1452 in

326 1488 496 1552 brevi
526 1487 859 1571 Apologia,
891 1486 966 1550 de
996 1505 1121 1568 qua
1152 1505 1351 1551 sermo
1390 1486 1465 1550 fit
1495 1487 1558 1551 in
1588 1487 1871 1569 Epistola
1918 1507 1967 1551 6.
2001 1488 2304 1570 Alphonsi
2342 1488 2417 1553 ad
2456 1490 2779 1555 Rectorem

327 1590 593 1675 Collegii
636 1590 1049 1674 Agrigentini.
1100 1587 1259 1653 Cum
1305 1592 1518 1653 autem
1564 1609 1635 1653 ex
1680 1589 1798 1654 hac
1841 1590 2151 1672 Apologia
2196 1590 2388 1656 latine
2433 1590 2673 1655 reddita
2719 1592 2783 1654 et

324 1694 510 1777 Operi
540 1693 730 1757 Hom.
762 1692 987 1771 Apost.
1019 1692 1273 1763 inserta,
1320 1690 1716 1774 desumptum
1748 1690 1905 1755 illud
1937 1691 2040 1768 sit,
2074 1691 2238 1774 quod
2269 1690 2343 1754 de
2375 1692 2543 1755 laxis
2587 1691 2782 1756 Secedi

324 1797 526 1877 elapsi
568 1795 929 1863 auctoribus
974 1793 1282 1871 obiicitur,
1329 1794 1457 1859 iam
1503 1796 1697 1877 patet,
1746 1795 2129 1860 occasionem
2175 1796 2350 1860 nobis
2397 1796 2550 1873 dari,
2598 1799 2674 1860 ut
2715 1796 2777 1860 in

325 1898 639 1984 praedicto
686 1898 794 1964 illo
840 1897 999 1963 libro
1045 1896 1385 1980 genuinum
1433 1915 1503 1961 ac
1549 1896 1886 1978 pleniorem
1932 1896 2294 1963 hauriamus
2341 1917 2607 1974 sensum,
2655 1917 2779 1980 quo

324 2022 374 2066 6.
415 2002 650 2066 Doctor
694 2000 758 2065 111
807 1999 1081 2065 61116ᾶ6111
1127 1998 1273 2063 libri
1316 1999 1584 2080 epitome
1628 1997 1910 2063 laxitatis
1955 2000 2169 2064 notam
2208 2000 2534 2084 systemati
2565 2000 2780 2083 proba-

324 2103 594 2169 bilistico
619 2104 808 2185 atque
833 2102 1191 2186 systematis
1215 2100 1400 2165 huius
1424 2099 1836 2167 sectatoribus
1858 2100 2243 2183 praecedenti
2266 2103 2471 2168 seculo
2495 2102 2780 2168 videatur

328 2226 590 2271 inurere.

415 2310 521 2372 44.
555 2308 627 2371 In
659 2306 874 2390 primis
921 2305 1133 2387 itaque
1164 2323 1213 2369 6.
1248 2305 1483 2370 1)66161·
1520 2304 1906 2388 apertissime
1951 2308 2160 2391 negat,
2208 2309 2490 2372 auctores
2528 2308 2669 2373 illos
2714 2309 2778 2375 in

323 2411 537 2476 laxum
578 2409 760 2472 illum
804 2407 1334 2491 probabilismum,
1382 2426 1567 2489 quem
1611 2408 1741 2490 ipse
1787 2407 2064 2480 damnat,
2111 2407 2392 2493 delapsos
2437 2430 2601 2487 esse;
2649 2412 2775 2476 imo

326 2516 485 2578 hanc
534 2511 988 2576 accusationem
1035 2509 1221 2575 meris
1268 2509 1763 2574 adversariorum
1811 2509 2136 2575 calumniis
2184 2510 2495 2576 adscribit.
2531 2513 2630 2577 Ita
2675 2513 2779 2578 ille

325 2618 641 2701 (Dell'uso
670 2617 985 2682 moderato
1015 2636 1134 2681 ecc.
1168 2636 1299 2699 cap.
1334 2616 1411 2681 V.
1445 2638 1504 2680 n.
1541 2618 1705 2698 25.):
1739 2641 1775 2676 «
1807 2615 2042 2681 Dicono
2075 2616 2127 2698 (i
2161 2617 2645 2700 probabilioristi
2678 2639 2780 2683 av-

324 2720 627 2803 versarii),
676 2721 785 2785 che
829 2720 852 2784 i
900 2718 1290 2802 probabilisti
1347 2720 1729 2784 ammettono
1779 2738 1885 2801 per
1939 2719 2213 2802 opinioni
2258 2720 2582 2803 probabili,
2632 2741 2780 2804 qua-

320 2825 553 2906 lunque
583 2821 957 2905 probabilita
987 2822 1104 2886 elle
1134 2821 1417 2899 abbiano,
1452 2820 1624 2885 viene
1657 2840 1693 2885 a
1726 2821 1875 2901 dire,
1914 2822 2317 2905 quantunque
2365 2824 2533 2888 616116
2580 2825 2779 2890 certa-

322 2928 529 2992 mente
548 2943 730 2990 meno
755 2923 1157 3008 ragionevoli,
1183 2926 1587 3006 quantunque
1610 2924 1779 2989 sieno
1803 2924 1937 2988 solo
1962 2924 2450 3006 probabilmente
2474 2927 2774 3009 probabili

323 3050 355 3095 e
387 3031 794 3112 quantunque
823 3027 1025 3109 quelle
1055 3027 1224 3092 616116
1258 3026 1445 3091 difese
1492 3026 1570 3090 da
1599 3026 1718 3091 due
1751 3045 1786 3090 o
1821 3031 1914 3090 tre
1953 3027 2160 3091 autori
2198 3026 2274 3091 od
2306 3028 2498 3091 anche
2530 3027 2608 3091 da
2655 3049 2776 3094 uno

321 3132 455 3198 solo
488 3134 703 3196 contro
733 3130 795 3195 la
826 3148 1087 3196 comune
1115 3129 1282 3214 degli
1313 3128 1477 3194 altri.
1504 3128 1613 3192 Ma
1643 3128 2113 3210 risponderebbe
2144 3147 2180 3193 a
2211 3129 2306 3194 cio
2336 3129 2383 3193 il
2409 3131 2476 3193 P.
2505 3129 2776 3215 Segneri‚

320 3234 433 3300 che
478 3233 696 3314 questo
728 3234 762 3296 6
802 3251 887 3297 1111
934 3231 1104 3296 voler
1150 3230 1415 3296 alterare
1462 3230 1972 3294 eccessivamente
2018 3230 2075 3294 le
2121 3249 2279 3308 cose,
2321 3250 2426 3313 per
2471 3231 2623 3297 farsi
2669 3233 2780 3298 dar

323 3335 581 3421 ragione
608 3334 1026 3419 giustamente
1058 3350 1095 3397 0
1126 3332 1628 3416 ingiustamente.
1662 3331 1925 3396 Direbbe
1957 3332 2067 3396 che
2097 3332 2429 3416 l'opinione
2461 3334 2522 3398 di
2559 3337 2780 3417 questa

320 3439 489 3504 sorte
538 3436 793 3503 sarebbe
838 3436 1192 3501 veramente
1251 3454 1336 3498 un
1391 3437 1629 3499 mostro
1678 3434 2169 3511 abhominevole3
2227 3456 2330 3499 ma
2382 3456 2508 3501 mm
2555 3444 2587 3501 6
2633 3445 2777 3502 cosi.

326 3538 688 3623 L'opinione
725 3539 1079 3604 veramente
1107 3537 1424 3621 probabile
1461 3540 1493 3601 6
1529 3536 1757 3618 quella,
1797 3537 1908 3601 che
1942 3538 2025 3602 ha
2054 3538 2437 3604 fondamenti
2465 3540 2776 3607 intrinseci

322 3642 396 3709 ed
443 3641 846 3718 estrinseci...,
893 3641 959 3705 in
1001 3639 1188 3706 modo
1226 3640 1337 3705 6116
1367 3640 1429 3703 16
1459 3639 1639 3724 16336
1688 3640 2003 3721 apparisce
2033 3642 2408 3707 certamente
2454 3663 2485 3707 6
2533 3645 2783 3709 6116116-

319 3747 528 3811 11161116
574 3743 805 3809 dubbia
842 3767 901 3806 ».
942 3743 1219 3808 Inaniter
1265 3745 1475 3807 autem
1522 3760 1571 3806 6.
1624 3743 1856 3807 Doctor
1911 3743 2233 3808 obiecisset
2279 3744 2650 3810 adversariis
2693 3766 2782 3810 re-

322 3865 622 3931 sponsum
650 3846 720 3909 P.
755 3843 1027 3929 Segneri,
1060 3843 1116 3910 61
1138 3843 1385 3926 quidem
1422 3843 1622 3924 elapsi
1655 3844 1851 3908 seculi
1881 3847 2163 3911 auctores
2195 3845 2258 3910 in
2289 3847 2574 3928 putidam
2605 3847 2779 3911 illam

324 3949 702 4016 corruissent
731 3947 955 4023 labem,
997 3949 1069 4011 ut
1099 3948 1415 4011 censerent
1450 3948 1514 4011 et
1549 3946 1952 4023 affirmarent,
1989 3947 2233 4011 licitum
2266 3966 2396 4011 esse
2434 3949 2608 4030 sequi
2657 3950 2782 4032 opi-

324 4054 591 4130 nionem,
623 4068 785 4132 quae
826 4067 970 4118 vera
1003 4050 1069 4113 et
1102 4048 1301 4114 solida
1333 4048 1774 4132 probabilitate
1804 4049 2028 4113 careat.

408 4157 517 4220 45.
552 4152 672 4218 Sed
702 4152 955 4235 insuper
1001 4170 1050 4216 s.
1084 4151 1319 4215 Doctor
1365 4169 1487 4216 non
1531 4151 1715 4216 modo
1753 4153 2032 4215 removet
2063 4170 2099 4215 a
2130 4152 2398 4235 genuino
2446 4151 2782 4234 probabili-

322 4262 565 4324 starum
588 4256 929 4340 systemate
952 4253 1331 4339 praedictam
1362 4253 1838 4330 accusationem,
1873 4251 1977 4317 sed
2010 4253 2197 4317 simul
2222 4253 2438 4335 aperit,
2472 4254 2780 4320 undenam

324 4359 587 4442 denique
617 4374 768 4422 ansa
802 4357 951 4423 oriri
975 4357 1251 4441 potuerit
1273 4355 1674 4421 insimulandi
1704 4355 1848 4421 illos
1882 4358 2164 4421 auctores
2188 4356 2313 4421 laxi
2337 4356 2780 4438 probabilismi.

318 4462 400 4526 Et
446 4462 633 4545 plane
680 4461 871 4545 (113116
917 4461 1066 4524 611111
1110 4478 1270 4541 quae
1315 4458 1771 4543 perpendantur
1815 4458 2133 4540 sequentia
2172 4476 2220 4521 6.
2261 4459 2549 4523 Doctoris
2597 4461 2781 4526 verba

322 4562 589 4645 (Introd.
617 4563 742 4627 alla
770 4561 969 4646 prima
993 4561 1302 4645 Apologia
1327 4564 1541 4626 contro
1573 4560 1792 4626 Adelfo
1820 4561 2076 4628 Dositeo
2102 4579 2289 4644 prope
2313 4561 2553 4642 finem):
2581 4588 2616 4621 «
2635 4563 2782 4628 Dice
