3529 5158
679 334 787 391 574
1055 347 1267 388 mac-r.
1308 349 1387 389 ιν.
1425 349 1510 389 ma
1549 346 1855 389 mecm-rs·
1893 347 2090 389 CAPUT
2128 348 2169 386 1.
2204 346 2349 388 nun.
2385 346 2474 386 111.
2514 346 2651 386 11111.
2691 347 2755 387 11.
2992 331 3140 407 [646]

679 444 907 510 fluente
952 445 1144 528 priori
1187 445 1680 528 concupiscentia
1726 445 1790 508 in
1836 442 2185 519 secundam,
2225 443 2345 507 nisi
2375 462 2483 527 per
2527 443 2807 509 accidens
2851 444 3136 523 fortasse,

688 549 995 628 quatenus
1040 548 1294 629 reliquit
1340 548 1647 621 habitum,
1685 565 1809 629 quo
1841 546 2085 610 facilius
2115 544 2188 609 fit
2218 544 2522 610 secundus
2569 548 2767 624 actus,
2799 566 2993 628 quam
3025 548 3143 630 pri-

685 669 845 713 mus.
879 651 1033 715 Dico
1079 651 1326 732 itaque:
1374 649 1620 733 quando
1669 650 2024 714 voluntates
2061 667 2126 713 se
2171 648 2404 712 habent
2437 649 2638 731 primo
2685 648 2870 714 modo
2903 652 2969 714 et
2997 638 3140 715 cuin

680 751 791 816 illa
824 751 1234 832 dependentia
1270 756 1332 817 et
1359 751 1749 825 causalitate,
1781 751 2119 833 probabilis
2156 750 2403 815 videtur
2431 751 2737 816 sententia
2769 749 2943 825 Cani,
2975 754 3141 835 quod

682 855 802 919 nisi
825 855 1093 919 influxus
1116 855 1223 920 ille
1246 856 1738 938 interrumpatur
1770 872 1876 936 per
1898 853 2291 918 voluntatem
2314 853 2711 930 contrariam,
2744 854 3143 920 continuetur

688 958 1009 1022 moraliter
1054 957 1215 1021 idem
1248 960 1596 1040 peccatum3
1632 975 1826 1033 800118,
1859 955 2106 1037 quando
2147 956 2505 1021 voluntates
2538 956 2804 1021 secundo
2842 957 3028 1023 modo
3075 978 3142 1023 80

679 1059 910 1125 habent
939 1086 1000 1123 ».

770 1162 829 1225 N
834 1180 912 1226 on
952 1161 1264 1226 discordat
1301 1181 1448 1246 ergo
1490 1162 1667 1245 Lugo
1706 1180 1742 1224 a
1780 1160 2060 1225 doctrina
2098 1160 2410 1225 communi
2448 1160 2717 1226 aliorum
2761 1163 2825 1225 et
2870 1161 2997 1244 ipse
3036 1161 3141 1227 ad·

689 1266 892 1330 mittit
937 1285 1080 1330 cum
1128 1265 1286 1341 aliis,
1319 1265 1455 1329 dari
1485 1264 1692 1348 plures
1738 1265 1937 1339 actua,
1971 1282 2234 1343 quorum
2268 1262 2452 1336 alter,
2489 1266 2564 1325 ut
2593 1264 2769 1327 aits.
2803 1262 3026 1343 Alph„
3062 1264 3140 1328 ab

678 1366 879 1431 altero
926 1366 1288 1431 nullatenus
1318 1366 1613 1446 pendeat,
1648 1367 1836 1447 atque
1869 1365 2020 1430 adeo
2067 1365 2192 1430 sint
2239 1368 2490 1448 peccata
2532 1385 2791 1430 numero
2825 1366 3138 1446 distincta,

683 1469 747 1533 et
770 1469 909 1533 dein
934 1470 1296 1548 videbimus,
1322 1488 1370 1533 s.
1405 1469 1590 1551 Alph.
1617 1468 2051 1533 admittentem
2074 1466 2241 1548 (infr.
2268 1487 2328 1533 n.
2357 1469 2537 1549 298.)
2561 1467 2907 1532 doctrinam
2941 1469 3138 1553 Lugo,

681 1571 790 1635 ubi
821 1571 1223 1654 dependentia
1259 1573 1355 1637 est
1382 1571 1545 1636 inter
1581 1574 1779 1636 actus.
2347 1645 2363 1655 ‚

770 1673 981 1755 Neque
1013 1673 1108 1738 illi
1144 1674 1459 1738 doctrinae
1495 1672 1867 1738 contradicit
1895 1672 1977 1750 id,
2011 1673 2176 1754 quod
2223 1673 2401 1757 Lugo
2435 1672 2626 1750 addit,
2660 1693 2791 1738 esse
2838 1673 3138 1756 quosdam

685 1780 880 1853 actuS,
916 1796 1180 1858 quorum
1213 1776 1370 1841 alter
1418 1776 1495 1840 ab
1542 1776 1737 1840 altero
1786 1774 2009 1858 pendet
2037 1794 2109 1840 eo
2147 1775 2538 1841 causalitatis
2583 1796 2824 1860 genere,
2859 1777 3028 1859 quod
3065 1776 3138 1841 ad

679 1879 987 1943 unitatem
1020 1897 1232 1943 eorum
1264 1878 1564 1943 moralem
1595 1877 1884 1942 sufficiat.
1918 1876 2132 1959 Neque
2162 1878 2329 1942 enim
2358 1877 2481 1942 duo
2512 1878 2664 1943 haec
2693 1881 3067 1964 repugnant.

775 1982 856 2046 Et
882 1982 1046 2062 quod
1070 2001 1191 2046 non
1224 1980 1422 2063 gratis
1446 1979 1504 2044 id
1534 1980 1855 2064 adiungat,
1883 1998 1957 2043 en
1980 1980 2114 2043 eius
2136 1979 2408 2045 rationes
2431 1980 2474 2042 1.
2500 2000 2550 2044 0.
2579 2000 2636 2044 11.
2665 1980 2848 2045 566,;
2873 2008 2907 2039 «
2926 1980 3142 2061 Quoad

690 2084 955 2167 primam
989 2085 1228 2167 partem
1261 2083 1509 2166 probari
1532 2084 1739 2165 potest
1761 2081 2073 2146 conclusio
2098 2082 2303 2165 posita
2324 2082 2522 2166 primo
2549 2102 2585 2147 a
2608 2084 2959 2166 posteriori.
2985 2084 3144 2164 Quia

687 2186 742 2250 si
786 2185 896 2249 illa
944 2186 1233 2251 voluntas
1288 2184 1666 2268 pervenisset
1711 2183 1787 2247 ad
1837 2183 2285 2249 assecutionem
2331 2185 2428 2248 sui
2476 2185 2699 2249 obiecti
2744 2188 2808 2249 et
2852 2187 3144 2269 copulam

690 2308 835 2353 cum
881 2286 1108 2352 femina
1157 2287 1393 2352 aliena:
1440 2289 1651 2351 totum
1696 2284 1852 2349 illud
1886 2304 1924 2348 a
1955 2285 2254 2368 principio
2304 2304 2497 2368 usque
2543 2287 2619 2351 ad
2665 2287 2852 2353 finem
2894 2307 3146 2371 compu—

684 2393 925 2456 taretur
971 2410 1081 2474 pro
1129 2410 1251 2455 uno
1285 2391 1535 2473 peccato
1568 2391 1631 2453 et
1661 2388 1992 2453 satisfieret
2037 2387 2383 2469 confitendo
2420 2388 2576 2453 illud
2612 2391 2912 2473 tanquam
2941 2411 3140 2456 unum

684 2496 1006 2578 peccatum
1038 2495 1558 2568 consummatum,
1592 2512 1714 2556 non
1747 2490 2103 2574 explicando
2135 2492 2380 2573 quoties
2410 2492 2630 2556 habuit
2662 2493 2980 2559 decretum
3007 2515 3148 2578 pro·

680 2597 937 2662 curandi
984 2598 1159 2661 illam
1189 2597 1511 2670 feminam,
1547 2615 1693 2678 ergo
1732 2595 1925 2659 etiam
1963 2596 2106 2659 ante
2137 2594 2734 2660 consummationem
2766 2599 2970 2680 operis
3001 2598 3146 2662 illae

690 2701 1046 2765 voluntates
1085 2701 1210 2764 iam
1250 2699 1559 2764 habebant
1603 2698 2038 2764 connexionem
2085 2699 2246 2762 inter
2276 2717 2341 2763 se
2371 2697 2780 2763 sufficientem
2812 2699 2892 2763 ad
2924 2703 3150 2765 consti·

687 2802 989 2867 tuendum
1035 2821 1229 2865 unum
1276 2803 1616 2883 peccatum.
1650 2800 1816 2865 Nam
1847 2801 1900 2865 si
1932 2802 2075 2864 ante
2122 2799 2321 2882 operis
2366 2801 2972 2866 consummationem
3004 2803 3149 2868 fuis-

685 2906 823 2970 sent
869 2903 1012 2980 duo,
1060 2923 1183 2967 non
1231 2905 1480 2986 possent
1526 2907 1743 2986 postea
1789 2903 1997 2968 reduci
2042 2901 2119 2966 ad
2165 2922 2360 2966 unum
2407 2922 2513 2985 per
2558 2902 2899 2968 adventum
2949 2907 3145 2989 operis

685 3006 1103 3072 consummati
1133 3029 1194 3069 ».
1228 3006 1548 3082 Doctrina,
1583 3007 1681 3070 cui
1722 3006 2161 3088 argumentum
2191 3004 2435 3081 nititur,
2462 3004 2539 3068 ad
2572 3005 2659 3069 3¹¹¹
2698 3007 3145 3073 resolutionem

683 3112 1043 3192 sequentem
1088 3110 1348 3191 spectat,
1390 3109 1467 3172 ab
1507 3109 1791 3173 omnibus
1825 3107 2179 3172 admissam.
2213 3104 2681 3173 Consectarium
2711 3108 2914 3193 igitur
2945 3130 3147 3175 neces-

677 3212 912 3277 sarium
957 3211 1232 3277 eiusdem
1275 3210 1591 3276 doctrinae
1638 3209 1887 3275 admitti
1933 3210 2130 3275 debet.

777 3314 970 3378 Addit
1017 3313 1156 3377 dein
1203 3311 1381 3395 Lugo
1429 3313 1733 3376 rationem
1784 3331 1818 3376 a
1865 3313 2057 3395 priori
2102 3312 2248 3376 ibid.
2283 3332 2342 3376 n.
2383 3313 2568 3376 567.:
2611 3338 2645 3371 α
2678 3312 2844 3378 Η1110
2874 3317 3147 3381 sumitur

686 3419 848 3482 ratio
883 3438 917 3482 a
949 3418 1158 3500 priori.
1201 3416 1359 3497 Quia
1407 3417 1552 3481 illae
1598 3417 1756 3480 duae
1803 3417 2158 3482 voluntates
2191 3417 2253 3482 in
2283 3437 2433 3482 casu
2471 3419 2674 3501 posito
2721 3419 2956 3484 habent
2988 3422 3148 3485 inter

686 3541 752 3584 se
800 3520 1094 3594 ordinem,
1136 3521 1442 3601 quatenus
1475 3522 1738 3600 utraque
1772 3517 1970 3582 tendit
2002 3519 2079 3582 ad
2110 3518 2272 3582 idem
2319 3537 2474 3601 opus
2521 3520 2890 3602 ponendum,
2922 3525 2987 3585 et
3018 3541 3146 3586 una

690 3622 987 3704 dependet
1036 3622 1113 3685 ab
1161 3622 1285 3686 alia
1322 3622 1385 3685 in
1419 3620 1627 3687 ordine
1658 3620 1737 3684 ad
1774 3619 1955 3684 idem.
1990 3619 2152 3684 Nam
2187 3621 2349 3685 sicut
2392 3622 2685 3686 voluntas
2731 3623 3021 3688 besterna
3054 3644 3149 3689 oc-

688 3723 926 3790 cidendi
958 3724 1215 3789 Petrum
1238 3724 1468 3788 excitat
1491 3724 1608 3787 hoc
1636 3742 1818 3787 mane
1849 3725 1990 3805 post
2013 3741 2301 3788 somnum
2324 3724 2714 3788 voluntatem
2738 3727 3148 3809 prosequendi

684 3829 805 3892 iter
852 3827 929 3892 ad
967 3825 1367 3892 homicidium
1407 3824 1903 3908 perpetrandum,
1937 3825 2028 3889 ita
2066 3826 2296 3890 excitat
2323 3826 2442 3890 hoc
2468 3845 2649 3891 mane
2681 3826 2759 3891 ad
2796 3828 3145 3893 habendam

690 3952 917 3998 novam
964 3932 1353 3996 voluntatem
1403 3929 1712 3994 occidendi
1759 3929 2038 4008 Petrum,
2068 3931 2198 3994 sine
2244 3950 2369 4013 qua
2414 3931 2738 3996 voluntate
2784 3951 2909 3998 non
2944 3953 3148 4018 prose-

680 4034 953 4116 quereris
1000 4033 1136 4096 iter.
1192 4033 1355 4116 Ergo
1405 4033 1566 4097 sicut
1612 4033 1903 4097 voluntas
1949 4032 2356 4116 prosequendi
2400 4033 2519 4097 iter
2564 4032 2716 4098 facit
2770 4055 2964 4100 unum
3009 4055 3144 4119 pec-

677 4140 889 4202 catum
936 4156 1077 4200 cum
1124 4135 1448 4199 voluntate
1494 4137 1740 4199 externa
1797 4135 2108 4201 occidendi
2153 4136 2402 4219 propter
2446 4139 3016 4204 concatenationem
3075 4142 3142 4202 et

681 4240 1150 4322 dependentiam
1174 4239 1360 4303 unius
1394 4238 1472 4303 ab
1511 4239 1661 4314 alia;
1697 4239 1786 4302 sic
1823 4239 2014 4303 etiam
2045 4239 2336 4304 voluntas
2359 4238 2652 4304 hodierna
2681 4243 2934 4325 propter
2965 4241 3142 4306 illam

686 4342 1154 4423 dependentiam
1200 4342 1385 4406 11111118
1432 4342 1510 4405 ab
1556 4341 1686 4404 illa.
1726 4341 1898 4405 Haec
1945 4343 2154 4405 autem
2201 4341 2604 4425 dependentia
2634 4361 2758 4407 non
2795 4346 2892 4408 est
2922 4345 3140 4416 maior,

681 4443 927 4523 quando
977 4463 1131 4526 opus
1177 4444 1297 4508 fuit
1344 4445 1864 4520 consummatum,
1914 4443 2070 4524 (sive
2118 4463 2241 4508 non
2286 4446 2382 4506 est
2424 4443 2647 4518 minor,
2696 4444 2948 4525 quando
2989 4465 3142 4529 opus

682 4562 801 4608 non
852 4544 969 4607 fuit
1016 4548 1579 4628 consummatum);
1629 4544 1932 4627 siquidem
1965 4546 2387 4629 supponimuS,
2437 4545 2701 4627 primam
2748 4547 3141 4613 voluntatem
