3529 5158
345 308 494 385 [652]
724 322 806 363 An
846 321 1016 363 sarrs
1053 320 1147 362 sn·
1181 321 1408 362 mrum
1445 320 1703 362 Taurus.
1741 320 1911 368 Quam
1946 320 2198 363 ameum
2234 322 2298 363 m
2336 322 2438 364 ms
2707 309 2816 366 577

439 420 522 484 Et
545 419 619 483 de
643 419 857 483 eadem
879 438 945 482 re
968 416 1333 482 Tamburini
1364 416 1567 481 Meth.
1602 416 1859 496 confess.
1894 418 2000 481 lib.
2038 420 2097 482 2.
2133 438 2265 502 cap.
2304 421 2362 482 1.
2392 422 2449 503 g.
2487 422 2547 484 5.
2570 442 2629 485 n.
2666 423 2810 487 32.:

357 547 392 580 «
424 521 591 586 Satis
624 521 737 599 est,
773 520 828 585 si
858 520 1194 604 explicetur
1227 520 1491 602 tempuS,
1541 518 1788 601 quando
1838 521 1934 584 est
1978 521 2251 585 notabile
2290 523 2354 585 et
2386 521 2473 586 sic
2505 524 2660 588 satis
2693 526 2806 602 est,

348 624 401 688 si
433 623 710 688 dicatur:
761 622 903 704 Eyo
949 644 1003 686 v.
1036 642 1134 703 qr.
1156 641 1280 702 per
1311 642 1508 684 unum
1551 620 1715 685 diem
1760 620 1901 685 odio
1930 624 2211 704 yravitcr
2249 621 2484 688 habens
2513 623 2805 702 Petrum,

350 724 449 788 illi
470 724 641 789 mala
669 725 896 807 yram'a
927 725 1301 804 imprecatus
1324 742 1463 787 sum
1481 742 1501 785 .·
1515 743 1637 802 per
1669 743 1865 787 unum
1892 744 2163 788 mensem
2190 727 2457 806 turpiter
2486 729 2810 807 concupivi

334 826 686 908 puellam...
713 852 774 891 ».
803 825 937 906 Quo
964 828 1174 890 tamen
1195 826 1260 890 in
1282 826 1419 890 loco
1445 825 1810 890 Tamburini
1832 826 2019 892 nimis
2042 827 2228 892 crude
2252 829 2633 911 probabilem
2658 830 2813 895 dicit

348 931 721 996 sententiam
751 928 905 994 Cani
936 929 1153 1013 (prout
1184 948 1326 994 eum
1372 928 1502 1012 ipse
1538 929 1888 1014 intelligit),
1923 948 2044 994 non
2079 930 2290 995 addita
2322 932 2698 998 limitatione
2746 936 2809 998 et

348 1033 751 1117 explicatione
783 1032 961 1117 Lugo
995 1032 1068 1095 de
1101 1031 1343 1096 actibus
1374 1030 1637 1096 invicem
1684 1030 2203 1113 dependentibus;
2245 1033 2351 1097 sed
2383 1034 2542 1098 hanc
2587 1053 2810 1118 suppo-

348 1137 542 1202 suisse
580 1136 1095 1201 existimabimus.

437 1235 588 1308 851.
623 1237 918 1318 Quaestio
958 1238 1169 1303 autem
1216 1236 1350 1300 heic
1380 1237 1493 1313 est,
1528 1235 1842 1318 quodnam
1880 1236 1964 1300 sit
2004 1236 2248 1319 tempus
2280 1237 2436 1302 illud
2470 1239 2602 1302 tam
2633 1241 2808 1303 nota-

345 1342 466 1407 bile
500 1360 570 1405 ac
600 1340 987 1416 diuturnum,
1037 1339 1127 1416 ut,
1178 1338 1407 1403 omissa
1451 1337 1813 1420 quaestione
1868 1338 1941 1402 de
1993 1339 2389 1405 numerandis
2442 1340 2808 1423 interruptis

346 1444 607 1521 actibus,
641 1443 797 1507 satis
829 1442 913 1507 sit
944 1443 1189 1524 tempus
1222 1439 1519 1504 confiteri.

434 1549 505 1611 In
537 1568 662 1630 qua
693 1546 1052 1629 quaestione
1084 1544 1443 1629 resolvenda
1477 1543 1602 1608 dixi
1634 1544 1950 1609 conciliari
1982 1545 2256 1610 diversas
2288 1547 2626 1611 sententias
2659 1566 2807 1629 quo-

342 1649 695 1726 dammod0‚
744 1647 891 1729 quia
940 1646 1312 1710 conveniunt
1344 1645 1416 1708 de
1462 1645 1595 1709 solo
1628 1647 1907 1728 tempore
1940 1646 2330 1729 exprimendo
2365 1648 2502 1712 tum
2533 1649 2646 1725 1111,
2696 1650 2806 1732 qui

341 1773 486 1817 cum
519 1750 688 1816 Cano
722 1750 824 1832 (ut
855 1750 1143 1834 putatur)
1177 1749 1405 1825 tenent,
1456 1767 1650 1812 unum
1683 1767 1815 1812 esse
1862 1752 2183 1832 peccatum
2216 1752 2281 1815 et
2312 1753 2603 1817 statuunt
2648 1754 2805 1819 satis

341 1873 475 1920 esse
524 1857 769 1937 tempus
815 1851 1162 1916 durationis
1209 1850 1272 1914 in
1319 1868 1511 1932 pravo
1563 1850 1789 1916 affectu
1833 1852 2189 1935 exprimere,
2237 1855 2376 1917 tum
2423 1855 2532 1936 qui
2577 1856 2806 1938 putant

338 1957 523 2040 plura
550 1956 760 2020 adesse
786 1955 1057 2037 peccata,
1085 1952 1191 2017 sed
1216 1950 1470 2027 addunt,
1492 1952 1940 2037 obligationem
1964 1953 2174 2019 adesse
2199 1955 2575 2039 exprimendi
2599 1957 2805 2022 solum

338 2060 607 2141 tempuS‚
643 2076 765 2122 non
799 2074 942 2120 vero
975 2054 1255 2138 singulos
1302 2055 1540 2130 motus3
1577 2055 1725 2136 quia
1762 2056 1879 2121 hoc
1909 2056 2292 2139 postremum
2331 2056 2492 2122 foret
2521 2059 2804 2141 impossi-

336 2161 479 2227 bile.
499 2160 583 2224 Et
606 2158 856 2241 quidem
876 2156 1158 2240 quaestio
1177 2155 1301 2220 alio
1330 2155 1515 2220 modo
1547 2157 1808 2240 proponi
1825 2157 2034 2241 potest
2063 2157 2200 2240 (qui
2218 2159 2425 2223 tamen
2443 2160 2506 2223 in
2523 2161 2798 2244 praeced.

334 2262 557 2328 recidit
602 2261 808 2344 quoad
869 2259 1335 2343 substantiam),
1387 2259 1693 2340 quantum
1740 2259 1964 2324 durare
2010 2260 2210 2342 possit
2262 2280 2423 2326 unus
2479 2262 2804 2327 moraliter

338 2368 535 2435 actus.
586 2366 677 2430 ita
716 2365 790 2429 ut
836 2364 909 2429 de
942 2362 1315 2446 explicandis
1362 2364 1501 2427 tum
1546 2362 2104 2445 interruptionibus
2150 2364 2329 2428 iuxta
2375 2365 2640 2430 alteram
2670 2386 2802 2431 sen-

335 2469 621 2546 tentiam,
658 2468 794 2532 tum
841 2465 1138 2548 temporis
1186 2464 1512 2529 duratione
1542 2464 1717 2529 iuxta
1751 2465 2033 2542 alteram,
2068 2465 2153 2530 sit
2183 2466 2298 2530 aut
2328 2486 2448 2532 non
2487 2468 2571 2532 sit
2601 2487 2802 2534 neces-

334 2570 527 2635 sitas:
555 2570 662 2636 ubi
681 2570 931 2634 adverte
956 2567 1061 2653 agi
1093 2566 1166 2632 de
1193 2567 1454 2644 actibuS,
1483 2587 1749 2649 quorum
1784 2567 1941 2633 alter
1967 2567 2043 2632 ab
2069 2567 2266 2634 altero
2291 2589 2413 2634 non
2439 2569 2796 2654 dependeat,

333 2673 441 2739 sed
478 2675 606 2738 sint
636 2672 957 2756 disparati.

426 2771 597 2846 652.
633 2775 827 2840 Porro
861 2774 1140 2839 omnium
1172 2773 1512 2837 clarissime
1549 2773 1694 2836 huic
1724 2773 2075 2855 quaestioni
2107 2774 2416 2840 satisfacit
2446 2776 2653 2863 Lug03
2689 2780 2797 2862 qui

333 2880 668 2962 postquam
726 2877 1013 2954 advertit,
1063 2877 1364 2940 Doctores
1409 2876 1583 2939 varie
1631 2876 1695 2940 et
1739 2875 1993 2940 obscure
2041 2876 2113 2941 de
2159 2878 2276 2943 hoc
2319 2878 2617 2961 loquutos
2665 2901 2796 2948 esse

332 2980 517 3065 (disp.
564 2982 665 3045 16.
708 2980 780 3044 de
825 2979 1078 3044 Poenit.
1128 2999 1187 3043 n.
1226 2977 1425 3062 568.)‚
1476 2979 1564 3042 sic
1609 2978 1748 3042 dein
1796 2998 1926 3043 rem
1958 2979 2249 3061 explanat
2294 2980 2468 3060 (ibid.
2519 3003 2577 3045 n.
2614 2984 2796 3067 569.)

332 3084 785 3166 praemittendo
811 3083 1127 3147 notionem
1146 3080 1402 3145 moralis
1425 3080 1927 3163 interruptionis:
1955 3105 1988 3136 «
2021 3079 2155 3163 Ego
2182 3080 2486 3158 existimo,
2512 3084 2796 3166 regulam

332 3186 634 3251 moralem
658 3186 1096 3251 desumendam
1120 3202 1250 3248 esse
1276 3182 1533 3246 arbitrio
1567 3181 1886 3264 prudentis
1911 3199 1982 3244 ex
2007 3181 2403 3263 proportione
2436 3182 2513 3246 ad
2544 3190 2796 3268 peccata

335 3288 604 3352 externa.
638 3287 801 3353 Nam
835 3289 997 3352 sicut
1028 3287 1092 3349 in
1132 3286 1380 3368 peccato
1430 3285 1678 3347 externo
1726 3281 2139 3346 contumeliae
2178 3283 2242 3346 et
2279 3282 2560 3361 iniuriae,
2601 3305 2798 3369 perse-

334 3393 515 3457 verat
546 3393 753 3456 unitas
799 3390 1055 3475 peccati,
1089 3386 1335 3470 quando
1383 3386 1447 3449 in
1494 3385 1707 3450 eodem
1754 3403 2088 3468 congressu
2126 3385 2465 3451 successive
2495 3388 2798 3472 multipli-

333 3496 555 3559 cantur
578 3492 987 3559 contumeliae
1020 3492 1084 3555 et
1113 3489 1395 3567 iniuriae,
1431 3488 1623 3553 etiam
1662 3487 1979 3552 occasione
2013 3489 2263 3571 accepta
2295 3508 2366 3553 ex
2403 3491 2797 3574 responsione

331 3596 533 3674 illius:
580 3597 681 3661 cui
732 3595 1026 3660 iniuriam
1088 3592 1304 3657 infers:
1365 3590 1865 3673 multiplicantur
1921 3591 2132 3655 autem
2191 3593 2461 3674 peccata,
2526 3595 2793 3676 quando,

332 3701 667 3782 postquam
697 3699 802 3762 ille
834 3697 1113 3773 decessit,
1148 3698 1363 3778 postea
1395 3694 1594 3759 denuo
1629 3693 1745 3757 tibi
1794 3693 2063 3758 occurrit
2107 3696 2170 3758 et
2215 3693 2444 3759 iterum
2483 3696 2538 3760 ei
2584 3700 2799 3762 contu-

330 3803 550 3868 melias
596 3802 783 3866 infers
832 3802 945 3865 aut
988 3799 1276 3874 iniurias;
1327 3798 1475 3879 quia
1505 3797 1615 3860 illa
1648 3797 1816 3879 prior
1849 3796 2010 3860 actio
2044 3796 2172 3860 iam
2204 3797 2566 3861 censebatur
2598 3818 2797 3863 mora-

332 3906 477 3970 liter
501 3906 678 3970 finita
704 3907 767 3969 et
790 3903 1125 3987 completa:
1152 3901 1245 3965 ita
1270 3920 1411 3964 cum
1442 3900 1839 3983 proportione
1871 3899 2117 3963 videtur
2148 3898 2214 3962 in
2244 3900 2511 3981 peccatis
2534 3900 2795 3966 internis

333 4008 677 4073 dicendum.
713 4006 972 4087 Quando
1006 4004 1170 4069 enim
1203 4002 1512 4067 obiectum
1536 4003 1889 4084 perseverat
1925 4000 2100 4064 nobis
2133 4019 2418 4083 praesens
2449 4003 2791 4082 moraliter,

331 4113 479 4195 quia
511 4130 633 4177 non
672 4110 1005 4175 habuimus
1044 4107 1322 4170 animum
1353 4103 1700 4167 discedendi
1733 4103 1812 4166 ab
1845 4121 1915 4166 ea
1947 4101 2346 4186 cogitatione,
2397 4103 2501 4169 sed
2535 4124 2683 4170 casu
2730 4108 2796 4171 et

329 4215 609 4280 naturali
655 4213 866 4295 aliqua
913 4208 1312 4275 distractione
1358 4205 1863 4289 interrumpitur3
1913 4206 2195 4270 censetur
2227 4205 2427 4271 adhuc
2473 4208 2797 4274 moraliter

329 4320 492 4384 idem
532 4333 898 4402 congressus
930 4315 1032 4396 (ut
1069 4313 1158 4376 ita
1192 4311 1423 4392 dicam)
1455 4329 1597 4373 cum
1638 4309 1898 4384 obiecto,
1939 4306 2104 4389 quod
2142 4328 2460 4390 nunquam
2492 4310 2791 4392 discessit,

330 4422 436 4487 sed
468 4421 658 4486 habet
691 4438 754 4484 se
792 4418 954 4481 sicut
990 4415 1113 4492 ille,
1154 4433 1336 4497 quem
1369 4412 1745 4476 contumelia
1785 4410 1999 4488 afficis,
2035 4411 2144 4493 qui
2180 4430 2302 4476 non
2336 4411 2614 4491 discedit,
2647 4415 2795 4481 licet

493 4577 780 4621 Banmnu.
804 4598 855 4607 -
876 4572 1043 4616 Horal.
1071 4571 1205 4615 Tom.
1236 4571 1277 4613 1.
2580 4574 2634 4618 37
