3529 5158
723 308 796 362 32
1249 324 1459 366 TRAOT.
1502 327 1540 364 1.
1580 324 1665 365 na·
1702 323 1959 367 Aornms
1995 325 2286 367 numanis.
2327 325 2524 368 carm
2561 327 2650 370 111.
3072 313 3183 390 [36]

723 423 820 485 est
851 422 1081 503 absque
1128 421 1646 504 praesumptione,
1679 421 1846 503 quod
1893 420 2120 503 aliquis
2165 422 2240 487 de
2269 422 2575 507 ignoratis
2620 424 2994 490 sententiam
3025 426 3187 493 ferat

724 525 789 587 et
835 523 1101 586 maxime
1146 524 1209 585 in
1258 523 1483 604 quibus
1532 524 1874 606 periculum
1921 524 2257 588 exsistit».

811 626 902 689 De
932 626 1287 709 ignorantia
1336 645 1477 690 vero
1510 626 1754 690 subdit:
1795 651 1831 685 «
1863 625 1980 691 Sed
2010 627 2366 711 ignorantia
2413 628 2486 691 de
2517 646 2582 693 se
2611 630 2919 695 rationem
2952 650 3183 714 poenae

720 728 904 792 dicit:
952 747 1076 792 non
1124 730 1334 793 autem
1383 729 1582 793 omnis
1627 729 1986 813 ignorantia
2032 729 2220 793 habet
2263 730 2569 794 rationem
2616 731 2853 814 culpae,
2895 732 3182 817 ignorare

717 829 883 894 enim
915 849 1005 906 ea,
1041 849 1200 911 quae
1231 830 1370 912 quis
1401 851 1522 894 non
1554 833 1803 895 tenetur
1832 832 2004 907 scire,
2042 832 2272 912 absque
2304 833 2485 914 culpa
2517 836 2645 897 est:
2680 833 2786 898 sed
2822 835 3182 918 ignorantia

716 933 847 1010 1116,
882 952 1005 1015 qua
1040 934 1179 1014 quis
1208 933 1459 1017 ignorat
1489 952 1579 1007 ea,
1616 951 1774 1015 quae
1807 936 2055 998 tenetur
2086 935 2257 1009 scire,
2293 953 2416 998 non
2448 937 2544 999 est
2574 936 2806 1017 absque
2838 941 3089 1019 peccato
3116 963 3178 1004 ».

717 1034 887 1114 Quae
932 1037 1140 1099 tamen
1186 1035 1456 1119 intelligi
1501 1035 1741 1113 debent,
1778 1036 1832 1100 si
1876 1037 2015 1118 quis
2061 1036 2272 1118 potuit
2316 1038 2487 1114 scire,
2523 1038 2597 1100 ut
2642 1039 2818 1120 patet
2862 1057 2934 1102 ex
2981 1040 3180 1106 altero

715 1138 851 1203 loco
899 1138 1128 1202 citato:
1170 1162 1206 1195 «
1238 1140 1458 1202 horum
1507 1142 1720 1203 autem
1769 1139 2033 1220 (scilicet
2080 1157 2313 1214 eorum,
2364 1157 2523 1220 quae
2569 1140 2710 1221 quis
2756 1142 2944 1206 natus
2993 1145 3179 1225 aptus

715 1241 810 1303 est
863 1240 1044 1322 scire)
1089 1239 1394 1321 quaedam
1455 1240 1682 1321 aliquis
1728 1241 1883 1307 scire
1943 1242 2209 1317 tenetur,
2256 1240 2368 1304 illa
2430 1241 2682 1320 scilicet,
2730 1243 2867 1305 sine
2914 1264 3181 1324 qaorum

711 1341 976 1404 scientia
1004 1361 1131 1405 non
1148 1344 1361 1421 potest
1386 1341 1660 1405 debitum
1686 1347 1896 1407 actum
1927 1346 2086 1406 recte
2117 1362 2416 1406 excercere.
2444 1343 2619 1407 Unde
2654 1362 2863 1409 omnes
2889 1347 3180 1411 tenentur

714 1444 866 1508 scire
912 1445 1322 1509 communiter
1367 1464 1458 1522 ea,
1507 1465 1665 1527 quae
1713 1448 1859 1510 sunt
1904 1445 2046 1509 fidei
2092 1446 2156 1509 et
2201 1444 2567 1509 universalis
2613 1446 2766 1510 imis
2813 1450 3175 1529 praecepta:

712 1546 946 1631 singuli
978 1548 1190 1611 autem
1222 1567 1313 1624 ea,
1349 1566 1507 1629 quae
1554 1547 1631 1611 ad
1664 1567 1878 1612 eorum
1924 1548 2163 1611 statum
2211 1548 2275 1611 et
2323 1547 2596 1612 officium
2644 1548 2946 1630 spectant.
2982 1547 3178 1627 Quae-

711 1648 853 1713 dam
894 1668 1039 1714 vero
1073 1653 1239 1727 sunt,
1275 1669 1433 1732 quae
1479 1650 1597 1714 etsi
1645 1650 1872 1732 aliquis
1917 1652 2104 1714 natus
2152 1650 2247 1714 est
2293 1650 2464 1726 scire,
2498 1668 2620 1713 non
2668 1650 2876 1714 tamen
2917 1669 2988 1714 ea
3021 1652 3176 1715 scire

710 1752 974 1827 tenetur,
1039 1753 1202 1817 sicut
1263 1752 1650 1817 theoremata
1711 1752 2087 1836 geometriae
2151 1754 2215 1816 et
2275 1752 2700 1836 contingentia
2747 1752 3171 1835 particularia,

708 1853 828 1916 nisi
858 1854 922 1916 in
955 1873 1122 1918 casu.
1172 1854 1575 1919 Manifestum
1608 1855 1702 1919 est
1749 1856 1981 1930 autem,
2016 1854 2180 1936 quod
2228 1855 2599 1936 quicumque
2636 1854 2902 1939 negligit
2948 1855 3173 1920 habere

707 1955 805 2018 vel
852 1955 1048 2019 facere
1095 1955 1177 2032 id,
1228 1956 1392 2036 quod
1454 1958 1699 2020 tenetur
1745 1956 1969 2021 habere
2015 1957 2113 2020 vel
2161 1956 2376 2033 facere,
2427 1957 2640 2038 peccat
2686 1959 2940 2039 peccato
2991 1958 3176 2022 611113-

706 2056 915 2121 sionis,
952 2056 1126 2121 Unde
1158 2060 1406 2140 propter
1437 2057 1882 2142 negligentiam
1913 2058 2268 2142 ignorantia
2301 2076 2534 2134 eorum,
2568 2077 2726 2139 quae
2758 2058 2985 2140 aliquis
3017 2060 3174 2124 36116

705 2163 971 2235 16661111,
1007 2164 1101 2225 631
1147 2164 1497 2244 peccatum:
1538 2179 1659 2225 non
1693 2162 1904 2225 autem
1934 2160 2286 2244 imputatur
2316 2159 2555 2224 homini
2587 2159 2665 2223 ad
2695 2160 3166 2245 negligentiam,

704 2263 756 2327 si
802 2264 1039 2329 nesciat
1085 2283 1176 2341 ea,
1227 2283 1384 2345 quae
1433 2263 1584 2328 scire
1631 2282 1752 2328 non
1817 2263 2085 2346 potest...
2136 2260 2328 2324 Nulla
2389 2261 2744 2345 ignorantia
2789 2261 3170 2327 invincibilis

702 2368 798 2431 est
844 2369 1201 2449 peccatum:
1236 2366 1591 2450 ignorantia
1624 2366 1835 2430 autem
1883 2364 2189 2429 vincibilis
2221 2364 2316 2427 est
2363 2365 2702 2446 peccatum,
2730 2362 2781 2427 si
2815 2363 2899 2427 sit
2930 2383 3164 2441 6616111,

701 2489 859 2551 quae
907 2470 1135 2551 aliquis
1181 2468 1334 2533 scire
1381 2471 1645 2545 tenetur,
1696 2486 1819 2532 non
1867 2470 2078 2532 autem
2125 2467 2176 2530 31
2225 2466 2309 2530 311
2355 2483 2587 2544 eorum,
2637 2484 2795 2547 quae
2842 2466 2980 2547 quis
3011 2466 3166 2530 scire

699 2591 824 2638 non
871 2573 1119 2636 tenetur
1152 2596 1213 2634 ».

787 2669 912 2743 38.
953 2674 1083 2737 Alii
1129 2672 1526 2757 distinguunt
1569 2673 1992 2757 ignorantiam
2025 2673 2412 2751 privativam
2458 2673 2521 2736 et
2564 2671 2938 2752 neyativam.
2986 2672 3168 2737 Prior

699 2776 796 2840 est
841 2775 970 2839 veri
1016 2776 1284 2841 nominis
1330 2775 1706 2859 ignorantia,
1741 2776 1938 2838 altera
1985 2773 2290 2839 diceretur
2336 2773 2690 2839 nescientia.

785 2876 1056 2942 Additur
1087 2879 1150 2942 61
1196 2878 1320 2941 6116
1368 2877 1672 2959 quaedam
1716 2876 2107 2962 ignorantiae
2147 2876 2396 2959 specieS,
2432 2894 2620 2958 quam
2667 2874 2915 2957 quidem
2949 2874 3165 2941 dicunt

696 2977 1003 3044 accendam
1049 2983 1113 3045 et
1159 2979 1268 3044 alii
1314 2999 1455 3044 cum
1502 2999 1550 3044 3.
1601 2980 1841 3044 Τ116166
1894 2980 1950 3043 1.
1988 2980 2047 3043 2.
2082 3000 2140 3061 q.
2178 2979 2238 3042 6.
2275 2998 2329 3042 6.
2367 2979 2426 3043 8.
2468 2977 2684 3042 dicunt
2730 2978 3165 3059 iynorantiam

694 3083 897 3148 malae
929 3083 1263 3148 electiom’s.
1297 3109 1332 3142 «
1357 3081 1516 3148 Cum
1547 3083 1794 3165 aliquiS,
1828 3082 1921 3146 ita
1953 3101 2001 3146 3.
2037 3083 2328 3160 Τ11611163,
2362 3084 2506 3144 actu
2537 3080 2638 3162 (en
2671 3100 2780 3145 cur
2811 3081 2921 3144 alii
2951 3085 3149 3144 actiui

695 3185 814 3250 lem
860 3187 1152 3272 dixerint)
1197 3207 1320 3252 non
1366 3186 1714 3252 considerat
1759 3183 1926 3267 quod
1972 3183 2354 3250 considerare
2402 3185 2608 3267 potest
2654 3184 2718 3248 et
2764 3183 2962 3260 debet,
2999 3203 3162 3266 quae

691 3290 786 3353 est
830 3290 1187 3374 ignorantia
1234 3289 1395 3353 male
1440 3289 1776 3362 electioni&
1825 3288 1923 3352 vel
1970 3308 2041 3351 ex
2086 3286 2370 3371 passione
2417 3285 2514 3349 vel
2561 3303 2632 3348 ex
2677 3284 2900 3350 habitu
2947 3303 3163 3368 prove—

691 3390 864 3454 niens
898 3416 957 3455 ».
994 3390 1231 3471 Quibus
1265 3391 1610 3456 addendum
1643 3390 1810 3473 quod
1844 3390 2085 3455 omittit
2115 3408 2164 3453 s.
2200 3388 2505 3452 Thomas:
2539 3384 2636 3449 vel
2666 3406 2744 3449 ecc
2781 3386 3162 3467 infirmitate

689 3494 752 3555 et
791 3493 1010 3556 nativa
1056 3493 1235 3556 nobis
1282 3492 1739 3556 imbecillitate:
1791 3492 2001 3558 omisit
2048 3492 2261 3555 autem
2307 3509 2355 3554 3.
2398 3487 2703 3566 Τ1161663;
2752 3489 2900 3572 quia
2946 3489 3036 3554 ibi
3084 3491 3161 3556 de

689 3594 1045 3677 ignorantia
1093 3594 1446 3660 voluntaria
1493 3598 1555 3659 et
1602 3595 1898 3678 culpabili
1946 3595 2191 3678 agebat.

791 3694 963 3759 Haec
1008 3697 1217 3761 tamen
1264 3697 1650 3761 communius
1696 3698 1759 3761 et
1806 3697 2013 3778 aptius
2074 3693 2194 3758 dici
2242 3694 2563 3758 consuevit
2607 3693 3158 3760 inconsiderantia

683 3799 796 3862 aut
841 3799 1345 3872 inconsideratis),
1380 3798 1624 3873 oblivia,
1659 3798 2013 3870 oscitantia,
2047 3794 2510 3860 inadvertentia
2555 3799 2671 3861 etc.
2706 3798 2799 3861 De
2839 3815 2982 3879 qua,
3020 3817 3160 3881 pro-

686 3902 968 3983 portione
1015 3903 1278 3980 servata,
1314 3903 1515 3967 valere
1563 3901 1786 3966 debent
1832 3920 1922 3978 ea,
1959 3917 2116 3981 quae
2163 3899 2454 3963 dicuntur
2500 3898 2573 3963 de
2621 3899 2999 3984 ignorantia.

772 3999 897 4074 3¹1.
934 4003 1400 4088 Quod.spectat
1438 4005 1515 4068 ad
1548 4023 1840 4077 errorem,
1889 4002 2352 4066 distinctionem
2399 4000 2620 4065 erroris
2667 4002 2745 4065 ab
2790 4001 3156 4086 ignorantia

685 4124 733 4169 s.
749 4106 1021 4171 Thomas
1040 4108 1272 4191 accepit
1298 4109 1375 4171 ab
1393 4107 1767 4192 Augustino,
1790 4104 1897 4188 qui
1913 4124 2046 4188 cap.
2071 4105 2172 4168 17.
2193 4102 2530 4168 Euchiridii
2544 4104 2779 4186 inquit:
2806 4129 2840 4162 «
2853 4102 3158 4183 Quamvis

685 4227 905 4286 errare,
940 4211 1176 4290 quanta
1223 4229 1551 4293 possumus
1583 4229 1748 4286 cura,
1786 4207 2127 4272 cavendum
2159 4207 2262 4283 sit,
2297 4225 2419 4270 non
2452 4207 2656 4271 solum
2689 4206 2753 4270 in
2784 4207 3150 4283 1116161111113,

683 4308 789 4374 sed
822 4310 1012 4375 etiam
1043 4312 1107 4376 in
1153 4312 1495 4378 minoribus
1525 4311 1707 4376 rebus
1753 4329 1864 4375 1166
1902 4309 2022 4374 11131
2053 4329 2260 4374 16111111
2290 4309 2646 4393 ignorantia
2684 4309 2883 4392 possit
2920 4309 3150 4386 errari;

682 4430 805 4477 non
853 4414 1062 4479 tamen
1095 4416 1190 4480 est
1237 4432 1629 4495 consequens,
1662 4415 1737 4478 ut
1784 4413 2076 4478 continuo
2125 4415 2285 4477 erret
2332 4412 2614 4495 quisquis
2661 4412 2895 4494 aliquid
2928 4413 3149 4486 nescit,

681 4514 783 4582 sed
820 4516 1102 4599 quisquis
1135 4536 1198 4581 se
1245 4516 1561 4581 existimat
1591 4515 1743 4582 scire
1791 4516 1956 4600 quod
1986 4517 2201 4582 nescit.
2237 4515 2357 4582 Pro
2392 4535 2534 4582 vero
2568 4515 2794 4599 quippe
2841 4516 3152 4598 approbat
