3529 5158
694 337 801 392 550
1079 348 1291 389 rarior.
1331 350 1412 391 iv.
1448 349 1533 389 nn
1570 347 1878 390 pmcn-rs.
1915 348 2112 390 capu‘r
2153 349 2193 389 1.
2230 348 2374 390 nun.
2415 347 2506 388 111.
2545 347 2685 388 ΛΒΤ.
2721 348 2761 388 1.
2999 335 3166 406 [614]

699 469 749 514 s.
783 449 1054 513 Thomas
1091 448 1147 510 1.
1182 449 1242 510 2.
1283 466 1341 528 q.
1380 447 1480 510 18.
1517 448 1635 510 art.
1663 447 1724 510 2.
1760 447 1824 509 et
1857 447 1916 508 5.
1957 446 2021 510 et
2051 464 2109 526 q.
2148 445 2250 508 72.
2286 444 2405 508 art.
2444 444 2546 508 1...
2573 442 2659 507 In
2695 463 2763 506 re
2795 446 3010 512 tamen
3042 463 3165 509 non

699 555 795 617 est
818 550 1127 616 contraria
1150 549 1554 633 praecedenti,
1581 549 1686 614 sed
1709 548 1913 632 magis
1936 546 2202 630 explicat
2224 546 2494 612 radicem
2517 549 2695 612 actus
2719 547 2870 614 mali
2898 549 2974 612 ut
2998 547 3164 611 sic».

790 654 871 718 Et
915 652 1235 736 Laymann
1265 651 1374 716 lib.
1413 652 1469 714 1.
1504 653 1581 715 tr.
1622 652 1684 715 3.
1718 670 1852 733 cap.
1889 651 1948 714 2.
1985 670 2044 713 n.
2081 651 2141 713 2.
2174 648 2321 714 licet
2366 649 2559 714 aliam
2587 649 2875 734 regulam
2921 651 3171 715 statuat

700 774 810 839 pro
856 753 1123 837 peccatis
1155 755 1371 818 contra
1402 754 1729 836 praecepta
1759 752 2063 834 positivae
2097 751 2274 835 legis,
2311 751 2501 814 aliam
2533 769 2644 833 pro
2675 752 3005 818 contrariis
3042 751 3170 835 legi

702 855 997 928 naturali,
1020 854 1227 937 quoad
1258 856 1408 920 haec
1438 857 1647 920 tamen
1684 854 1774 918 sic
1809 852 2099 918 conciliat
2127 852 2192 917 in
2231 871 2422 918 unam
2455 852 2772 920 doctrinas
2805 873 2854 918 s.
2889 854 3168 918 Thomas

703 963 767 1024 et
798 957 995 1023 Scoti:
1023 981 1057 1014 «ι
1080 956 1308 1021 Unitas
1340 959 1404 1020 et
1434 956 1761 1020 diversitas
1792 954 2072 1037 specifica
2110 957 2523 1038 peccatorum,
2557 975 2718 1038 quae
2748 959 2813 1022 et
2858 959 3169 1038 quatenus

705 1059 978 1127 naturali
1013 1059 1139 1142 legi
1169 1058 1595 1132 adversantur,
1635 1057 1910 1140 proxime
1948 1076 2018 1121 ac
2052 1057 2399 1124 formaliter
2429 1058 2777 1128 desumitur
2808 1077 2880 1123 ex
2908 1059 3171 1126 rectitu-

705 1165 844 1229 dine
890 1182 999 1227 seu
1044 1162 1370 1226 honestate
1415 1160 1688 1237 virtutis,
1723 1160 1825 1224 cui
1857 1162 2284 1242 opponuntur:
2323 1163 2562 1227 remote
2598 1162 2816 1228 autem
2850 1163 2914 1227 et
2942 1160 3169 1226 funda-

706 1265 1061 1333 mentaliter
1092 1283 1164 1328 ex
1194 1264 1436 1330 obiecto
1475 1288 1536 1327 ».

798 1367 1073 1448 Denique
1120 1366 1362 1431 Tanner
1406 1366 1555 1448 ipse,
1605 1385 1641 1429 e
1684 1384 1808 1447 quo
1853 1365 2093 1431 Auctor
2136 1385 2251 1432 sua
2295 1366 2519 1431 referre
2565 1385 2630 1431 se
2675 1365 2847 1443 dicit,
2897 1365 3166 1449 idipsum

709 1471 1017 1546 affirmat;
1045 1470 1120 1534 ut
1151 1469 1492 1534 videbimus
1522 1487 1665 1533 mox
1695 1468 2093 1551 explanantes
2116 1468 2463 1534 doctrinam
2491 1468 2805 1534 Auctoris.
2832 1467 2971 1548 Qua
3001 1469 3068 1533 in
3105 1488 3172 1533 re

709 1576 826 1639 hoc
871 1573 1209 1648 advertam,
1252 1571 1417 1654 quod
1464 1572 1707 1637 Tanner
1751 1571 2098 1636 doctrinam
2142 1571 2499 1636 huiusmodi
2545 1571 2758 1637 tradat
2804 1571 3010 1638 solum
3057 1591 3168 1655 pro

710 1675 977 1760 peccatis
996 1674 1468 1751 commissionis,
1495 1674 1685 1739 aliam
1709 1692 1874 1748 vero,
1896 1674 2052 1756 disp.
2078 1674 2140 1737 4.
2166 1672 2240 1738 dc
2264 1673 2517 1738 Peccat.
2546 1693 2607 1757 q.
2629 1675 2689 1738 2.
2717 1673 2863 1740 dub.
2898 1676 2954 1738 1.
2980 1695 3040 1738 n.
3067 1673 3169 1742 16.

711 1778 926 1843 tradat
958 1796 1069 1861 pro
1107 1777 1373 1861 peccatis
1411 1777 1781 1842 omissionis.
1816 1776 1933 1841 Sed
1979 1776 2163 1842 modo
2200 1777 2263 1842 id
2300 1796 2664 1860 seponemus
2710 1780 2774 1843 et
2805 1796 3176 1860 quaeremus

713 1881 787 1945 de
818 1900 1002 1945 sensu
1032 1881 1345 1944 doctrinae
1379 1880 1456 1943 ab
1486 1880 1758 1945 Auctore
1791 1880 2076 1944 traditae.

803 1979 960 2053 814.
982 1983 1314 2064 Triplicem
1336 1982 1577 2064 partem
1600 1983 1915 2065 responsio
1948 1983 2154 2048 habet.
2172 1982 2384 2047 Prima
2414 1983 2645 2048 statuit
2675 1985 2950 2065 peccata,
2970 1983 3176 2065 quoad

714 2105 846 2150 esse
876 2085 1197 2149 materiale
1234 2104 1344 2149 seu
1380 2084 1583 2166 quoad
1620 2084 1950 2149 entitatem
1978 2085 2332 2168 positivam,
2368 2086 2566 2168 specie
2599 2085 2904 2170 distingui
2935 2088 3075 2151 tum
3107 2105 3179 2149 ex

716 2187 973 2254 obiectis
1002 2186 1387 2264 formalibus,
1422 2188 1561 2252 tum
1592 2206 1663 2251 ex
1698 2187 2202 2263 circumstantiiS,
2237 2205 2395 2268 quae
2427 2188 2678 2252 mutant
2709 2188 2990 2270 speciem.

803 2290 1040 2354 Auctor
1071 2288 1359 2353 distincte
1405 2287 1751 2353 considerat
1795 2291 2046 2371 peccata
2078 2287 2286 2369 quoad
2326 2308 2458 2353 esse
2486 2308 2697 2354 corum
2741 2287 3062 2354 mater-iace
3109 2290 3176 2353 et

717 2392 855 2457 dein
886 2390 1094 2473 quoad
1120 2410 1250 2455 esse
1278 2388 1559 2468 formale.
1602 2390 1691 2456 Ut
1725 2391 1878 2455 haec
1905 2390 2085 2455 facile
2115 2391 2568 2475 intelligantur,
2602 2392 2928 2457 materiale
2958 2393 3022 2456 et
3056 2390 3179 2456 for-

716 2495 879 2559 male
925 2495 1160 2577 peccati
1204 2495 1321 2559 hoc
1365 2494 1500 2558 loco
1548 2495 1888 2576 usurpatur
1932 2492 2147 2558 eodem
2192 2492 2376 2559 modo
2425 2513 2496 2559 ac
2543 2514 2580 2560 a
2626 2514 2675 2559 s.
2720 2494 2961 2560 Thema
3015 2496 3075 2559 1.
3115 2495 3177 2558 2.

717 2618 777 2680 q.
821 2599 922 2662 71.
964 2600 1081 2662 art.
1119 2599 1200 2675 6.,
1237 2599 1342 2662 ubi
1375 2599 1498 2662 ait:
1532 2622 1567 2656 «
1601 2598 1961 2676 Dicendum,
2002 2598 2232 2680 quod...
2267 2602 2589 2682 peccatum
2635 2600 2791 2666 nihil
2839 2599 3015 2665 aliud
3062 2603 3176 2675 est,

719 2719 908 2781 quam
946 2703 1122 2763 actus
1154 2700 1464 2764 humanus
1509 2700 1731 2765 malus.
1768 2699 1945 2779 Quod
1981 2701 2195 2765 autem
2232 2700 2458 2782 aliquis
2495 2704 2674 2767 actus
2710 2701 2795 2769 sit
2842 2702 3176 2779 humanus,

719 2802 909 2866 habet
939 2821 1010 2865 ex
1047 2802 1181 2878 hoc,
1216 2802 1381 2883 quod
1413 2806 1507 2866 est
1538 2802 2017 2879 voluntariuS...,
2052 2803 2180 2867 sive
2226 2803 2311 2867 sit
2356 2803 2750 2871 voluntarius
2786 2806 2972 2886 quasi
3010 2824 3047 2869 a
3082 2824 3182 2869 vo-

719 2903 964 2968 luntate
1010 2903 1272 2979 elicituS,
1314 2905 1388 2967 ut
1417 2904 1621 2987 ipsum
1654 2905 1810 2969 velle
1857 2906 1919 2968 et
1964 2905 2209 2989 eligere,
2243 2906 2370 2970 sive
2403 2906 2584 2987 quasi
2631 2925 2668 2971 a
2713 2907 3041 2972 voluntate
3073 2908 3183 2971 im-

721 3007 992 3089 peratuS,
1019 3006 1094 3069 ut
1122 3006 1450 3070 exteriores
1483 3008 1658 3071 actus
1689 3007 1790 3070 vel
1811 3006 2144 3071 locutionis
2178 3008 2275 3071 vel
2306 3008 2701 3091 operationis
2725 3008 2937 3076 Habet
2968 3014 3181 3075 autem

723 3108 899 3172 actus
930 3108 1260 3183 humanuS,
1294 3107 1459 3190 quod
1490 3108 1573 3173 sit
1617 3109 1842 3187 malus,
1878 3128 1949 3173 ex
1978 3128 2050 3173 eo
2087 3109 2248 3191 quod
2289 3113 2458 3175 caret
2487 3111 2698 3177 debita
2728 3130 3184 3178 commensura-

723 3211 909 3276 tione.
959 3210 1173 3275 Omnis
1220 3213 1431 3275 autem
1475 3211 1996 3277 commensuratio
2050 3212 2490 3294 cuiuscumque
2534 3214 2627 3279 rei
2680 3215 3034 3280 attenditur
3079 3234 3183 3297 per

722 3314 1248 3396 comparationem
1273 3313 1349 3378 ad
1375 3314 1650 3396 aliquam
1680 3314 1983 3398 regulam,
2009 3334 2044 3378 a
2068 3332 2191 3396 qua
2223 3315 2277 3378 si
2300 3314 2588 3392 divertat,
2613 3315 3181 3381 incommensurata

723 3416 904 3479 erit...
953 3415 1035 3478 Et
1080 3416 1215 3480 ideo
1262 3416 1654 3500 Augustinus
1701 3418 1764 3481 in
1811 3416 2166 3482 definitione
2211 3417 2446 3499 peccati
2492 3418 2706 3500 posuit
2749 3418 2912 3483 duo:
2949 3418 3180 3494 Unum,

726 3516 889 3599 quod
922 3517 1190 3599 pertinet
1220 3519 1296 3582 ad
1327 3520 1744 3585 substantiam
1778 3522 1954 3584 actus
1985 3520 2262 3594 humani,
2296 3520 2459 3601 quod
2491 3523 2588 3585 est
2616 3520 2798 3603 quasi
2829 3537 3184 3597 miraeum

722 3619 789 3683 in
818 3621 1089 3701 peccate,
1115 3638 1257 3684 cum
1289 3620 1461 3698 dixit,
1487 3621 1748 3685 Dictum
1779 3620 1874 3685 vel
1901 3620 2137 3701 factam
2165 3621 2262 3685 vel
2290 3623 2678 3702 concupitum
2697 3643 2720 3699 ‚·
2743 3623 2918 3688 aliud
2950 3626 3183 3699 autem,

726 3720 889 3802 quod
921 3722 1186 3803 pertinet
1222 3722 1298 3786 ad
1346 3724 1651 3789 rationem
1688 3724 1861 3803 mali,
1899 3724 2064 3806 quod
2110 3726 2207 3789 est
2235 3724 2414 3806 quasi
2459 3741 2750 3789 reamur
2795 3725 2861 3790 in
2911 3730 3184 3809 peccato,

724 3842 869 3888 cum
898 3823 1072 3899 dixit,
1106 3829 1322 3888 contra
1355 3825 1549 3907 leyem
1578 3831 1899 3891 aeternam
1935 3854 1997 3890 ».

817 3924 986 4004 Quae
1018 3926 1140 3991 duo
1172 3946 1220 3991 s.
1257 3928 1528 3992 Thomas
1580 3930 1635 3992 1.
1672 3930 1732 3992 2.
1773 3949 1830 4010 q.
1871 3929 1973 3992 72.
2014 3930 2130 3993 art.
2171 3930 2227 3992 1.
2262 3929 2349 3994 sic
2380 3932 2713 3995 memorat:
2747 3955 2783 3989 ι
2815 3931 3178 4007 Dicendum,

727 4026 893 4108 quod
925 4026 1003 4091 ad
1033 4030 1339 4093 rationem
1370 4031 1603 4111 peccati
1634 4029 1756 4095 duo
1797 4032 2188 4105 concurrunt,
2223 4031 2456 4095 scilicet
2487 4033 2664 4096 actus
2695 4031 3090 4097 voluntarius
3122 4036 3184 4096 et

727 4129 1102 4193 inordinatio
1135 4131 1300 4196 eius:
1336 4150 1494 4211 quae
1525 4133 1621 4196 est
1657 4151 1763 4214 per
1794 4150 2100 4196 recessum
2132 4151 2168 4196 a
2198 4132 2336 4217 lege
2371 4158 2432 4195 ».

822 4226 974 4300 615.
1010 4232 1220 4297 Prima
1251 4233 1462 4314 itaque
1494 4253 1636 4316 pars
1668 4234 2081 4316 responsionis
2113 4235 2226 4309 est,
2261 4237 2583 4317 peccatum
2611 4235 3022 4301 materialiter
3050 4254 3188 4300 con·

732 4331 1091 4411 sideratum‚
1125 4353 1234 4399 seu
1266 4340 1449 4417 prout
1490 4338 1586 4400 est
1621 4336 1874 4418 quidam
1923 4339 2099 4401 actus
2146 4338 2452 4420 positivus
2489 4356 2599 4403 seu
2630 4338 2864 4403 entitas
2898 4339 3184 4422 positiva,

732 4434 995 4514 speciem
1027 4456 1205 4500 suam
1237 4437 1552 4503 desumere
1591 4459 1661 4504 ex
1694 4439 1933 4504 obiecto
1965 4440 2212 4504 formali
2243 4440 2430 4523 (idest
2461 4440 2672 4524 prouti
2704 4441 3018 4507 obiectum
3054 4461 3188 4507 con·

733 4532 1041 4599 sideratur
1072 4538 1133 4600 in
1164 4558 1384 4621 genere
1416 4541 1653 4624 moris).
