3529 5158
321 291 466 369 [266]
668 306 755 347 mn
791 305 1260 351 consumamus:
1294 310 1562 354 1101111111.
1602 305 1907 359 Quamne
1944 312 2025 351 m·
2064 301 2457 357 mmmmm
2673 287 2781 351 295

327 403 500 479 fides:
534 403 642 468 ubi
673 405 883 468 tamen
915 406 1011 468 est
1041 405 1098 468 ei
1127 405 1224 469 ius
1263 424 1589 471 commune
1626 408 2009 472 contrarium
2046 407 2145 472 vel
2175 409 2448 474 habetur
2469 425 2789 491 praesum-·

329 508 455 590 ptio
502 508 718 571 contra
751 507 976 589 ipsum,
1015 508 1178 572 bona
1207 507 1358 573 fides
1388 528 1512 574 non
1559 510 1811 586 sufficit,
1848 510 1952 575 sed
2000 513 2095 575 est
2127 512 2507 576 necessarius
2537 511 2784 588 titulus,

328 609 431 692 qui
455 609 793 692 possessori
822 627 1075 674 causam
1105 611 1348 675 tribuat
1377 612 1860 693 praescribendi:
1887 613 2007 677 nisi
2030 613 2199 678 tanti
2229 615 2528 697 temporis
2568 614 2790 698 allege-

327 715 430 776 tur
451 711 875 794 praescriptio,
910 712 1087 776 cuius
1117 714 1412 777 contrarii
1444 715 1746 779 memoria
1783 733 1907 780 non
1940 718 2140 780 exstet
2173 741 2234 779 ».
2263 715 2568 780 SchmaIZ.
2592 737 2652 779 n.
2685 718 2786 780 10.

413 810 591 885 265.
632 814 899 894 Quidam
944 818 1335 890 censuerunt,
1369 834 1492 881 non
1530 816 1810 882 sufficere
1856 818 2236 894 decennium,
2272 820 2325 882 si
2354 819 2682 902 legislator
2704 819 2788 883 sit

328 918 562 994 absone,
598 916 704 982 sed
737 918 1084 982 vicennium
1131 919 1392 999 requiri:
1434 919 1659 1001 quippe
1704 919 1964 1004 longum
2010 921 2255 1003 tempus
2301 921 2465 985 inter
2503 921 2793 986 absentes·

325 1019 456 1102 ipso
486 1020 622 1084 iure
658 1018 950 1085 definitur
981 1021 1349 1085 vicennium.
1399 1021 1469 1084 L.
1503 1020 1607 1084 fin.
1643 1019 1709 1084 C.
1745 1020 1820 1084 de
1850 1019 2241 1101 Praescrzpt.
2283 1021 2448 1104 long).
2485 1026 2663 1101 temp.
2690 1021 2783 1086 Cf.

327 1126 387 1187 et
414 1121 565 1208 Leg.
607 1122 867 1187 allatam
904 1143 964 1186 11.
998 1124 1104 1186 41.

410 1224 646 1289 Verum
684 1243 824 1289 cum
858 1216 1174 1290 communi
1197 1225 1548 1300 tenendum,
1597 1225 1957 1290 decennium
2005 1226 2303 1304 sufficere,
2337 1227 2468 1292 sive
2498 1245 2785 1310 praesens

325 1328 450 1392 sive
483 1327 702 1391 absens
733 1327 817 1391 sit
837 1326 1182 1412 legislator.
1217 1327 1403 1392 Ratio
1430 1330 1556 1404 est:
1585 1328 1731 1409 quia
1755 1329 2137 1393 consuetudo
2169 1347 2292 1394 non
2322 1329 2562 1394 inducit
2581 1329 2785 1412 legem

326 1447 518 1511 neque
549 1429 719 1513 leges
752 1429 1018 1513 abrogat
1040 1448 1111 1493 ex
1143 1448 1443 1494 consensu
1468 1431 1759 1512 principis
1784 1450 2092 1511 expressa
2128 1431 2280 1496 adeo
2311 1434 2384 1496 ut
2414 1450 2655 1496 11606336
2681 1432 2783 1507 311,

325 1535 541 1597 notam
578 1532 636 1597 61
662 1550 794 1596 16111
826 1549 974 1606 6336,
1011 1531 1113 1595 36(1
1146 1551 1217 1595 ex
1241 1550 1541 1596 consensu
1573 1532 1847 1596 eiusdem
1880 1532 2089 1614 legali,
2130 1553 2236 1616 per
2271 1533 2474 1616 legem
2505 1533 2631 1596 iam
2665 1535 2787 1595 sta-

323 1636 525 1709 bilito,
561 1653 683 1716 quo
738 1633 1168 1698 consuetudini
1213 1634 1494 1718 legitime
1539 1635 1934 1699 introductae
1986 1636 2080 1700 vis
2118 1636 2419 1699 tribuitur
2464 1634 2793 1699 inducendi·

323 1738 526 1822 legem
560 1740 672 1801 aut
702 1737 1215 1819 praeexistentem
1271 1737 1474 1820 legem
1516 1737 1877 1820 abrogandi.
1940 1738 2350 1820 Impertinens
2399 1740 2495 1802 est
2532 1754 2678 1821 ergo
2724 1737 2789 1801 in

324 1841 536 1905 ordine
568 1839 646 1903 ad
677 1838 1205 1915 consuetudinem,
1233 1857 1519 1922 praesens
1549 1857 1624 1903 116
1650 1839 1733 1903 311
1768 1858 1845 1902 an
1884 1839 2102 1903 absens
2133 1838 2413 1922 princeps
2438 1858 2473 1902 a
2497 1839 2654 1910 loco,
2682 1838 2792 1902 ubi*

320 1942 705 2007 consuetudo
751 1942 1087 2006 inducitur.

407 2045 604 2109 Ratio
654 2047 866 2109 autem
899 2042 1183 2108 Silvestri
1231 2046 1529 2108 consueto
1578 2043 1828 2107 laborat
1872 2044 2260 2109 incommodo
2308 2043 2791 2126 comparationis

323 2149 478 2214 inter
508 2147 1024 2214 consuetudinem
1058 2149 1121 2211 et
1153 2148 1723 2230 praescriptionem.
1757 2146 2043 2231 Negatur
2066 2163 2214 2231 ergo
2241 2147 2504 2230 paritas:
2524 2166 2670 2210 nam
2694 2146 2793 2210 (16-

327 2253 535 2316 00111110
579 2250 834 2334 longius
865 2252 1113 2332 tempus
1152 2249 1228 2313 ad
1277 2250 1814 2332 praescribendum
1839 2249 2134 2314 adversus
2166 2250 2481 2314 absentem
2528 2248 2664 2313 ideo
2702 2265 2792 2312 re-

325 2356 624 2436 quiritur,
653 2354 801 2436 quia
826 2353 1229 2436 praescriptio
1269 2353 1401 2417 eius
1426 2353 1521 2417 ius
1560 2352 1732 2416 tollit
1749 2370 1821 2416 ac
1849 2353 2107 2427 minuit:
2140 2351 2204 2415 id
2234 2371 2379 2417 vero
2412 2370 2535 2416 non
2566 2350 2791 2415 accidit

325 2458 382 2521 in
405 2455 854 2523 consuetudine
876 2474 1043 2519 mere
1071 2454 1282 2538 legali,
1308 2454 1372 2517 in
1397 2473 1522 2536 qua
1547 2453 1847 2518 eiusmodi
1864 2455 1963 2518 ius
1987 2473 2109 2519 non
2126 2453 2428 2518 laeditur:
2454 2455 2582 2518 imo
2608 2452 2791 2516 unica

325 2561 478 2625 sicut
513 2559 679 2645 legis
712 2558 805 2624 ita
843 2558 907 2624 et
944 2556 1408 2623 consuetudinis
1440 2557 1658 2642 regula
1706 2559 1801 2623 est
1839 2557 2085 2623 utilitas
2132 2559 2195 2622 et
2241 2558 2472 2623 bonum
2519 2575 2792 2623 0011111111-Ι

325 2663 557 2741 nitatis,
597 2661 766 2744 quod
812 2680 959 2726 sane
1004 2679 1128 2725 non
1175 2661 1458 2724 variatur
1505 2679 1612 2743 per
1658 2660 2073 2742 praesentiam
2109 2664 2220 2725 aut
2253 2660 2599 2726 absentiam
2629 2659 2791 2743 prin-

325 2765 501 2848 cipis:
536 2783 668 2829 non
699 2766 796 2828 est
826 2782 975 2847 ergo
1008 2764 1172 2828 ratio
1209 2762 1489 2827 variandi
1521 2765 1787 2846 tempus.
1822 2762 2127 2827 Schmalz.
2165 2784 2222 2827 n.
2264 2763 2364 2826 11.

407 2865 702 2932 Ceterum
741 2866 1075 2930 advertunt
1106 2867 1242 2930 DD.
1277 2868 1522 2949 tempus
1547 2867 1902 2951 legitimum
1940 2867 2156 2931 debere
2193 2885 2323 2931 esse
2354 2867 2791 2933 continuatum

326 2988 438 3034 non
486 2973 706 3035 autem
751 2969 1191 3052 interruptum.
1242 2969 1340 3033 Ita
1388 2967 1612 3034 Suarez
1647 2968 1720 3031 de
1759 2968 1914 3049 Ley.
1947 2970 2055 3032 lib.
2096 2970 2154 3032 7.
2191 2988 2323 3052 cap.
2367 2970 2425 3032 8.
2460 2990 2519 3032 n.
2574 2970 2676 3031 12.
2727 2971 2791 3032 et

325 3071 546 3137 Palaus
579 3074 770 3136 tract.
807 3072 848 3134 3
880 3070 1034 3153 disp.
1071 3072 1131 3133 3.
1168 3091 1225 3152 p.
1263 3072 1323 3133 2.
1359 3072 1417 3152 g.
1455 3072 1513 3133 2.
1548 3090 1608 3133 n.
1649 3072 1749 3133 11.
1793 3074 1857 3134 et
1889 3071 1998 3134 alii
2022 3068 2456 3134 communiter.

405 3175 595 3240 Ratio
648 3175 712 3236 1⁰
743 3174 891 3255 quia
923 3174 976 3236 si
1007 3173 1503 3254 interrumpitur,
1537 3173 1665 3235 iam
1696 3172 1868 3235 deest
1897 3171 2147 3234 duratio
2187 3171 2479 3233 decennii.
2510 3172 2579 3232 2⁰
2610 3170 2792 3233 Prae-

327 3278 570 3360 scriptio
623 3295 746 3341 non
779 3276 959 3340 debet
990 3294 1119 3339 esse
1151 3275 1528 3357 interrupta:
1564 3292 1710 3357 ergo
1758 3292 1869 3336 nec
1906 3271 2308 3336 consuetudo.
2345 3273 2416 3335 3⁰
2447 3272 2718 3353 Tempus
2752 3286 2788 3335 a

327 3378 451 3443 inre
479 3379 859 3461 requisitum
885 3377 961 3442 ad
1001 3378 1274 3459 aliquem
1304 3375 1608 3452 effectum,
1645 3378 1716 3438 ut
1740 3394 1813 3438 ex
1837 3372 2136 3439 Silvestro
2162 3375 2347 3437 notat
2378 3373 2611 3438 Palaus
2644 3374 2685 3437 l.
2712 3394 2793 3449 c.,

326 3481 589 3567 intelligi
629 3481 812 3545 debet
841 3480 917 3544 de
947 3482 1223 3561 tempore
1260 3496 1384 3541 non
1414 3478 1762 3560 interrupto
1797 3476 1901 3541 sed
1938 3477 2252 3542 continuo.

409 3585 605 3649 Porro
637 3585 990 3665 interrupta
1021 3581 1369 3645 censebitur
1400 3578 1817 3644 consuetudo:

503 3689 569 3749 10
611 3686 668 3750 31
717 3687 829 3749 aut
881 3684 1160 3767 princeps
1208 3684 1428 3765 puniat
1474 3684 1964 3766 transgressores
2012 3683 2191 3768 legiS,
2242 3683 2319 3747 ad
2367 3702 2555 3765 quam
2618 3684 2792 3748 abro-

327 3788 592 3871 gandam
642 3787 846 3851 tendit
892 3785 1293 3860 consuetudo,
1345 3787 1457 3850 aut

501 3894 572 3955 2⁰
612 3890 682 3954 Si
726 3890 1139 3954 communitas
1188 3890 1300 3952 aut
1345 3887 1546 3952 maior
1591 3887 1777 3952 huius
1823 3907 1965 3971 pars
2014 3890 2231 3952 contra
2262 3888 2789 3963 consuetudinem,

328 3994 609 4074 quamvis
651 3993 834 4058 unico
868 3996 1031 4071 actu,
1070 3993 1280 4056 faciat.
1315 3990 1561 4056 Suarez.
1597 3992 1638 4054 l.
1674 4012 1724 4055 c.
1766 4012 1826 4055 n.
1874 3993 1973 4055 15.
2009 3993 2072 4055 et
2119 3990 2422 4055 Schmalz.
2459 4012 2519 4055 n.
2576 3993 2676 4054 12.

410 4092 587 4166 266.
623 4094 912 4159 Succedit
941 4094 1129 4159 tertia
1160 4094 1453 4168 conditio,
1487 4094 1695 4158 debita
1728 4096 1985 4158 actuum
2023 4093 2295 4175 qualitas
2328 4094 2393 4157 et
2423 4092 2788 4174 frequentia.

406 4203 702 4283 Qualitas
739 4204 994 4266 actuum
1026 4202 1292 4285 spectari
1337 4204 1546 4284 potest
1598 4203 1665 4263 10
1695 4220 1767 4263 ex
1798 4203 1975 4283 parte
2005 4201 2344 4282 amentium,
2382 4203 2451 4264 2⁰
2498 4220 2567 4264 ex
2616 4204 2792 4284 parte

325 4309 572 4368 actuum
603 4307 905 4384 apsorum.

409 4410 490 4474 Et
513 4407 728 4491 quoad
756 4425 1049 4491 personas
1079 4410 1318 4472 certum
1348 4412 1463 4481 est,
1498 4408 1738 4471 nullam
1755 4426 2081 4490 personam
2115 4407 2427 4491 privatam
2461 4427 2569 4473 3611
2603 4410 2792 4492 parti-

326 4511 594 4575 cularem
629 4528 813 4594 posse
845 4509 1098 4585 efficere,
1149 4513 1221 4573 ut
1266 4530 1375 4591 per
1419 4511 1550 4574 eius
1600 4512 1777 4573 actus
1811 4509 2142 4574 inducatur
2188 4510 2589 4587 consuetudo,
2631 4531 2789 4593 quae
