3529 5158
744 310 854 367 582
1119 322 1333 363 ratior.
1370 322 1450 363 ιν.
1490 320 1576 361 nn
1613 318 1919 360 ememus.
1957 316 2155 359 onum
2193 316 2231 357 1.
2270 316 2412 360 nun.
2451 316 2545 358 111.
2581 317 2718 358 aar.
2758 318 2822 358 11.
3064 303 3205 379 [658]

746 422 1044 498 efficiunt,
1086 420 1161 484 ut
1204 418 1452 483 brevius
1498 419 1612 482 aut
1657 415 2014 480 diuturnius
2060 414 2336 498 spatium
2381 415 2705 480 censeatur
2751 414 3084 494 sufficiens,
3133 420 3205 482 ut

744 524 992 606 lapsum
1027 541 1137 589 seu
1166 521 1587 603 interruptum
1616 519 1824 601 ipsum
1854 519 2206 601 reputetur;
2234 517 2383 599 quia
2419 516 2551 582 scil.
2583 517 2762 583 iuxta
2794 519 3208 585 communiter

745 625 1171 709 contingentia
1208 623 1401 689 dilabi
1446 640 1517 688 eo
1564 624 1841 704 tempore
1887 620 1951 684 et
1995 638 2231 684 cessare
2277 619 2457 684 solet.
2497 619 2599 684 Ita
2636 640 2694 683 v.
2735 640 2828 704 gr.
2864 619 3060 684 dilabi
3103 641 3209 705 per

744 728 1262 811 interruptionem
1308 726 1493 791 unius
1538 726 1726 790 horae
1773 722 1952 788 facile
1999 722 2231 805 poterit
2275 723 2666 805 propositum
2694 722 2943 808 legendi
2972 724 3204 790 librum

750 834 863 896 aut
905 831 1127 896 futtuli
1172 828 1497 894 domestici
1541 830 1688 904 etc.;
1737 845 1861 892 non
1906 825 2206 890 dilabitur
2266 845 2373 908 per
2425 825 2944 910 interruptionem
3008 830 3210 894 somni

749 934 1036 1001 nocturni
1079 932 1470 1016 propositum
1515 927 1956 1005 calumniandi,
2006 928 2086 992 ob
2132 927 2492 993 vindictam.

839 1038 1166 1102 Praeterea
1221 1033 1276 1098 si
1330 1034 1491 1097 inter
1551 1032 1763 1096 breves
1820 1031 1884 1095 et
1939 1030 2282 1095 ordinarias
2341 1030 2826 1114 interruptiones
2883 1036 3208 1099 censentur

751 1157 1006 1204 somnus
1058 1139 1123 1201 et
1181 1135 1478 1201 comestio
1526 1136 1663 1209 etet,
1712 1132 1983 1216 intelligi
2043 1132 2235 1197 etiam
2290 1131 2514 1198 debent
2560 1134 2721 1198 aliae
2769 1136 3203 1218 occupationes

752 1239 1107 1306 hominibus
1160 1238 1509 1314 consuetae,
1555 1255 1713 1318 quae
1778 1234 1986 1299 omitti
2033 1253 2155 1299 non
2217 1235 2419 1300 solent
2465 1235 2544 1300 ob
2588 1236 2747 1301 illud
2794 1238 3204 1320 propositum,

754 1344 918 1408 sicut
960 1360 1084 1406 non
1130 1340 1448 1405 omittitur
1492 1337 1822 1422 prandium
1859 1338 1922 1402 et
1951 1336 2264 1402 dormitio.
2299 1337 2520 1420 Itaque
2558 1339 2746 1420 prout
2775 1339 3090 1423 quispiam
3116 1341 3210 1404 de-

751 1446 921 1511 ditus
958 1445 1044 1509 sit
1072 1444 1170 1508 vel
1194 1442 1456 1507 artificio
1489 1442 1588 1506 vel
1610 1441 2010 1506 scientiarum
2041 1438 2266 1504 studiis
2291 1440 2388 1505 vel
2409 1440 2824 1524 negotiationi
2856 1442 2957 1505 vel
2990 1442 3205 1508 officiis

752 1549 960 1613 curiae
999 1549 1137 1623 etc.,
1186 1564 1308 1610 non
1354 1544 1702 1627 interrupta
1748 1544 2041 1608 voluntas
2087 1542 2453 1621 censebitur,
2502 1541 2651 1607 dum
2696 1563 2805 1628 per
2852 1544 3018 1609 diem
3065 1565 3209 1611 suae

755 1649 1144 1733 occupationi
1175 1647 1499 1713 incumbit.

844 1748 1017 1823 658.
1056 1750 1205 1817 Inde
1242 1749 1330 1815 sic
1375 1748 1735 1813 Salmantic.
1785 1746 2199 1813 concludunt:
2263 1772 2298 1806 «
2344 1748 2463 1813 His
2523 1767 2670 1833 ergo
2719 1749 3083 1831 suppositiS,
3130 1750 3211 1813 di-

753 1856 1015 1921 cendum
1046 1857 1160 1931 est,
1192 1852 1357 1935 quod
1386 1852 1533 1915 licet
1562 1852 1634 1915 in
1662 1848 1774 1915 hoc
1805 1853 1976 1914 certa
1999 1848 2220 1932 requla
2254 1851 2580 1933 assiynari
2601 1853 2979 1931 nonpossit;
3004 1854 3210 1918 tamen

755 1961 904 2024 tunc
950 1956 1293 2021 voluntatis
1341 1956 1518 2019 actus
1561 1955 1847 2018 censetur
1892 1972 2247 2035 permanere
2291 1953 2632 2031 moraliter,
2667 1954 2915 2036 quando
2963 1956 3212 2021 tantum

755 2058 1251 2125 discontinuatur
1281 2077 1389 2140 per
1417 2056 1901 2139 interruptiones
1938 2056 2151 2120 breves
2197 2057 2263 2121 et
2307 2075 2663 2121 communes
2701 2057 2765 2120 et
2796 2057 2932 2121 ideo
2965 2058 3213 2122 furandi

756 2165 819 2228 et
853 2160 1193 2226 fornicandi
1225 2159 1485 2224 intentio
1519 2159 1840 2241 permanet
1871 2158 2225 2222 virtualiter
2254 2160 2318 2222 in
2352 2159 2785 2225 aestimatione
2818 2161 3059 2236 morali,
3087 2162 3211 2226 etsi

755 2262 1248 2329 discontinuetur
1292 2282 1399 2345 per
1444 2280 1751 2339 somnum,
1785 2260 2288 2357 comestionem?
2328 2263 2392 2326 et
2429 2261 2664 2327 similes
2694 2263 3210 2346 interruptiones;

755 2368 915 2433 unde
960 2370 1093 2432 esto
1140 2366 1283 2449 post
1328 2384 1433 2429 eas
1478 2364 1708 2430 iterum
1743 2364 1987 2446 repetas
2034 2363 2151 2429 hoc
2195 2383 2458 2446 pravum
2505 2366 2909 2448 propositum,
2947 2366 3213 2431 unicum

756 2473 1077 2556 peccatum
1107 2469 1481 2545 committis3
1521 2468 1669 2550 quia
1705 2487 1850 2531 cum
1895 2466 2094 2549 prima
2143 2468 2434 2533 voluntas
2480 2473 2800 2551 permanet
2837 2470 3209 2547 virtualiter,

754 2576 970 2641 unitur
999 2574 1063 2639 et
1093 2573 1496 2638 continuatur
1530 2591 1673 2639 cum
1719 2570 2004 2637 secunda.
2046 2570 2134 2636 At
2165 2570 2218 2635 si
2247 2569 2748 2638 discontinuatur
2776 2574 2956 2639 actus
2997 2574 3211 2640 volun-

754 2679 909 2742 tatis
948 2697 1053 2759 per
1083 2676 1561 2757 interruptiones
1598 2674 2120 2739 extraordinarias
2141 2675 2207 2738 et
2236 2673 2584 2753 diuturnas,
2610 2677 2761 2741 tunc
2784 2695 2908 2740 non
2934 2679 3213 2742 censetur

757 2781 956 2863 prima
990 2779 1278 2842 voluntas
1312 2777 1662 2842 virtualiter
1707 2796 2064 2861 permanere
2096 2803 2157 2842 ».
2197 2776 2278 2841 Et
2315 2777 2590 2842 subdunt
2625 2780 2977 2862 exemplum
3009 2779 3085 2845 de
3122 2799 3207 2857 eo,

757 2883 865 2964 qui
901 2880 1082 2945 hodie
1119 2879 1436 2944 intendens
1483 2882 1546 2944 et
1590 2898 1891 2961 quaerens
1937 2879 2257 2944 inimicum
2304 2879 2379 2942 ad
2430 2880 2826 2945 occidendum
2858 2884 2925 2947 et
2962 2901 3086 2948 non
3122 2884 3210 2947 in-

756 2987 1022 3063 veniens,
1054 2985 1285 3051 iterum
1316 2986 1458 3068 post
1492 3003 1767 3049 mensem
1796 2983 2064 3048 intendit
2093 2984 2275 3049 illum
2315 2984 2612 3050 occidere:
2654 3010 2690 3044 ‹
2729 2986 2807 3052 ob
2844 2986 3204 3058 diuturnam

753 3088 989 3172 (aiunt)
1024 3089 1202 3153 illam
1231 3088 1767 3169 interruptionem,
1802 3088 2084 3151 censetur
2124 3086 2234 3151 illa
2282 3088 2482 3169 prima
2528 3087 2821 3154 voluntas
2860 3089 3206 3176 interrupta

754 3193 1075 3260 moraliter
1106 3193 1170 3257 et
1200 3191 1288 3257 sic
1323 3190 1589 3256 secunda
1634 3189 1966 3256 constituit
2009 3208 2244 3254 novum
2290 3192 2612 3272 peccatum
2649 3193 2962 3257 numerice
3001 3193 3208 3260 distin·

757 3297 932 3360 ctum
964 3315 1001 3360 a
1031 3296 1232 3378 prima
1270 3317 1331 3359 ».

850 3393 1019 3466 659.
1054 3398 1136 3460 Et
1164 3397 1314 3461 haec
1360 3398 1671 3480 postrema
1717 3395 2031 3460 conclusio
2077 3395 2367 3460 innititur
2412 3395 2529 3460 hoc
2574 3396 2895 3480 principio,
2937 3399 3104 3480 quod
3139 3400 3202 3474 is,

756 3500 867 3583 qui
898 3499 1099 3580 spatio
1132 3500 1316 3563 unius
1353 3499 1580 3563 mensis
1604 3516 1726 3564 non
1750 3497 1942 3563 iterat
1972 3497 2204 3562 malam
2236 3498 2629 3563 voluntatem
2659 3518 2768 3564 seu
2799 3503 3200 3583 propositum,

755 3602 1040 3668 censetur
1060 3620 1318 3683 pravam
1341 3602 1517 3665 illam
1539 3601 1986 3684 cogitationem
2009 3619 2118 3666 seu
2142 3599 2650 3667 deliberationem
2682 3602 2811 3667 iam
2833 3602 3198 3686 deposuisse.

755 3703 933 3785 Quod
980 3701 1227 3785 quidem
1272 3702 1500 3768 clarius
1538 3703 1625 3766 sic
1655 3703 1908 3785 exponit
1951 3702 2316 3770 Tamburini
2355 3701 2635 3768 Method.
2694 3702 2973 3784 Censes&
3008 3706 3116 3771 lib.
3148 3707 3199 3770 2.

757 3827 889 3892 cap.
932 3808 987 3871 1.
1023 3808 1079 3890 g.
1124 3808 1182 3871 5.
1218 3827 1275 3872 n.
1311 3807 1453 3869 34.:
1497 3831 1530 3865 «
1563 3805 1786 3888 Excipe
1820 3805 1873 3869 si
1904 3805 2150 3887 quando
2199 3808 2378 3874 tanta
2415 3809 2511 3871 est
2549 3806 2942 3891 interruptio,
2981 3811 3058 3877 ut
3091 3828 3200 3874 non

753 3910 1061 3976 iudicetur
1092 3909 1303 3974 adesse
1333 3908 1499 3972 dicta
1546 3908 1941 3990 persistentia
1978 3908 2136 3989 (scil.
2179 3908 2525 3974 voluntatis
2564 3910 2982 3993 virtualiter):
3019 3933 3078 3976 v.
3116 3931 3198 3996 gr.

762 4013 899 4077 vult
927 4013 1066 4094 quis
1100 4011 1370 4078 occidere
1406 4010 1745 4085 inimicum,
1782 4010 1873 4074 ita
1905 4012 1980 4078 ut
2009 4031 2115 4093 per
2145 4029 2419 4076 mensem
2455 4013 2777 4078 continuet
2811 4013 2971 4077 hanc
3004 4015 3206 4080 volun-

756 4116 954 4179 tatem
985 4115 1167 4179 modo
1204 4115 1370 4179 dicto
1396 4113 1554 4197 (scil.
1577 4133 1681 4197 per
1704 4113 1917 4178 breves
1951 4114 2432 4196 interruptiones
2464 4116 2966 4200 involuntarias).
2996 4122 3204 4201 postea

760 4217 856 4282 vel
888 4237 993 4298 per
1024 4236 1254 4282 annum
1284 4216 1632 4282 infirmetur
1672 4217 1767 4280 vel
1797 4215 2075 4281 discedat
2105 4217 2182 4281 ab
2215 4218 2366 4282 urbe
2397 4219 2496 4283 vel
2532 4219 2666 4301 ipso
2696 4218 2878 4301 lapsu
2912 4221 3206 4305 temporis

757 4336 1083 4401 rerumque
1116 4319 1569 4385 mutationibus
1602 4318 1896 4402 frigescat
1925 4320 2051 4385 imo
2073 4324 2422 4397 evanescat,
2450 4320 2644 4385 veluti
2675 4322 2897 4384 natura
2933 4341 3069 4400 sua,
3103 4323 3209 4388 illa

758 4438 952 4502 prava
1000 4422 1321 4490 voluntas:
1362 4422 1416 4486 si
1459 4421 1675 4486 deinde
1722 4425 1864 4505 post
1912 4441 2142 4487 annum
2188 4442 2377 4488 sanus
2424 4423 2673 4488 effectus
2720 4422 2816 4487 vel
2862 4423 3102 4491 rediens
3149 4427 3206 4491 in

760 4521 976 4586 urbem
1022 4524 1135 4587 etc.
1187 4523 1573 4592 voluntatem
1622 4524 1932 4590 occidendi
1977 4528 2273 4602 resumat,
2313 4544 2459 4591 sane
2511 4525 2662 4589 haec
2731 4525 3022 4591 voluntas
3068 4547 3208 4594 cum
