3529 5158
692 326 800 382 474
1224 339 1440 380 TnAo‘r.
1482 341 1561 380 ιν.
1599 339 1686 378 ma
1724 335 2031 377 enecans,
2069 335 2268 376 cAPur
2304 335 2344 374 1.
2386 335 2528 376 nun.
2568 336 2608 376 1.
3017 326 3160 401 [507]

782 433 957 508 5⁰¹1.
998 438 1087 500 Ex
1126 437 1290 502 hisce
1321 436 1661 520 apparebit,
1696 453 1885 515 quam
1927 433 2339 514 inopportune
2374 433 2682 516 Georgius
2730 434 2924 500 Guill.
2968 438 3164 502 Ward

695 540 768 602 de
799 541 1075 619 peccatis
1106 539 1389 603 obdurat.
1433 540 1490 621 g.
1526 538 1634 601 IV.
1669 557 1812 621 pag.
1853 536 1956 598 18.
1990 535 2149 598 hanc
2180 534 2542 599 damnatam
2588 536 2938 603 doctrinam
2991 541 3167 604 attri-

694 642 849 706 buat
882 639 1062 704 Card.
1098 641 1297 725 Lugo.

782 743 973 809 Mitto
999 763 1179 819 nunc,
1207 743 1373 825 quod
1408 743 1585 825 Lugo
1620 741 1812 814 etiam
1844 741 1906 804 in
1939 740 2050 804 illa
2081 740 2409 824 hypothesi
2441 742 2732 826 negabat,
2760 744 2927 825 quod
2954 745 3015 808 in
3051 745 3166 809 tali

698 849 946 930 peccato
999 846 1174 910 nulla
1229 844 1631 909 intercederet
1676 842 1792 906 Dei
1841 843 2111 918 offensa3
2162 843 2250 906 sic
2296 842 2459 906 enim
2515 844 2731 909 scribit
2777 844 2853 908 de
2899 845 3164 910 [ποατ-η..

696 950 852 1033 disp.
885 952 944 1013 5.
977 970 1038 1013 n.
1080 951 1191 1013 70:
1225 973 1259 1005 «
1293 947 1583 1030 Suppono
1618 947 1850 1022 autem,
1885 947 2205 1028 peccatum
2252 945 2429 1021 illud,
2462 947 2630 1028 quod
2665 967 2808 1012 cum
2849 949 2962 1013 illa
2994 951 3169 1034 igno-

698 1053 903 1116 rantia
940 1051 1279 1116 invincibili
1311 1050 1504 1126 fieret,
1540 1049 1740 1113 adhuc
1787 1049 1917 1112 fore
1950 1048 2243 1112 offensam
2275 1049 2419 1124 Dei3
2459 1050 2607 1130 quia
2646 1050 2727 1114 ad
2756 1052 2890 1128 hoc,
2927 1055 3004 1116 ut
3050 1073 3165 1138 ego

700 1174 836 1218 mea
884 1155 1125 1219 actione
1173 1151 1474 1217 offendam
1508 1153 1798 1233 aliquem,
1832 1169 1955 1214 non
2001 1150 2357 1232 requiritur,
2392 1151 2559 1232 quod
2607 1151 2817 1229 sciam,
2858 1154 3042 1218 illum
3082 1155 3169 1220 of-

699 1256 884 1319 fendi.
922 1255 1086 1319 Nam
1133 1255 1432 1319 offendere
1480 1255 1658 1318 illum
1698 1256 1794 1317 est
1825 1252 1970 1316 dare
2006 1253 2100 1316 illi
2146 1253 2581 1318 rationabilem
2614 1273 2868 1319 causam
2899 1260 2965 1320 et
3001 1276 3168 1321 occa-

703 1358 937 1423 sionem
981 1356 1426 1440 indignationis
1472 1359 1688 1420 contra
1734 1375 1871 1418 me:
1923 1357 2130 1437 potest
2177 1357 2389 1419 autem
2437 1356 2663 1437 aliquis
2708 1358 3171 1422 rationabiliter

701 1459 1011 1543 indignari
1033 1460 1249 1523 contra
1266 1478 1366 1522 me
1389 1461 1641 1541 propter
1662 1475 1867 1521 meam
1893 1457 2200 1521 actionem
2226 1460 2491 1539 turpem,
2514 1458 2659 1522 licet
2682 1478 2798 1542 ego
2823 1460 3166 1532 nescierim,

701 1562 881 1626 illum
912 1562 1028 1626 tali
1066 1562 1307 1625 actione
1341 1560 1561 1624 offendi
1602 1586 1662 1624 ».

793 1663 909 1728 Sed
947 1663 1110 1745 quod
1142 1665 1331 1745 caput
1378 1665 1490 1738 est,
1525 1662 1703 1745 Lugo
1751 1681 1872 1725 non
1923 1662 2202 1726 instituit
2248 1661 2673 1742 quaestionem
2720 1661 2794 1726 de
2833 1662 3022 1729 facto.
3063 1663 3166 1727 sed

703 1769 906 1832 solum
953 1767 1024 1830 de
1071 1765 1418 1849 hypothesi.
1453 1763 1553 1828 Sic
1600 1764 1762 1828 clare
1805 1765 1847 1826 l.
1890 1785 1939 1828 c.
1990 1786 2047 1827 n.
2089 1765 2190 1826 70.
2234 1763 2295 1827 in
2335 1764 2470 1826 fin.:
2505 1787 2540 1821 «
2571 1763 2868 1839 Adverto,
2903 1766 3020 1829 hoc
3065 1766 3172 1829 du-

701 1871 875 1935 bium
919 1888 1097 1953 posse
1136 1868 1456 1950 procedere
1504 1867 1601 1930 vel
1650 1867 1960 1942 absolute,
2005 1867 2240 1930 scilicet
2286 1885 2363 1929 an
2412 1866 2483 1929 de
2531 1868 2696 1932 facto
2744 1867 2972 1932 deutur
3021 1870 3171 1932 talia

705 1974 955 2056 peccata
987 1971 1115 2034 sine
1146 1970 1255 2032 illa
1296 1968 1680 2033 advertentia
1715 1969 2066 2033 offensionis
2100 1969 2342 2032 divinae
2374 1973 2436 2031 et
2469 1969 2599 2032 sine
2643 1968 2893 2034 formali
2924 1971 3172 2034 malitia

707 2075 970 2138 offensae
1001 2071 1244 2135 divinae
1269 2073 1332 2135 et
1363 2091 1473 2154 pro
1506 2072 1733 2153 quibus
1759 2073 1922 2154 (ecce
1949 2072 2122 2156 origo
2155 2074 2494 2154 praesentis
2527 2073 2940 2157 quaestionis)
2966 2076 3173 2156 posset

705 2178 891 2240 homo
924 2194 1115 2258 purus
1147 2174 1528 2238 satisfacere:
1566 2176 1659 2238 vel
1702 2194 1881 2257 posse
1913 2174 2235 2257 procedere
2269 2174 2472 2238 solum
2505 2174 3029 2250 conditionaliter,
3064 2177 3175 2240 sci-

704 2278 870 2355 licet,
920 2298 997 2341 an
1058 2277 1110 2341 si
1166 2277 1367 2360 reipsa
1429 2277 1681 2340 daretur
1734 2278 1862 2341 tale
1920 2279 2260 2359 peccatum,
2310 2275 2511 2340 adhuc
2571 2278 2733 2341 esset
2787 2278 3056 2342 mortale
3110 2280 3176 2341 et

704 2380 1220 2464 incompensabile
1252 2400 1358 2462 per
1390 2399 1617 2462 purum
1648 2380 1961 2443 hominem
1996 2383 2058 2442 et
2085 2377 2185 2441 hic
2216 2382 2311 2441 est
2337 2399 2558 2442 sensus
2589 2381 2870 2443 intentus
2901 2381 2970 2444 in
2993 2401 3178 2459 prae·

705 2485 869 2548 senti
904 2509 965 2546 ».
1000 2484 1163 2566 Ergo
1196 2482 1594 2546 manifestum
1633 2483 1747 2557 est,
1783 2481 1961 2564 Lugo
2003 2483 2272 2545 tractare
2304 2481 2732 2562 quaestionem
2762 2483 2947 2565 plane
2979 2483 3177 2567 hypo-

706 2588 1024 2652 theticam.

804 2688 1165 2753 Addendum
1214 2690 1327 2763 est,
1378 2688 1533 2751 hanc
1594 2688 2057 2752 accusationem
2115 2689 2307 2752 everti
2365 2708 2435 2753 ex
2491 2689 2694 2752 verbis
2750 2688 3006 2761 decreti,
3057 2709 3176 2772 quo

709 2791 1045 2874 propositio
1093 2789 1445 2853 damnatur.
1480 2789 1641 2854 Nam
1675 2791 1961 2854 Pontifex
1996 2811 2278 2873 expresse
2312 2791 2462 2855 dicit
2500 2810 2564 2854 se
2612 2791 2906 2856 damnare
2957 2792 3179 2857 doctri-

708 2913 869 2969 nam,
903 2912 1059 2973 quae
1105 2891 1178 2955 de
1224 2911 1379 2955 nouo
1430 2895 1572 2955 tunc
1618 2896 1929 2971 eruperat.
1976 2893 2172 2973 Atqui
2218 2892 2565 2957 Cardinalis
2614 2892 2794 2977 Lugo
2842 2895 3180 2978 scripserat

709 2997 929 3060 saltem
963 2994 1375 3079 quadraginta
1410 2998 1521 3058 aut
1558 2995 2016 3077 quinquaginta
2067 2998 2209 3058 ante
2249 3014 2440 3059 annos
2482 3000 2545 3059 et
2582 3013 2693 3078 pro
2732 3015 2847 3060 sua
2895 2996 3174 3061 doctrina

711 3101 912 3182 plures
950 3118 1014 3162 se
1054 3098 1433 3179 antiquiores
1469 3098 1722 3180 allegat.

686 3240 690 3244 Δ
796 3203 877 3265 Et
907 3203 1126 3284 reipsa,
1167 3203 1241 3265 ut
1279 3203 1491 3263 narrat
1523 3200 1686 3263 Viva
1720 3199 1761 3263 l.
1791 3221 1841 3264 c.
1883 3221 1942 3263 n.
1973 3202 2055 3273 3.,
2086 3201 2233 3265 haec
2268 3202 2607 3284 propositio
2642 3226 2678 3260 ‹
2710 3204 2918 3266 ortum
2953 3203 3179 3266 habuit

711 3306 1026 3370 occasione
1059 3304 1303 3385 arrepta
1337 3323 1408 3366 ex
1446 3302 1818 3384 quibusdam
1852 3304 2130 3366 thesibus
2165 3304 2406 3385 publice
2438 3304 2734 3386 expositis
2769 3323 2867 3368 an.
2908 3304 3100 3367 1686.
3143 3324 3180 3368 a

710 3407 978 3490 quodam
1009 3407 1361 3470 Professore
1393 3405 1786 3479 Divionensi;
1816 3406 1876 3468 in
1911 3406 2135 3486 quibus
2173 3405 2321 3470 licet
2351 3406 2501 3470 haec
2538 3406 2751 3482 thesiS,
2779 3408 2972 3488 prout
2997 3407 3177 3479 iacet,

712 3529 830 3573 non
861 3510 1246 3591 reperiretur,
1274 3508 1676 3571 nihilominus
1709 3508 1921 3589 paucis
1933 3528 2057 3587 per
2087 3508 2394 3572 inuidiam
2415 3510 2699 3583 mutatis,
2726 3509 2790 3573 in
2815 3510 2974 3573 hanc
3001 3529 3185 3592 prae-

709 3613 943 3675 sentem
976 3612 1201 3675 thesim
1235 3630 1357 3675 una
1390 3630 1460 3674 ex
1493 3611 1569 3674 iis
1603 3611 1969 3675 concinnata
2001 3611 2149 3686 fuit;
2178 3632 2321 3676 cum
2352 3616 2563 3676 tamen
2595 3632 2768 3677 mens
2800 3612 3185 3677 Professoris

708 3715 769 3777 in
803 3715 1239 3795 manuscriptis
1272 3732 1553 3795 expressa
1589 3714 1651 3776 et
1689 3713 1877 3776 verba
1909 3714 2223 3797 expositae
2256 3714 2447 3779 thesis
2479 3715 2664 3799 longe
2699 3715 2895 3779 alium
2929 3735 3183 3780 sensum

707 3818 1020 3887 haberent.
1056 3835 1244 3897 quam
1291 3816 1528 3879 faciunt
1570 3816 1755 3879 verba
1799 3816 1992 3879 thesis
2033 3816 2409 3899 proscriptae
2444 3839 2504 3881 »ε
2539 3817 2671 3882 scil.
2708 3817 2922 3881 eodem
2977 3837 3181 3895 seusu,

710 3940 781 3983 ac
811 3921 1007 4003 Lugo‚
1048 3919 1466 3983 conditionate
1504 3938 1720 4000 nempe
1762 3922 1826 3981 et
1863 3919 2261 4003 hypothetice
2298 3922 2414 3982 etc.

818 4060 897 4111 Vl.
929 4058 975 4110 4.
1006 4060 1187 4110 Damna
1226 4062 1274 4109 et
1312 4064 1516 4109 eventus
1543 4057 1679 4117 (licet
1705 4054 1890 4120 alioqui
1930 4060 2226 4121 frequentes)
2255 4072 2314 4109 ex
2344 4056 2577 4110 ebrietate
2605 4056 2759 4110 secuti
2787 4063 2834 4109 et
2865 4059 3004 4111 nullo
3032 4060 3179 4110 modo

711 4141 942 4209 praevisi,
968 4139 1288 4206 inculpabiles
1315 4147 1450 4199 sunt:
1479 4141 1589 4206 quia
1618 4156 1705 4194 nec
1734 4140 1781 4193 in
1810 4154 1863 4193 se
1890 4154 1976 4193 nee
2002 4139 2049 4192 in
2076 4140 2239 4194 causis
2264 4149 2377 4195 sunt
2404 4140 2561 4195 liberi.
2582 4143 2704 4195 Sunt
2733 4155 2852 4194 vero
2881 4142 3179 4208 culpabiles»,

711 4226 751 4279 si
790 4226 885 4279 sint
921 4225 1135 4292 praevisi
1175 4240 1261 4278 nec
1300 4224 1545 4289 diligentia
1587 4226 1837 4279 sufficiens
1876 4240 1936 4278 ex
1977 4225 2276 4291 praescripto
2315 4225 2601 4292 prudentiae
2629 4225 2690 4278 sit
2729 4225 2971 4289 adhibita,
3000 4242 3059 4280 ne
3097 4240 3174 4280 se·

712 4318 1002 4376 querentur:
1034 4325 1088 4363 ea
1119 4325 1235 4363 vero
1276 4311 1512 4372 adhibita,
1541 4309 1631 4362 etsi
1661 4318 1830 4375 postea
1869 4309 2112 4373 eveniant,
2141 4313 2283 4377 culpa
2310 4318 2501 4373 vacant,
2527 4317 2580 4363 ut
2614 4309 2776 4373 eliam,
2804 4315 3002 4375 (1111111110
3046 4310 3183 4364 iuna

712 4394 805 4447 loci
843 4402 892 4448 et
924 4394 1157 4460 temporis
1190 4393 1580 4447 circumstantias
1621 4410 1715 4446 non
1755 4400 1958 4459 apparel
1987 4393 2255 4459 periculum
2298 4394 2427 4456 mali,
2453 4393 2661 4459 ideoque
2702 4394 2833 4447 nulla
2873 4400 3067 4449 cautela
3109 4403 3186 4448 est

713 4478 945 4533 adhibita.
975 4482 1040 4531 lta
1071 4479 1219 4543 Vasq.
1244 4481 1290 4530 l.
1322 4481 1368 4530 2.
1397 4480 1444 4530 11.
1485 4478 1592 4531 124.
1622 4493 1665 4530 c.
1694 4480 1741 4530 3.
1773 4478 1961 4545 Quibus
1982 4478 2295 4531 conlormitcr
2320 4481 2455 4531 Lesa
2484 4481 2512 4532 l.
2545 4480 2591 4531 4.
2622 4494 2663 4531 c.
2694 4479 2740 4531 3.
2769 4480 2930 4541 docet,
2961 4478 3003 4532 si
3035 4479 3192 4543 negli-

712 4563 872 4628 gentia
911 4561 1194 4614 ebrietatem
1235 4567 1318 4613 aut
1356 4569 1562 4614 eventus
1601 4578 1660 4615 ex
1702 4578 1759 4614 ca
1799 4562 1934 4628 sequi
1976 4562 2150 4616 solitos
2190 4563 2508 4630 praecavendi
2552 4563 2694 4616 luerit
2731 4570 2916 4617 tantum
2958 4563 3191 4627 venialiS,
