3529 5158
371 360 499 436 [618
502 369 516 434 j
1031 374 1376 417 msa-morio
1413 375 1727 418 snmus-ma
1767 376 2170 420 Pnocamnnm
2722 364 2829 420 553

374 471 451 534 ad
468 473 774 536 rationem
799 472 1035 554 peccati
1058 472 1181 538 duo
1197 476 1592 548 concurrunt,
1606 474 1738 538 scil.
1756 478 1936 540 actus
1952 476 2343 542 voluntarius
2367 479 2430 540 et
2453 477 2828 542 inordinatio

371 573 524 650 eius,
551 592 709 654 quae
747 576 842 638 est
863 595 971 657 per
1002 594 1309 640 recessum
1347 596 1384 639 a
1414 576 1570 661 lege.
1602 577 1848 643 Horum
1879 579 2093 643 autem
2123 578 2388 643 duorum
2419 599 2613 644 unum
2637 599 2744 662 per
2762 598 2827 643 se

369 679 770 758 comparatur
785 676 864 740 ad
880 681 1255 760 peccantem,
1267 679 1375 760 qui
1398 678 1666 743 intendit
1679 679 1875 744 talem
1895 681 2105 745 actum
2116 681 2541 745 voluntarium
2556 701 2829 746 exercere

368 776 439 838 in
473 775 591 840 tali
619 779 885 841 vnateria
902 800 924 856 ,·
972 780 1143 844 alind
1189 782 1420 857 autem,
1462 781 1593 847 scil.
1642 781 2018 847 inordinatio
2051 784 2246 859 actus,
2296 802 2402 865 per
2442 783 2718 848 accidens
2762 802 2827 848 se

366 878 556 943 habet
586 879 665 944 ad
710 881 1119 947 intentionem
1158 883 1532 966 peccantis...
1574 883 1982 949 Manifestum
2020 885 2117 949 est
2153 886 2382 962 autem,
2421 884 2588 965 quod
2633 904 2827 950 unum

365 982 652 1064 quodque
675 987 1073 1067 consequitur
1096 987 1361 1068 speciem
1384 987 1722 1052 secundum
1743 986 1922 1063 illud,
1935 987 2101 1069 quod
2124 990 2218 1052 est
2240 1007 2347 1070 per
2363 1006 2446 1064 se,
2465 1007 2587 1053 non
2612 990 2823 1052 autem

364 1085 702 1150 secundum
731 1087 908 1163 illud,
935 1088 1099 1170 quod
1137 1091 1232 1154 est
1256 1109 1363 1172 per
1400 1088 1706 1164 accidens3
1743 1089 1891 1170 quia
1922 1108 2014 1164 ea,
2041 1108 2199 1170 quae
2222 1090 2371 1153 sunt
2393 1108 2500 1171 per
2524 1089 2820 1166 accidens,

362 1188 510 1251 sunt
556 1190 725 1253 extra
776 1191 1081 1255 rationem
1128 1190 1367 1273 speciei.
1403 1191 1484 1254 Et
1522 1190 1659 1254 ideo
1708 1192 1958 1273 peccata
2006 1190 2204 1273 specie
2234 1190 2707 1273 distinguuntur
2750 1211 2823 1255 ex

344 1293 536 1368 parte
558 1295 809 1355 actuum
839 1291 1335 1357 voluntariorum
1380 1293 1602 1374 ητα-916,
1653 1312 1842 1373 quam
1882 1312 1960 1356 ex
1993 1295 2181 1372 parte
2227 1291 2717 1356 inordinationis
2752 1293 2822 1356 in

345 1396 601 1472 peccato
655 1396 1031 1459 exsistentis.
1082 1397 1278 1460 Actus
1327 1398 1536 1460 autem
1586 1395 1926 1460 voluntarii
1974 1394 2447 1479 distinguuntur
2491 1395 2689 1477 specie
2735 1414 2824 1459 se-

356 1494 629 1560 cundum
662 1496 920 1570 obiecta,
950 1500 1022 1562 ut
1056 1498 1119 1562 in
1152 1498 1573 1580 superioribus
1608 1500 1927 1562 ostensum
1960 1499 2073 1561 est.
2123 1495 2298 1561 Unde
2329 1496 2629 1577 sequitur,
2656 1496 2820 1578 quod

355 1599 608 1678 peccata
654 1599 903 1681 propria
948 1599 1423 1683 distinguuntur
1468 1600 1666 1681 specie
1712 1598 2050 1664 secundum
2099 1598 2338 1663 obiecta
2369 1623 2431 1661 ».

446 1699 691 1764 Tanner
713 1701 864 1764 bene
889 1701 1180 1766 innititur
1208 1700 1410 1764 verbis
1442 1725 1477 1758 α
1501 1704 1774 1779 exparte
1804 1703 2053 1763 actuum
2085 1716 2292 1776 MAGIS,
2317 1720 2506 1780 quam
2536 1704 2819 1779 exparte

349 1801 850 1866 inordinationis
873 1807 988 1867 etc.
1024 1829 1085 1865 ».
1112 1804 1179 1866 et
1213 1801 1543 1879 concludit,
1578 1821 1650 1866 ex
1673 1821 1720 1867 s.
1757 1802 1998 1867 Thoma
2021 1804 2273 1885 peccata
2296 1802 2598 1886 distingui
2629 1804 2817 1870 etiam

346 1923 540 1988 penes
589 1907 853 1971 virtutes
903 1905 1219 1988 oppositas
1257 1929 1293 1962 «
1327 1908 1513 1986 atque
1560 1905 1695 1982 hoc,
1728 1905 1935 1986 inquit
1966 1905 2007 1968 l.
2043 1924 2116 1978 c.‚
2149 1904 2213 1968 in
2244 1924 2309 1969 re
2339 1923 2461 1969 non
2493 1906 2589 1969 est
2618 1904 2819 1970 diver-

346 2026 494 2071 sum
544 2007 624 2070 ab
669 2026 762 2084 eo,
812 2007 976 2089 quod
1025 2007 1120 2072 est
1165 2007 1469 2092 distingui
1515 2008 1712 2090 specie
1759 2006 2097 2072 secundum
2156 2007 2414 2084 obiecta,
2463 2027 2604 2072 cum
2650 2008 2818 2091 ipsas

346 2110 618 2174 virtutes
666 2111 866 2192 specie
911 2110 1338 2194 distinguatur
1383 2109 1718 2174 secundum
1767 2109 2006 2176 obiecta
2039 2135 2098 2172 ».

442 2211 743 2292 Quocirca
774 2231 823 2276 s.
852 2212 1125 2277 Thomas
1162 2213 1217 2276 1.
1255 2214 1315 2275 2.
1349 2231 1408 2293 q.
1455 2212 1558 2276 72.
1599 2216 1718 2277 art.
1757 2214 1816 2276 1.
1857 2212 1936 2276 ad
1975 2214 2035 2276 2.
2069 2213 2349 2296 apposite
2380 2212 2458 2276 ad
2489 2232 2639 2290 rem,
2672 2232 2813 2278 cum

345 2315 467 2378 sibi
493 2315 844 2380 obiecisset:
871 2339 907 2373 α
924 2314 1186 2390 Malum,
1220 2334 1363 2379 cum
1384 2315 1472 2379 sit
1494 2315 1784 2397 privatio,
1810 2314 2220 2399 distinguitur
2249 2316 2446 2397 specie
2477 2315 2811 2379 secundum

345 2418 623 2482 diversas
671 2417 902 2500 species
950 2418 1408 2500 oppositorum:
1450 2417 1555 2481 sed
1604 2420 1925 2500 peccatum
1973 2419 2068 2482 est
2113 2416 2424 2498 quoddam
2474 2416 2711 2481 malum
2749 2418 2810 2481 in

345 2540 567 2606 genere
613 2521 1030 2587 humanorum
1065 2523 1348 2597 actuum3
1384 2538 1531 2606 ergo
1572 2524 1825 2604 peccata
1872 2520 2075 2607 magis
2113 2519 2586 2604 distinguuntur
2615 2519 2814 2604 specie

345 2624 686 2689 secundum
735 2625 1041 2708 opposita,
1090 2643 1278 2705 quam
1325 2624 1663 2689 secundum
1710 2623 1952 2689 obiecta
1985 2646 2054 2687 »z
2095 2623 2474 2706 Respondet:
2518 2649 2552 2681 «
2590 2624 2810 2690 Dicen-

345 2726 516 2805 dum,
552 2727 718 2811 quod
766 2729 1088 2811 peccatum
1134 2746 1256 2791 non
1305 2728 1399 2791 est
1445 2745 1601 2809 pura
1648 2726 1937 2810 privatio,
1978 2725 2082 2789 sed
2129 2726 2306 2790 actus
2353 2725 2560 2790 debito
2600 2725 2809 2791 ordine

344 2829 628 2911 privatus
661 2831 724 2893 et
755 2829 892 2893 ideo
925 2832 1175 2912 peccata
1223 2829 1425 2913 magis
1466 2828 1941 2913 distinguuntur
1971 2828 2170 2911 specie
2201 2828 2537 2892 secundum
2569 2828 2808 2893 obiecta

344 2933 621 3005 actuum,
655 2950 845 3013 quam
877 2931 1213 2996 secundum
1247 2931 1558 3015 opposita3
1595 2931 1881 3012 quamvis
1929 2929 2173 2993 etiamsi
2222 2929 2690 3015 distinguantur
2719 2949 2808 2993 se-

342 3033 613 3098 cundum
640 3032 956 3117 oppositas
983 3034 1267 3111 virtutes,
1293 3034 1357 3098 in
1382 3033 1543 3097 idem
1568 3033 1830 3105 rediret;
1859 3032 2122 3095 virtutes
2148 3032 2310 3093 enim
2336 3031 2806 3114 distinguuntur

340 3137 541 3219 specie
571 3136 908 3201 secundum
941 3136 1182 3201 obiecta
1220 3162 1281 3198 ».

433 3238 524 3302 Ex
556 3238 780 3319 quibus
814 3240 1007 3322 patet,
1043 3258 1091 3301 S.
1120 3239 1426 3301 Thomam
1456 3236 1593 3300 ideo
1618 3234 2080 3299 distinctionem
2113 3233 2458 3316 specificam
2491 3235 2695 3315 petere
2728 3235 2806 3298 ab

340 3340 628 3417 obiectis3
654 3341 801 3423 quia
838 3340 1186 3405 considerat
1208 3341 1415 3401 actum
1446 3338 1649 3421 ipsum
1683 3338 1748 3401 et
1773 3336 2046 3418 alioquin
2071 3335 2367 3411 concedit,
2393 3337 2805 3419 privationem

338 3464 448 3509 seu
496 3443 1014 3508 inordinationem
1046 3445 1252 3526 petere
1284 3441 1546 3525 speciem
1580 3460 1651 3505 ex
1691 3439 2077 3524 oppositione
2111 3439 2186 3503 ad
2218 3439 2650 3505 rectitudinem
2689 3441 2806 3506 vir-

338 3548 496 3613 tutis
538 3547 892 3629 oppositae:
942 3546 1087 3609 licet
1134 3544 1341 3623 addat,
1392 3544 1547 3609 hanc
1594 3543 1942 3627 specificam
1988 3543 2297 3608 virtutum
2344 3542 2801 3611 distinctionem

336 3650 581 3716 desumi
627 3651 690 3714 et
734 3649 935 3732 ipsam
984 3667 1054 3712 ex
1103 3646 1376 3712 obiectis.

424 3753 589 3818 Hinc
637 3752 799 3815 idem
846 3769 894 3815 s.
929 3750 1204 3815 Thomas
1255 3749 1400 3814 alibi
1439 3752 1497 3812 2.
1534 3750 1679 3814 dist.
1714 3750 1821 3812 42.
1859 3770 1916 3831 q.
1954 3751 2014 3813 2.
2056 3752 2172 3814 art.
2217 3752 2276 3813 2.
2311 3769 2369 3830 q.
2410 3751 2464 3813 1.
2508 3750 2584 3814 ad
2623 3753 2677 3814 1.
2714 3752 2802 3816 sic

338 3859 676 3938 utrumque
707 3853 1063 3937 coniungit:
1107 3878 1142 3911 α
1174 3852 1517 3917 Dicendum
1551 3872 1718 3937 ergo,
1753 3851 1920 3934 quod
1957 3852 2179 3916 divisio
2212 3851 2446 3933 peccati
2476 3852 2539 3915 in
2572 3853 2800 3935 species

334 3977 479 4024 suas
539 3955 898 4021 essentiales
946 3957 1039 4019 est
1072 3975 1195 4034 per
1239 3956 1583 4035 oppositum·
1629 3955 1925 4030 cartam,-
1980 3954 2125 4036 quia
2182 3956 2447 4036 oportet,
2495 3953 2661 4036 quod
2715 3956 2800 4019 sit

334 4060 675 4127 secundum
708 4059 1037 4137 obiectum,
1073 4079 1144 4123 ex
1176 4078 1302 4141 quo
1340 4057 1732 4141 specificatur
1763 4059 2086 4141 peccatum
2118 4057 2181 4121 et
2210 4057 2411 4120 virtus
2436 4082 2496 4119 ».

424 4158 579 4233 818.
630 4162 711 4226 Et
758 4162 908 4226 haec
954 4162 1106 4226 satis
1152 4162 1279 4225 iam
1327 4160 1452 4224 sint
1498 4160 1571 4224 de
1618 4160 1733 4224 hac
1781 4159 2140 4242 quaestione
2186 4158 2391 4223 minus
2423 4160 2792 4238 necessaria3

330 4266 479 4349 quia
511 4264 846 4330 necessitas
894 4265 1100 4348 potior
1146 4266 1258 4341 est,
1310 4266 1382 4327 ut
1430 4281 1897 4348 cognoscamuS,
1937 4262 2330 4344 quandonam
2368 4267 2431 4327 et
2462 4282 2619 4346 quae
2665 4284 2797 4348 peo-

330 4372 473 4434 cata
521 4367 721 4451 specie
769 4366 1070 4431 differant.
1121 4366 1316 4449 Atqui
1364 4366 1682 4450 proposita
1729 4364 2013 4448 quaestio
2059 4384 2182 4429 non
2229 4364 2394 4427 illuc
2421 4365 2639 4442 tendit,
2689 4366 2795 4432 sed

327 4472 538 4537 solnm
561 4469 828 4553 quaerit,
856 4488 1160 4552 quaenam
1184 4469 1268 4533 sit
1292 4469 1639 4553 generalior
1667 4468 1887 4553 regula
1912 4468 2039 4531 sive
2063 4466 2358 4544 formula,
2393 4487 2551 4549 quae
2584 4487 2794 4534 omnes

326 4593 511 4638 casus
560 4573 678 4638 sub
725 4592 788 4636 se
837 4571 1346 4655 comprehendat;
1388 4592 1535 4636 num
1572 4571 1881 4655 oppositio
1929 4570 2006 4633 ad
2054 4570 2337 4648 virtuteS,
2371 4589 2520 4634 num
2552 4590 2795 4655 compa-
