3529 5158
705 298 812 353 704
1522 313 1838 354 APPRNDIx
1876 314 1916 353 1.
1953 311 2354 355 mssa-nuno

702 408 851 472 dum
895 429 963 473 co
1009 428 1159 473 casu
1191 409 1605 493 promulyata
1650 431 1778 473 non
1824 413 1934 485 est,
1969 410 2187 491 nequit
2216 408 2514 490 oblicum,
2551 412 2724 474 tanto
2765 411 2967 492 ’καρῖδ’
3012 411 3184 492 quod

702 510 807 575 lese
841 511 1082 575 incerta
1112 532 1239 576 non
1261 515 1467 593 potest
1495 517 1728 577 certam
1775 511 2214 594 obliyationem
2259 510 2570 575 inducere.
2605 510 2777 591 Quae
2823 513 3070 595 quidem
3101 533 3175 578 ea

701 614 894 679 thesis
942 615 1057 694 est,
1092 635 1281 698 quam
1320 635 1480 681 anno
1533 616 1725 680 1762.
1767 615 2152 699 propositam
2185 634 2381 697 usque
2413 614 2494 678 ad
2525 614 2709 679 finem
2742 615 2910 679 vitae
2959 619 3170 681 contra

700 717 958 781 Patuzzi
997 718 1384 801 aliorumque
1434 718 1820 801 sophismata
1867 736 2258 801 propugnare
2304 718 2589 800 perrexit.

794 820 941 884 105.
983 818 1142 884 Cum
1172 821 1505 885 manifesta
1536 821 1749 902 itaque
1782 838 1968 884 causa
2003 820 2236 902 pateat,
2271 839 2380 884 cur
2418 839 2467 884 s.
2493 820 2729 885 Doctor
2761 821 2897 884 tum
2929 820 2988 883 in
3022 840 3177 903 qua-

700 925 846 990 tuor
876 924 1326 1007 posterioribus
1359 923 1736 1007 Theologiae
1770 921 2030 987 Moralis
2069 921 2444 987 editionibus
2484 923 2621 986 tum
2652 922 2717 986 in
2750 922 2890 986 aliis
2923 923 3171 1006 scriptis

698 1027 842 1111 post
887 1028 1132 1091 exortas
1169 1026 1567 1112 potissimum
1614 1024 1873 1090 Patuzzi
1920 1025 2363 1102 contentioneS,
2398 1025 2653 1108 speciali
2698 1024 2844 1089 huic
2890 1025 3049 1089 thesi
3093 1025 3170 1091 de

699 1130 985 1213 opinione
1042 1149 1233 1212 aeque
1288 1129 1591 1212 probabili
1648 1128 2132 1213 propugnandae
2189 1146 2442 1210 operam
2495 1128 2855 1192 constanter
2914 1127 3167 1203 dederit,

700 1231 947 1296 aliunde
986 1250 1129 1296 vero
1177 1231 1344 1295 facta
1380 1232 1513 1314 ipsa
1554 1230 1984 1295 testimonium
2031 1230 2258 1306 dicant,
2292 1247 2341 1293 S.
2375 1230 2711 1294 Doctorem
2746 1247 2857 1313 pro
2890 1228 3174 1293 adversa-

697 1333 935 1398 riorum
982 1333 1343 1397 diversitate
1392 1334 1547 1397 alias
1594 1332 1868 1397 diversas
1926 1332 2263 1397 defendisse
2311 1332 2535 1409 theseS,
2586 1349 2745 1413 quae
2791 1332 3170 1414 ceteroquin,

697 1437 918 1518 utpote
950 1436 1266 1520 principiis
1302 1435 1521 1499 iisdem
1553 1436 1816 1513 innixae,
1853 1435 2048 1499 amice
2085 1454 2228 1499 cum
2259 1436 2572 1517 postremo
2606 1435 3000 1519 propugnata
3031 1453 3174 1498 con-

697 1538 1023 1603 ciliantur:
1059 1538 1186 1602 iam
1218 1538 1390 1602 nulla
1436 1537 1599 1602 ratio
1646 1538 1904 1602 suadere
1935 1537 2061 1601 imo
2112 1556 2221 1600 nec
2266 1535 2625 1619 permittere
2657 1535 2923 1611 videtur,
2958 1538 3032 1600 ut
3079 1537 3172 1601 to·

697 1641 835 1705 tum
859 1660 907 1705 s,
935 1641 1225 1706 Doctoris
1258 1641 1491 1705 morale
1518 1643 1792 1724 systema
1824 1640 1902 1703 ad
1940 1639 2355 1703 defensionem
2388 1640 2735 1721 postremae
2771 1639 2945 1703 illius
2977 1640 3170 1705 thesis

696 1744 1085 1808 coarctatum
1115 1732 1425 1827 putemus.

784 1844 999 1928 Neque
1048 1845 1293 1909 obstare
1340 1845 1436 1908 his
1485 1844 1683 1921 debet,
1733 1842 1899 1926 quod
1947 1863 1994 1908 s.
2047 1843 2279 1908 Doctor
2325 1863 2510 1906 suum
2552 1846 2826 1925 systema
2873 1846 3163 1927 appellat,

695 1947 861 2030 quod
906 1948 969 2011 in
1002 1949 1316 2030 postrema
1348 1946 1725 2031 Theologiae
1762 1946 2025 2011 Moralis
2057 1945 2324 2010 editione
2370 1946 2657 2030 legimus.
2693 1944 2872 2026 Quod
2919 1947 3168 2030 quidem

695 2069 746 2113 s,
787 2050 1020 2114 Doctor
1067 2049 1323 2114 disserte
1361 2048 1674 2133 significat
1704 2049 1767 2111 in
1807 2047 2139 2131 Opuscu10,
2173 2048 2274 2112 eui
2307 2047 2566 2111 titulum
2613 2048 2794 2114 fecit:
2829 2047 3170 2113 Dickiara—

692 2152 869 2216 aione
901 2150 1003 2213 del
1032 2152 1307 2225 sistema‚
1346 2149 1451 2214 che
1493 2151 1650 2214 tiene
1690 2150 1982 2214 Z’Autore
2021 2149 2314 2213 dintorno
2344 2148 2480 2213 alla
2515 2150 2731 2232 reyola
2768 2149 2925 2215 delle
2954 2153 3171 2216 azioni

691 2252 940 2327 morali,
990 2254 1098 2319 ubi
1144 2254 1376 2339 legitur
1424 2275 1481 2317 n.
1532 2254 1620 2316 1.:
1657 2278 1691 2311 ‹<
1726 2254 1795 2317 Io
1845 2252 2220 2317 nell'ultima
2267 2253 2571 2336 ristampa
2617 2252 2777 2317 satta
2821 2254 2980 2317 della
3027 2256 3160 2318 mia

690 2357 926 2422 morale
975 2357 1283 2421 nell’anno
1318 2375 1524 2421 scorso
1577 2355 1792 2432 1773„
1829 2356 1890 2418 in
1931 2355 2049 2418 fine
2091 2354 2189 2419 del
2221 2355 2480 2420 secondo
2528 2356 2722 2433 tomo,
2761 2356 2822 2419 vi
2865 2356 2944 2420 ho
2990 2356 3155 2421 fatto

691 2478 869 2542 porre
902 2480 988 2524 un
1026 2459 1479 2524 avvertimento
1528 2458 1624 2523 col
1673 2477 1853 2523 nome
1899 2457 1962 2521 di
2008 2457 2342 2535 Monitum,
2378 2457 2533 2522 dove
2564 2459 3047 2523 succintamente
3075 2458 3162 2524 ho

691 2562 872 2645 posto
904 2562 1011 2645 piu
1044 2545 1106 2625 in
1141 2562 1350 2627 chiaro
1383 2562 1429 2625 il
1462 2562 1718 2626 sistema
1749 2560 1906 2626 che
1891 2579 1951 2625 10
1984 2561 2172 2645 tengo
2206 2560 2367 2625 circa
2398 2560 2560 2625 l'uso
2594 2559 2750 2625 delle
2799 2561 3071 2644 opinioni
3096 2587 3162 2627 ³».

688 2663 777 2728 At
808 2683 951 2729 vero
987 2664 1320 2745 Monitum,
1356 2665 1519 2747 quod
1560 2685 1609 2729 s.
1644 2666 1879 2729 Doctor
1911 2663 2046 2728 heic
2077 2664 2378 2740 nominat,
2413 2663 2570 2728 illud
2609 2664 2812 2747 ipsum
2846 2668 2959 2739 est,
2993 2667 3164 2749 quod

688 2765 972 2847 superius
1021 2786 1078 2828 n.
1130 2785 1327 2847 praec.
1378 2766 1644 2829 diximus
1690 2764 1753 2829 in
1803 2767 2117 2849 postrema
2165 2765 2431 2830 editione
2478 2765 2856 2851 Theologiae
2901 2767 3167 2833 Moralis

690 2865 972 2931 additum
1020 2866 1211 2931 fuisse
1260 2867 1683 2931 dissertationi
1730 2868 1803 2932 de
1850 2869 2074 2932 morali
2121 2870 2459 2952 systemate
2507 2870 2571 2933 et
2614 2869 2680 2933 in
2726 2870 2928 2953 prima
2976 2872 3166 2937 huius

687 2971 864 3053 parte
911 2970 1192 3035 inveniri.
1243 2968 1527 3056 Systema
1577 2971 1787 3034 autem
1835 2970 2069 3035 morale
2115 2970 2201 3034 ibi
2250 2971 2598 3053 expositum
2643 2973 2865 3038 recidit
2909 2994 3163 3058 prorsus

686 3073 752 3138 in
798 3073 953 3138 duas
1000 3075 1205 3139 theses
1251 3073 1379 3138 iam
1426 3074 1566 3138 inde
1616 3075 1692 3138 ab
1740 3093 1900 3138 anno
1952 3073 2143 3137 1762.
2196 3093 2231 3137 a
2279 3093 2326 3138 s.
2378 3075 2647 3141 Doctore
2699 3077 3046 3161 propositas
3094 3079 3164 3142 et

686 3175 900 3241 deinde
940 3196 1135 3258 usque
1174 3176 1251 3240 ad
1291 3176 1631 3240 extremum
1666 3176 1832 3240 vitae
1869 3177 2295 3260 propugnatas
2333 3178 2550 3241 contra
2585 3178 2845 3242 Patuzzi
2884 3179 3164 3262 aliosque

687 3278 1108 3344 adversarios:
1150 3279 1445 3342 nimirum
1499 3280 1578 3340 1¹n
1613 3278 1906 3342 illicitum
1955 3296 2085 3341 esse
2115 3297 2301 3342 usum
2352 3278 2657 3361 opinionis
2704 3280 2911 3345 minus
2943 3283 3165 3365 proba-

687 3384 848 3461 bilis,
876 3383 1124 3465 qnando
1164 3383 1327 3447 certe
1362 3401 1433 3446 ac
1464 3382 1826 3446 notabiliter
1858 3381 2236 3465 probabilior
2268 3382 2364 3446 est
2395 3381 2601 3466 opinio
2641 3403 2752 3467 pro
2785 3384 2950 3469 lege:
2978 3387 3060 3449 2¹¹¹
3087 3387 3163 3451 li-

686 3486 881 3550 citum
906 3503 1036 3549 esse
1062 3504 1246 3548 usum
1271 3484 1577 3568 opinionis
1609 3484 1946 3566 probabilis
1971 3484 2216 3567 quando
2245 3503 2437 3567 aeque
2459 3485 2799 3569 probabilis
2830 3489 2926 3552 est
2950 3487 3159 3571 opinio

685 3607 795 3671 pro
843 3587 1152 3650 libertate.
1202 3585 1397 3668 Atqui
1454 3585 1612 3650 duae
1660 3586 1818 3650 istae
1873 3587 2077 3650 theses
2133 3587 2504 3652 amicissime
2550 3589 2960 3654 conciliantur
3013 3610 3160 3655 cum

683 3688 1191 3755 communissima
1240 3688 1793 3772 probabilistarum
1840 3688 2120 3752 doctrina
2170 3687 2246 3751 ab
2294 3688 2428 3772 ipso
2479 3709 2528 3755 s.
2568 3689 2888 3774 Alphonso
2934 3711 3164 3775 propu-

684 3792 896 3877 gnata,
935 3793 1008 3856 111
1040 3790 1327 3867 vidimus,
1367 3790 1490 3855 imo
1523 3792 1732 3855 totum
1764 3790 2314 3874 probabilistarum
2349 3793 2621 3876 systema
2651 3793 2714 3857 in
2748 3812 2812 3857 se
2858 3796 3159 3859 continet.

779 3894 924 3958 106.
950 3893 1034 3958 Et
1070 3913 1215 3958 sane
1249 3894 1399 3957 haec
1424 3913 1471 3957 S.
1501 3893 1790 3958 Doctoris
1823 3892 2016 3957 thesis
2049 3894 2314 3958 secunda
2346 3894 2616 3958 excludit
2647 3896 2985 3960 sententias
3017 3899 3158 3962 tum

683 3997 1253 4082 probabilistarum‚
1298 3996 1405 4078 qui
1438 4015 1547 4080 pro
1581 3996 1871 4060 libertate
1919 3995 2249 4080 exigebant
2295 3996 2644 4079 opinionem
2677 3998 3158 4081 probabiliorem

685 4100 748 4164 et
793 4099 1041 4182 quidem
1090 4098 1570 4182 probabiliorem
1617 4098 1793 4162 iuxta
1841 4116 2090 4162 sensum
2139 4097 2406 4162 Antoine
2453 4099 2517 4162 et
2562 4096 2887 4177 Gonzalez,
2922 4099 2993 4162 (16
3023 4120 3153 4181 (1110

684 4220 871 4285 supra
905 4223 963 4265 n.
1004 4202 1105 4265 18.
1146 4202 1285 4265 111111
1323 4201 1648 4265 mitiorum
1681 4199 2167 4279 tutioristarum,
2210 4200 2318 4282 qui
2355 4218 2465 4283 pro
2505 4200 2795 4265 libertate
2827 4200 3161 4285 exigebant

687 4304 1037 4385 opinionem
1070 4303 1652 4386 probabilissimam,
1682 4306 1819 4367 tum
1858 4303 2119 4385 denique
2151 4301 2615 4372 tutioristarum
2651 4302 3020 4387 rigidorum,
3047 4305 3162 4387 qui

687 4421 796 4486 pro
827 4403 1116 4468 libertate
1149 4405 1476 4488 exigebant
1515 4405 1865 4487 opinionem
1899 4424 2009 4468 seu
2042 4405 2413 4469 sententiam
2449 4405 2772 4471 moraliter
2809 4408 3062 4471 certam.

776 4504 953 4569 Prior
999 4525 1143 4570 vero
1185 4507 1375 4571 thesis
1415 4509 1563 4571 tunc
1595 4508 1799 4571 solum
1830 4507 2124 4571 illicitum
2171 4506 2323 4571 dicit
2354 4526 2539 4572 usum
2586 4507 2894 4591 opinionis
2927 4529 3038 4592 pro
3087 4510 3165 4574 11-
