3529 5158
699 380 807 436 232
1165 393 1378 436 mAc‘r.
1418 392 1484 432 11.
1523 391 1609 431 nn
1644 388 2063 433 consonam-13.
2102 388 2300 433 carm·
2338 389 2403 429 11.
2442 389 2585 431 nna.
2626 390 2690 429 11.
3016 376 3162 453 [198]

788 490 940 564 198.
978 493 1147 576 Opus
1178 510 1301 556 non
1349 491 1444 554 est
1491 487 1811 552 immorari
1856 488 1920 552 in
1967 485 2275 551 solvendis
2322 486 2632 551 consuetis
2679 486 3158 553 difficultatibus

697 595 971 676 reliquie,
1000 594 1242 676 praeter
1279 611 1401 669 eas,
1436 609 1592 674 quas
1628 591 1754 654 iam
1782 609 1829 653 s,
1864 590 2098 654 Doctor
2135 587 2382 672 tetigit:
2416 588 2562 652 illae
2585 589 2749 653 enim
2779 609 2993 673 reapse
3024 591 3160 654 nul·

695 698 819 761 lius
842 696 1127 779 ponderis
1165 696 1315 760 sunt
1351 696 1415 758 et
1445 713 1660 759 earum
1692 691 1923 757 solutio
1956 691 2185 772 ubique
2217 691 2481 773 prostat.
2515 689 2937 756 Nihilominus
2969 693 3160 758 absti-

696 817 839 863 nere
886 817 1008 863 non
1054 816 1385 882 possumus
1423 797 1501 860 ab
1532 814 1656 860 una
1703 794 2073 858 difficultate
2103 791 2437 867 referenda,
2477 811 2637 874 quae
2669 792 2766 857 est
2810 811 2953 857 vera
3001 794 3161 859 diffi-

698 900 900 964 cultas
961 903 1025 965 et
1085 900 1262 964 cuius
1310 898 1541 964 solutio
1588 896 1926 962 conducere
1981 895 2192 977 potest
2249 893 2327 957 ad
2381 895 2617 958 rectam
2676 894 3159 979 intelligentiam

697 1004 947 1067 nostrae
979 1003 1190 1067 thesis,

785 1104 983 1167 Aiunt
1006 1121 1180 1188 ergo:
1215 1104 1377 1167 ratio
1410 1101 1835 1185 probabilismi
1867 1102 1962 1165 est
1993 1100 2168 1164 haec:
2197 1098 2299 1161 lex
2323 1097 2516 1162 dubia
2545 1098 2959 1181 nonobliyat‚·
2982 1102 3160 1184 atqui

696 1206 752 1269 si
780 1207 932 1269 haec
948 1206 1109 1271 ratio
1126 1207 1314 1282 valet,
1333 1206 1661 1270 incidimus
1686 1205 1749 1268 in
1773 1203 2260 1287 propositionem
2283 1201 2645 1266 damnatam
2668 1221 2828 1284 quae
2851 1206 2947 1269 est
2969 1206 3159 1270 tertia

694 1308 858 1372 inter
888 1308 1215 1372 damnatas
1239 1308 1318 1371 ab
1349 1308 1707 1372 Innocentio
1741 1306 1853 1369 XI.
1890 1307 1949 1368 2.
1978 1305 2195 1369 Martii
2225 1305 2415 1369 1679.
2434 1304 2669 1369 scilicet
2692 1303 3017 1369 dicendum
3041 1309 3154 1385 est,

695 1410 876 1474 licere
909 1429 1090 1495 agere
1120 1430 1264 1475 cum
1290 1411 1574 1493 opinione
1610 1408 1917 1492 probabili
1950 1408 2048 1472 vel
2071 1408 2458 1472 tenuissima.
2484 1407 2649 1472 Nam
2672 1408 2791 1472 etsi
2815 1408 3021 1492 opinio
3046 1429 3157 1492 pro

694 1513 832 1596 lege
877 1514 965 1576 sit
1009 1513 1526 1596 probabilissima,
1562 1511 1761 1576 adhuc
1793 1514 2004 1575 tamen
2040 1511 2253 1575 manet
2282 1509 2546 1575 formido
2581 1510 2653 1575 de
2684 1510 2818 1575 eius
2849 1511 3157 1589 falsitate:

696 1614 842 1696 quia
891 1615 1091 1679 adhuc
1137 1634 1456 1680 versamur
1499 1615 1665 1679 intra
1710 1614 1863 1677 fines
1910 1612 2403 1695 probabilitatis:
2446 1631 2593 1696 ergo
2630 1613 2728 1677 lex
2757 1614 3033 1679 nondum
3064 1616 3160 1680 est

694 1718 862 1780 certa
908 1717 1167 1800 ideoque
1212 1719 1308 1783 lex
1356 1718 1557 1781 adhuc
1601 1719 1697 1780 est
1742 1716 1949 1780 dubia.
2000 1716 2165 1800 Ergo
2219 1734 2548 1798 possumus
2586 1717 2760 1797 sequi
2807 1718 3157 1800 opinionem

692 1819 1071 1884 contrariam
1107 1821 1639 1904 probabilissimae
1663 1820 1954 1904 prolege,
1981 1819 2097 1883 hoc
2132 1819 2228 1882 est
2252 1818 2600 1900 opinionem
2632 1819 2993 1886 tenuissime
3023 1841 3161 1904 pro-

695 1922 964 1987 babilem
995 1942 1106 2005 pro
1139 1924 1447 2001 libertate,
1488 1922 1652 2005 quod
1691 1925 1901 1986 tamen
1934 1941 1982 1985 s.
2018 1919 2200 1984 Sedes
2237 1920 2615 2003 reprobavit.

784 2026 947 2089 Ante
973 2025 1432 2108 responsionem
1478 2024 1756 2097 adverto,
1789 2024 1973 2106 quod,
2021 2042 2165 2087 cum
2194 2023 2501 2088 certitudo
2540 2026 3005 2111 methaphysica
3052 2028 3161 2093 ha-

695 2128 827 2191 beri
874 2128 1110 2210 nequit,
1144 2128 1451 2192 sententia
1496 2127 1819 2192 moraliter
1848 2128 2015 2190 certa
2049 2128 2113 2189 et
2148 2126 2455 2189 sententia
2501 2127 2999 2209 pnobabilissima
3030 2151 3153 2197 non

697 2228 990 2294 differunt
1034 2248 1279 2312 reapse:
1329 2229 1587 2311 ideoque
1619 2230 1768 2294 tunc
1798 2247 1922 2293 non
1953 2230 2047 2293 est
2092 2228 2264 2292 locus
2298 2228 2571 2310 opinioni
2618 2230 2963 2296 contrariae
3008 2253 3159 2315 quo-

696 2350 821 2413 quo
868 2331 1051 2397 modo
1097 2351 1240 2397 vere
1273 2331 1596 2415 probabili.

786 2435 1182 2518 Respondeo:
1237 2436 1303 2498 1⁰
1334 2436 1467 2499 Ista
1497 2435 1681 2509 ratio,
1721 2432 1886 2515 quod
1920 2431 2022 2495 lex
2053 2432 2245 2495 dubia
2276 2452 2401 2495 non.
2434 2433 2681 2513 obliget,
2713 2434 2945 2519 iugiter
2978 2437 3154 2502 adhi-

697 2538 879 2603 betur
910 2557 946 2602 a
995 2557 1042 2602 s,
1077 2539 1395 2622 Alphonso
1444 2555 1555 2620 pro
1602 2554 1715 2601 suo
1763 2537 2100 2620 systemate
2138 2554 2247 2599 nec
2292 2537 2501 2600 tamen
2549 2535 2611 2600 in
2652 2536 2784 2602 eius
2815 2539 3155 2622 systemate

695 2640 853 2704 illud
889 2641 1079 2705 habet
1108 2642 1334 2718 locum,
1383 2640 1550 2723 quod
1594 2640 1781 2703 liceat
1827 2639 2000 2720 sequi
2046 2638 2397 2720 opinionem
2435 2639 2705 2704 tenuiter
2752 2641 3153 2723 probabilem.

695 2741 860 2825 Ergo
899 2742 1058 2805 hanc
1088 2741 1590 2822 consequentiam
1622 2759 1692 2804 ex
1729 2758 1851 2804 usu
1882 2740 2054 2803 illius
2085 2739 2347 2804 rationis
2379 2759 2427 2804 s.
2467 2741 2699 2806 Doctor
2728 2761 2850 2807 non
2884 2743 3061 2810 vidit.

876 2845 946 2905 2⁰
978 2842 1430 2927 Distinguenda
1462 2844 1557 2905 est
1587 2842 1749 2905 ratio
1797 2841 1989 2905 thesis
2025 2842 2101 2905 ab
2131 2841 2267 2924 ipsa
2305 2843 2466 2906 thesi
2497 2846 2753 2916 asserta,
2793 2846 2930 2908 tum
2961 2847 3035 2909 ut
3066 2847 3158 2910 in-

692 2945 890 3010 tentio
924 2946 1197 3010 auctoris
1233 2945 1319 3009 sit
1349 2946 1410 3008 in
1437 2945 1600 3018 tuto,
1625 2946 1763 3007 tum
1788 2945 1934 3025 quia
1967 2963 2038 3008 ea
2069 2945 2232 3009 ratio
2258 2948 2465 3027 potest
2487 2965 2617 3010 esse
2643 2947 2803 3011 ratio
2830 2966 2951 3012 non
2977 2949 3156 3014 adae-

693 3048 888 3127 quata
925 3046 1136 3111 thesis.

781 3149 862 3213 Et
898 3168 1111 3232 reapse
1148 3152 1362 3214 nostra
1393 3149 1584 3214 thesis
1628 3148 1786 3212 duas
1822 3149 2029 3230 partes
2059 3148 2274 3212 habet:
2308 3152 2548 3227 oportet
2574 3152 2646 3211 ut
2679 3151 2908 3230 opinio,
2941 3156 3044 3216 cui
3086 3175 3155 3218 se

694 3248 1043 3329 conformat
1067 3255 1265 3326 actm,
1303 3252 1392 3315 sit
1417 3251 1698 3332 gnaviter
1716 3249 2071 3329 probabilis
2090 3271 2112 3316 .·
2134 3251 2311 3314 cuius
2344 3251 2506 3315 ratio
2539 3254 2651 3328 est,
2686 3255 2833 3335 quia
2874 3257 3154 3338 operatio

693 3353 874 3417 debet
906 3373 1036 3418 esse
1080 3353 1375 3437 prudens:
1408 3373 1531 3418 non
1557 3353 1804 3437 agimus
1849 3354 2061 3416 autem
2092 3353 2442 3434 prudenter,
2481 3373 2625 3417 cum
2671 3356 3035 3423 confidimus
3067 3361 3158 3424 te-

692 3457 1030 3520 nuissimae
1061 3457 1507 3538 probabilitati.
1550 3454 1685 3534 Quo
1719 3456 1923 3538 posito
1971 3475 2043 3519 en
2095 3455 2291 3519 altera
2325 3475 2500 3538 pars:
2536 3457 2682 3521 licet
2712 3462 2891 3540 sequi
2920 3463 3158 3542 opinio—

691 3557 1237 3637 nemprobabilem
1264 3578 1383 3637 pro
1408 3558 1714 3631 libertate,
1751 3557 1973 3621 relicta
1999 3557 2426 3638 probabiliore
2437 3580 2562 3638 pro
2594 3558 2764 3641 leye:
2795 3563 2971 3627 cuius
2988 3566 3154 3631 ratio

692 3662 806 3734 est,
839 3661 986 3741 quia
1032 3660 1128 3723 lex
1166 3660 1352 3724 dubia
1390 3679 1511 3726 non
1547 3660 1807 3744 obligat.

780 3763 910 3827 Ista
935 3781 1081 3847 ergo
1107 3764 1253 3827 sunt
1286 3763 1584 3846 principia
1617 3763 1807 3826 simul
1837 3763 2284 3846 coniungenda.
2319 3763 2611 3846 Operatio
2637 3765 2817 3831 debet
2848 3786 2978 3833 esse
3008 3790 3158 3853 pru-

688 3863 868 3942 dens:
920 3884 1066 3950 ergo
1113 3867 1412 3947 sequatur
1466 3866 1814 3949 opinionem
1869 3867 2144 3950 graviter
2191 3865 2599 3948 probabilem:
2650 3868 2744 3931 lex
2790 3868 2977 3933 dubia
3024 3890 3153 3939 non

689 3969 955 4053 obligat:
989 3987 1136 4053 ergo
1182 3968 1328 4032 licet
1361 3969 1534 4050 sequi
1566 3968 1948 4050 probabilem
1982 3986 2092 4050 pro
2125 3968 2434 4038 libertate.
2467 3969 2685 4034 relicta
2734 3972 3153 4052 probabiliore

685 4091 796 4154 pro
828 4072 982 4156 lege.

774 4171 1161 4254 Quapropter
1200 4173 1276 4236 ad
1324 4173 1781 4256 argumentum.
1832 4173 1921 4236 Ea
1953 4174 2049 4237 est
2080 4174 2241 4238 ratio
2290 4173 2573 4256 partialis
2620 4174 2899 4259 integrae
2931 4177 3153 4259 thesis,

685 4291 849 4337 conc.
885 4273 1121 4349 totalis,
1172 4293 1308 4354 noy.
1338 4293 1359 4335 .·
1398 4275 1622 4339 idcirco
1661 4277 1929 4358 negatur
1959 4293 2335 4356 consequens
2373 4279 2435 4340 et
2472 4277 2929 4359 consequentia.

758 4373 1156 4437 Advertimus
1182 4375 1407 4452 tamen,
1444 4375 1609 4457 quod
1643 4377 2075 4459 interpretatio
2095 4377 2373 4442 adhibita
2391 4379 2797 4461 propositioni
2816 4380 3159 4451 damnatae

685 4494 807 4540 non
841 4478 935 4538 est
965 4477 1159 4552 certa:
1200 4479 1486 4559 quamvis
1532 4480 1945 4543 communiter
1991 4480 2266 4544 adhiberi
2298 4480 2528 4548 soleat:
2579 4500 2650 4547 eo
2698 4483 2861 4564 quod
2908 4503 3156 4566 sensuS,

688 4597 812 4661 quo
843 4579 1272 4660 interpretatio
1307 4581 1625 4664 accipitur.
1665 4582 1760 4646 est
1792 4601 1992 4646 verus.
2036 4582 2189 4647 Vide
2221 4603 2279 4646 n.
2314 4585 2457 4647 119.
