3529 5158
719 331 829 387 650
1547 340 1860 382 APlemx
1898 342 1936 381 1.
1978 338 2379 382 meantum-10

719 444 947 509 midine
994 442 1282 525 oppositi.
1333 437 1744 504 Proba-bilior
1791 441 1901 510 cst,
1951 456 2109 518 quae
2155 437 2383 501 nititur
2435 436 2838 514 fundamento
2888 439 3184 524 graviori,

718 547 821 610 sed
871 545 1063 609 etiam
1108 563 1251 608 eum
1298 541 1587 626 prudenti
1633 539 1961 604 formidine
2018 539 2305 623 oppositi,
2355 539 2449 603 ita
2503 541 2579 604 ut
2631 541 2948 605 contraria
2991 542 3188 606 etiam

720 648 1057 733 probabilis
1093 646 1417 711 censeatur
1439 670 1501 707 ».

808 749 1026 814 Nonne
1073 748 1269 832 igitur
1299 746 1630 810 manifesta
1669 745 1996 828 appareret
2033 744 2311 809 omnium
2343 744 2541 809 oculis
2572 745 2737 810 inter
2767 745 2918 810 haec
2947 749 3191 811 contra-

722 852 931 927 (119110,
956 851 1077 915 nisi
1107 850 1247 932 quis
1273 848 1638 924 adverteret,
1676 847 1822 911 alibi
1862 865 1973 930 pro
2009 847 2293 930 opinione
2325 850 2489 912 certe
2523 847 2926 930 probabiliori
2958 849 3190 913 intelli-

721 955 987 1040 gendam
1033 972 1162 1018 esse
1222 972 1292 1017 ex
1350 953 1558 1015 mente
1604 969 1655 1013 s.
1703 949 1995 1014 Doctoris
2055 949 2406 1032 opinionem
2454 950 2779 1014 moraliter
2839 954 2950 1014 aut
3008 951 3191 1033 quasi

722 1057 1044 1122 moraliter
1074 1058 1326 1130 certam,
1367 1072 1527 1136 quae
1563 1052 1840 1136 profecto
1881 1051 2036 1115 nihil
2075 1052 2267 1116 habet
2302 1070 2628 1117 commune
2660 1071 2806 1116 cum
2835 1054 3078 1136 recepta
3110 1053 3192 1116 ab

726 1160 1012 1225 omnibus
1049 1157 1235 1221 huius
1272 1156 1441 1221 vocis
1467 1154 1869 1238 acceptione?

817 1263 921 1325 26.
949 1261 1135 1325 Aliud
1159 1260 1407 1325 demum
1430 1257 1804 1341 principium
1837 1256 2108 1321 vidimus
2146 1275 2282 1340 sup.
2310 1276 2371 1320 n.
2409 1258 2512 1320 10.
2554 1275 2591 1320 a
2629 1276 2678 1321 s.
2710 1257 3036 1340 Alphonso
3061 1277 3197 1341 pro-

728 1365 1021 1450 positum,
1077 1381 1294 1444 nempe
1340 1380 1447 1443 per
1493 1359 1845 1443 opinionem
1893 1361 2056 1423 certe
2103 1359 2582 1441 probabiliorem
2631 1359 2761 1423 iam
2807 1360 3195 1440 sufficienter

712 1466 1185 1549 promulyatam
1212 1465 1415 1548 legem
1438 1463 1713 1528 evadere.
1740 1460 1920 1542 Quod
1945 1461 2194 1543 quidem
2218 1464 2465 1544 praeter
2496 1462 2634 1526 loca
2666 1462 2897 1528 ibidem
2921 1463 3198 1549 allegata

726 1570 992 1655 legimus
1019 1570 1082 1631 et
1111 1567 1172 1630 in
1202 1566 1389 1630 Hom..
1425 1567 1645 1645 Apes-t.
1681 1567 1865 1629 tract.
1906 1565 1964 1627 1.
2001 1584 2135 1647 cap.
2174 1565 2234 1628 3.
2268 1584 2329 1627 n.
2359 1564 2507 1627 31.:
2549 1589 2585 1622 α
2609 1564 2722 1629 Est
2759 1567 2824 1629 et
2857 1565 2985 1630 alia
3017 1567 3197 1643 ratio,

727 1670 891 1755 quod
929 1687 1041 1734 nos
1069 1669 1393 1734 observare
1424 1668 1753 1731 debeamus
1787 1668 2184 1750 praeceptum
2215 1666 2393 1745 illud,
2413 1667 2580 1749 quod
2603 1667 2988 1733 sufficienter
3009 1668 3195 1733 fuisse

729 1774 904 1839 nobis
937 1772 1326 1856 propositum
1363 1771 1669 1854 possimus
1706 1770 1979 1834 iudicare
2012 1771 2074 1833 et
2107 1769 2440 1853 prudenter
2469 1769 2841 1834 eredendum
2878 1774 2996 1846 est,
3033 1771 3200 1835 suffi-

729 1877 958 1940 cienter
994 1874 1183 1938 fuisse
1216 1873 1623 1956 propositum,
1658 1891 1801 1935 cum
1832 1891 1942 1954 pro
1976 1872 2132 1956 legis
2166 1872 2526 1937 exsistentia
2565 1875 2938 1957 argumenta
2974 1873 3201 1939 adsunt

730 1995 1022 2062 grav10ra
1048 2002 1107 2037 ».

820 2080 1017 2161 Atqui
1049 2078 1352 2142 eiusmodi
1389 2078 1778 2161 principium,
1828 2078 1993 2159 quod
2033 2077 2284 2142 admitti
2317 2080 2475 2144 citra
2505 2079 2948 2144 difficultatem
2995 2081 3202 2163 potest

732 2203 804 2247 ac
827 2182 1026 2259 debet,
1062 2181 1308 2264 quando
1340 2180 1586 2245 nomine
1619 2179 1925 2263 opinionis
1959 2181 2396 2263 probabilioris
2423 2182 2806 2267 intelligitur
2840 2182 3050 2265 opinio
3081 2201 3203 2245 mo-

732 2285 958 2349 raliter
988 2288 1177 2357 certa,
1203 2286 1574 2368 argumenta
1598 2285 1811 2346 autem
1835 2283 2126 2367 graviora
2150 2283 2599 2368 intelliguntur
2630 2303 2723 2362 ea,
2750 2303 2924 2367 quae,
2953 2287 3027 2347 ut
3045 2284 3199 2347 alibi

732 2390 940 2471 inquit
970 2408 1016 2451 s.
1046 2388 1281 2451 Doctor
1311 2385 1461 2467 (vid.
1489 2404 1625 2467 sup.
1666 2405 1726 2449 n.
1766 2386 1900 2468 12.)
1934 2384 2008 2448 de
2031 2386 2292 2449 veritate
2315 2387 2708 2460 convincunt,
2732 2388 2862 2470 ipse
2886 2405 2934 2451 s.
2960 2387 3200 2451 Doctor

735 2510 986 2576 prorsus
1010 2490 1254 2565 refellit,
1283 2489 1389 2553 ubi
1407 2506 1606 2552 sermo
1633 2489 1715 2552 sit
1738 2487 1814 2551 de
1840 2487 2126 2571 opinione
2155 2488 2332 2552 iuxta
2356 2508 2747 2555 communem
2779 2490 3201 2574 acceptionem

736 2594 1154 2678 probabiliori.
1195 2592 1572 2656 Huiusmodi
1610 2592 1823 2673 itaque
1872 2591 2222 2673 opinionem
2261 2610 2396 2656 9999
2440 2592 2752 2675 quomodo
2785 2593 3202 2677 aequipollere

734 2697 892 2781 legis
916 2694 1401 2778 promulgationi
1426 2693 1736 2757 inficietur
1760 2693 2022 2757 Dissert.
2049 2713 2190 2757 ann.
2232 2695 2422 2758 1755.
2449 2715 2510 2758 11.
2546 2695 2655 2759 38.
2679 2717 2693 2758 ε
2733 2719 2770 2753 αι
2794 2695 2984 2759 Patet
3007 2695 3204 2780 igitur

737 2819 807 2862 ex
845 2796 1124 2880 praefato
1162 2797 1337 2859 textu
1378 2814 1424 2859 s.
1465 2795 1740 2859 Γ1311011199
1776 2794 1970 2875 leqem
2001 2816 2128 2859 non
2145 2814 2333 2876 posse
2364 2795 2493 2859 dici
2519 2798 2681 2861 satis
2701 2797 3070 2860 intimatam
3085 2816 3205 2877 per

736 2901 937 2966 solam
983 2900 1333 2979 opinionem
1348 2896 1876 2978 probabiliorem·
1923 2918 2065 2962 cum
2101 2899 2266 2964 enim
2306 2899 2513 2982 opinio
2551 2900 2896 2965 necessario
2927 2899 3203 2965 formidi-

737 3023 877 3068 nem
924 3003 986 3066 in
1027 3001 1382 3085 oppositum
1427 3001 1728 3074 includat,
1779 3002 1852 3065 ut
1898 3021 2085 3086 supra
2135 3003 2539 3077 ostendimuS,
2586 3022 2911 3085 nunquam
2940 3003 3206 3067 scientia

739 3106 857 3170 diei
895 3106 1082 3169 valet.
1118 3105 1282 3190 Ergo
1316 3105 1559 3169 etiamsi
1610 3104 1796 3169 alicui
1830 3105 2211 3187 probabilius
2252 3107 2549 3188 appareat
2585 3105 2796 3170 adesse
2834 3106 3039 3191 legem
3071 3124 3206 3188 pro-

739 3208 1072 3282 hibentem,
1107 3205 1322 3289 nequit
1346 3207 1554 3271 tamen
1579 3205 1719 3283 diei,
1747 3207 1911 3289 quod
1933 3206 2064 3290 ipse
2087 3207 2291 3291 1989111
2314 3207 2490 3285 sciat,
2519 3209 2765 3291 quando
2799 3208 3206 3292 probabiliter

740 3311 939 3374 adhuc
984 3311 1182 3392 putet,
1234 3309 1410 3373 illam
1455 3327 1575 3373 non
1624 3309 1914 3373 exsistere
1961 3311 2024 3374 et
2077 3309 2238 3374 forte
2287 3329 2408 3374 non
2455 3312 2730 3377 exsistet.
2780 3310 2942 3377 Cum
2990 3318 3204 3378 autem

740 3412 1162 3496 promulgatio
1212 3411 1517 3495 pertineat
1565 3411 1641 3474 ad
1689 3411 1845 3496 legis
1892 3412 2243 3490 essentiam,
2295 3413 2540 3494 quando
2589 3414 2918 3479 dubitatur
2951 3415 3028 3480 de
3075 3434 3211 3497 pro·

742 3515 1150 3598 mulgatione,
1200 3513 1389 3577 etiam
1428 3512 1501 3577 de
1531 3514 1667 3598 lege
1699 3514 2058 3588 dubitatur;
2109 3514 2270 3579 unde
2308 3515 2471 3580 sicut
2507 3517 2605 3581 lex
2641 3517 2824 3581 debet
2859 3535 2994 3581 esse
3040 3520 3209 3580 certa

743 3619 817 3681 ut
849 3617 1101 3701 obliget,
1138 3615 1227 3679 ita
1260 3616 1323 3680 et
1358 3616 1803 3700 promulgatiO,
1846 3636 2004 3699 quae
2037 3619 2133 3682 est
2164 3617 2645 3683 constitutivum
2681 3618 2840 3703 legis
2875 3644 2936 3681 ».

830 3720 971 3784 Huc
1003 3718 1260 3793 faciunt,
1310 3737 1468 3800 quae
1514 3737 1562 3782 s.
1598 3719 1834 3783 Doctor
1880 3719 2124 3802 reponit
2165 3720 2659 3785 adversariorum
2691 3721 3028 3786 obiectioni
3058 3719 3203 3784 ibid.

744 3846 802 3889 n.
838 3823 978 3887 32.;
1028 3848 1062 3880 «
1100 3821 1379 3902 Quando,
1415 3821 1705 3903 inquiunt
1753 3821 2017 3903 (scilicet
2055 3822 2639 3906 probabilioristae),
2674 3841 2785 3907 pro
2817 3822 2957 3907 lege
2990 3823 3206 3906 proba-

743 3927 927 3991 bilior
975 3925 1181 4008 opinio
1230 3944 1339 3988 seu
1385 3925 1547 3988 ratio
1597 3924 1856 3998 assistit,
1905 3927 2008 3988 sat
2055 3924 2166 3987 illa
2211 3924 2413 4008 legem
2450 3924 2720 3989 elucidat
2767 3927 2832 3989 et
2878 3924 2957 3989 ad
3004 3926 3206 4010 legem

747 4028 1081 4113 obstringit
1118 4053 1178 4090 ».
1228 4026 1324 4090 Ad
1362 4045 1518 4107 quae
1567 4045 1615 4089 S.
1651 4028 1911 4091 Doctor:
1960 4051 1995 4082 ⁴<
2029 4025 2146 4090 Sed
2185 4026 2384 4108 primo
2417 4028 2684 4110 negatur
2721 4027 2992 4104 omnino,
3042 4026 3206 4109 quod

745 4131 1099 4196 huiusmodi
1131 4130 1287 4214 legis
1320 4129 1655 4194 declaratio
1689 4129 1897 4202 dubia,
1932 4131 2160 4212 utputa
2196 4132 2333 4194 orta
2367 4150 2436 4194 ex
2470 4130 2755 4214 opinione
2792 4130 3058 4206 fallibili,
3083 4130 3206 4195 etsi

746 4233 1164 4317 probabiliori,
1200 4233 1277 4296 ad
1308 4232 1510 4316 legem
1544 4232 1821 4316 obligare
1855 4235 2068 4315 possit.
2119 4232 2281 4297 Nam
2311 4234 2376 4297 in
2413 4233 2597 4298 rebus
2629 4232 2832 4299 dubiis
2870 4233 3207 4299 declaratio

742 4336 901 4418 legis
940 4353 1002 4398 se
1039 4335 1226 4399 habet
1258 4336 1330 4398 ut
1367 4354 1529 4399 nova
1560 4335 1657 4399 lex
1704 4338 1767 4399 et
1803 4335 1939 4400 ideo
1981 4335 2142 4399 sicut
2173 4335 2270 4400 lex
2302 4336 2380 4400 ad
2414 4336 2818 4422 obligandum
2847 4337 3034 4402 debet
3081 4355 3209 4401 esse

747 4440 934 4510 certa,
967 4437 1057 4500 ita
1095 4440 1158 4500 et
1189 4437 1590 4502 declaratio...
1625 4439 1962 4521 Propterea.
1995 4438 2351 4516 declaratiO,
2379 4438 2544 4520 quod
2567 4441 2718 4504 tunc
2738 4439 2950 4504 locum
2981 4440 3211 4504 habeat

746 4539 863 4612 lex,
897 4537 1075 4601 debet
1122 4539 1372 4620 pariter,
1424 4543 1611 4621 prout
1648 4541 1763 4614 lex,
1806 4560 1935 4604 esse
1981 4544 2148 4604 certa
2197 4542 2260 4605 et
2304 4541 2670 4616 infallibilis,
2710 4543 2786 4604 ut
2815 4543 3018 4624 possit
3066 4542 3216 4607 obli-

744 4663 928 4729 gare3
962 4660 1111 4704 nam
1144 4640 1298 4703 alias
1336 4641 1536 4706 adhuc
1575 4643 1650 4706 ad
1683 4644 1886 4727 1989111
1919 4643 2173 4708 dubiam
2206 4642 2731 4727 obstringeremur
2762 4669 2824 4707 ».
