3529 5158
361 325 512 401 [309]
897 340 980 380 Ax
1019 339 1210 382 uerus
1248 340 1419 381 unam
1455 341 1709 382 rin-num
1746 341 2034 383 mmmm
2073 341 2317 384 possun-
2718 331 2827 386 325

547 440 619 501 40
655 435 910 502 Certum
965 437 1264 501 iudicium
1318 436 1558 502 desumi
1602 457 1723 503 non
1771 441 1977 521 potest
2013 458 2084 503 ex
2129 439 2340 522 poenis
2389 441 2822 522 suspensionis

363 540 682 606 interdicti
709 542 822 604 aut
837 539 1342 623 irregularitatis.
1361 538 1524 604 Nam
1540 542 1706 617 sunt,
1733 541 1841 621 qui
1865 540 2084 605 docent
2108 541 2259 621 (vid.
2287 562 2333 604 s.
2362 543 2824 626 Alph.n.145.)

364 662 546 726 posse
579 643 693 706 has
730 660 959 725 poenas
983 641 1233 718 incurri,
1273 642 1520 706 etiamsi
1549 642 1730 725 culpa
1755 661 1878 707 uon
1911 643 1996 706 sit
2027 644 2254 726 gravis
2282 644 2364 707 Et
2394 644 2825 709 contradicunt

363 745 618 828 quidem
651 745 760 808 3111
788 744 939 808 ibid.
975 744 1139 827 apud
1162 763 1211 808 s.
1237 745 1454 827 Alph.;
1480 744 1585 809 sed
1607 745 2049 810 limitationem
2082 745 2316 810 addunt
2347 749 2410 811 et
2442 748 2825 830 restringunt

362 847 444 910 ad
476 847 941 930 suspensionem
973 866 1046 910 ac
1075 846 1493 924 interdictum,
1541 847 1597 911 si
1642 848 1768 912 sint
1812 849 2097 924 Μαίονος,
2149 851 2335 930 prout
2379 850 2698 932 suspensio
2745 850 2825 914 ab

364 950 572 1014 officio
599 950 698 1014 vel
721 949 1014 1014 beneficio
1040 949 1119 1013 ad
1141 949 1401 1033 longum
1430 952 1677 1032 tempus
1700 952 1764 1013 et
1800 949 2199 1013 interdictum
2231 951 2310 1014 ad
2342 969 2584 1016 omnem
2610 972 2821 1029 usum3

361 1052 518 1116 haec
563 1052 728 1116 enim
774 1071 900 1116 non
947 1069 1125 1134 posse
1171 1051 1401 1115 incurri
1446 1052 1577 1116 sine
1621 1051 1802 1135 gravi
1846 1052 2028 1133 culpa
2074 1052 2181 1115 isti
2229 1052 2467 1128 docent,
2507 1054 2669 1118 sicut
2715 1055 2825 1118 3111

359 1153 529 1218 idem
576 1154 790 1218 dicunt
836 1153 910 1217 de
957 1153 1095 1218 aliis
1143 1153 1353 1236 poenis
1407 1153 1837 1236 spiritualibus
1890 1154 2294 1236 gravissimis.
2343 1156 2536 1219 Porro
2592 1158 2653 1219 in
2701 1156 2824 1220 ista

358 1255 810 1320 incertitudine
856 1255 1104 1319 difficile
1149 1257 1262 1332 est,
1321 1258 1394 1319 ut
1437 1255 1554 1319 hae
1599 1273 1830 1338 poenae
1876 1256 2220 1321 habeantur
2276 1259 2347 1320 ut
2391 1260 2560 1321 certa
2606 1258 2823 1340 regula

361 1357 700 1443 gravitatis
750 1357 1170 1440 obligationis,
1205 1357 1285 1420 Et
1314 1357 1477 1422 ratio
1510 1358 1710 1439 patet3
1738 1357 1848 1439 qui
1883 1358 1937 1421 si
1973 1356 2263 1440 Superior
2300 1358 2456 1422 sciat
2491 1378 2560 1422 ac
2592 1360 2822 1432 teneat,

361 1477 484 1523 non
532 1460 700 1523 certo
746 1477 1000 1543 gravem
1047 1459 1278 1541 requiri
1309 1459 1556 1541 culpam
1589 1458 1664 1522 ad
1696 1459 1809 1523 has
1842 1477 2068 1542 poenas
2100 1460 2514 1533 incurrendas‚
2550 1461 2821 1544 profecto

359 1561 416 1624 si
464 1579 568 1624 eas
617 1561 922 1643 imponat,
987 1579 1107 1626 uon
1154 1563 1402 1625 constat
1458 1560 1624 1642 quod
1661 1579 1763 1625 eas
1810 1561 2178 1644 imponendo
2224 1563 2500 1646 graviter
2555 1563 2822 1627 voluerit

359 1663 659 1747 obligare.
694 1662 869 1743 Quod
895 1663 949 1727 si
979 1663 1095 1727 hae
1119 1681 1348 1746 poenae
1372 1663 1498 1727 sint
1528 1663 1810 1728 ferendae
1842 1665 2202 1738 sententiae,
2227 1664 2536 1728 consentit
2559 1684 2607 1727 s.
2634 1665 2817 1748 Alph.

359 1786 425 1829 n.
481 1766 648 1842 146„
699 1765 1078 1848 probabilius
1123 1784 1273 1843 esse,
1321 1783 1443 1830 non
1481 1784 1658 1848 posse
1702 1765 2002 1842 concludi,
2052 1765 2219 1848 quod
2263 1766 2430 1850 leges
2479 1767 2595 1830 sub
2641 1770 2820 1851 gravi

360 1868 661 1952 obligent.

451 1969 670 2051 Quoad
700 1991 760 2034 n.
795 1970 886 2034 IV
891 2018 906 2034 .
954 1969 1056 2035 De
1101 1968 1540 2034 consuetudine
1585 1969 1934 2050 explicante
1980 1969 2137 2051 Ieyis
2182 1970 2619 2052 obliyationem
2664 1973 2822 2036 nihil

353 2073 738 2139 addendum:
775 2073 894 2137 nisi
940 2072 1104 2154 quod
1142 2074 1310 2138 certo
1341 2073 1415 2137 de
1446 2072 1563 2137 hac
1593 2072 2053 2148 consuetudine,
2090 2093 2247 2154 quae
2280 2094 2418 2138 vere
2451 2074 2534 2138 sit
2571 2094 2822 2140 consue-

353 2177 535 2254 tudo,
571 2180 854 2242 constare
883 2177 1063 2242 debet
1086 2196 1195 2241 nec
1232 2177 1513 2261 regulam
1544 2178 1838 2242 statuunt
1862 2178 2045 2259 pauci
2074 2176 2346 2260 quidam,
2372 2178 2479 2260 qui
2511 2179 2701 2263 vulgo
2734 2179 2822 2244 di-

350 2283 587 2346 cuntur
616 2280 919 2345 timorati.

445 2379 631 2453 3⁰8..
666 2382 824 2446 Heio
870 2381 1153 2463 quaestio
1202 2380 1478 2445 addenda
1524 2381 1750 2446 omissa
1800 2381 1877 2445 ab
1907 2381 2012 2445 A.:
2055 2399 2131 2445 an
2178 2381 2273 2444 lex
2314 2381 2586 2445 humana
2622 2383 2819 2465 possit

351 2487 708 2572 praecipere
741 2488 917 2551 actus
945 2505 1112 2550 mere
1144 2485 1439 2549 internos.

445 2589 613 2655 Satis
660 2590 1007 2655 communis
1052 2591 1150 2654 est
1193 2587 1507 2670 responsio
1539 2587 1689 2669 (vid.
1739 2607 1789 2652 s.
1837 2589 2022 2670 Alph.
2069 2588 2175 2652 lib.
2231 2590 2287 2652 1.
2320 2609 2380 2652 ιι.
2422 2590 2600 2673 100.)
2651 2590 2820 2672 quod

349 2693 689 2776 dupliciter
717 2691 985 2776 intelligi
1013 2693 1218 2773 potest
1240 2691 1356 2756 hoc
1384 2693 1799 2773 praeceptum,
1835 2694 1907 2755 ut
1938 2710 2154 2773 nempe
2187 2690 2602 2775 praecipiatur
2640 2695 2818 2758 actus

349 2796 636 2859 internus
689 2795 758 2857 1⁰
786 2813 896 2876 per
931 2812 995 2858 se
1032 2797 1095 2858 et
1140 2794 1389 2870 directe,
1423 2795 1493 2856 20
1523 2793 1818 2859 indirecte
1857 2794 1933 2859 01)
1970 2795 2465 2861 coniunctionem
2497 2816 2638 2861 cum
2672 2798 2817 2862 actu

348 2900 627 2963 externe.

441 3000 581 3064 Hoc
628 2998 852 3080 posito,
890 2999 1027 3063 DD.
1060 2998 1448 3063 communius
1496 3000 1559 3063 et
1605 3017 1653 3062 s.
1687 2999 1873 3081 Alph.
1910 2997 2081 3063 addit
2109 2999 2523 3077 probabilius,
2559 3003 2812 3084 negant,

353 3100 632 3185 praecipi
662 3100 798 3185 lege
830 3100 1104 3165 humana
1135 3119 1312 3183 posse
1349 3119 1458 3182 per
1487 3118 1551 3163 se
1598 3102 1660 3164 et
1705 3100 1932 3163 directe
1980 3102 2156 3162 33133
2180 3100 2454 3164 internos
2486 3119 2614 3175 seu,
2650 3101 2814 3180 quod

349 3203 524 3269 idem
556 3206 673 3279 est,
712 3202 981 3285 praecipi
1011 3220 1189 3285 posse
1213 3204 1390 3266 actus
1420 3220 1584 3264 mere
1613 3201 1907 3265 internos.
1930 3200 2138 3273 Ratio,
2169 3202 2315 3280 quia
2347 3201 2672 3281 legislator
2708 3202 2817 3264 hu-

353 3325 580 3371 manus
612 3305 828 3388 nequit
857 3304 1130 3369 iudicare
1160 3304 1233 3370 de
1262 3303 1540 3368 internis.

444 3409 521 3471 In
552 3408 806 3472 eandem
852 3407 1223 3472 sententiam
1271 3405 1611 3470 affenmtur
1655 3402 1912 3485 quidam
1956 3404 2163 3467 textus
2210 3422 2281 3468 ex
2326 3403 2459 3468 iure
2506 3399 2814 3468 Canonico

350 3513 416 3576 et
464 3510 776 3575 sententia
820 3508 1138 3574 Benedicti
1173 3507 1345 3572 XIV.
1394 3506 1469 3571 de
1514 3505 1746 3589 Synod.
1796 3506 1903 3570 lib.
1955 3506 2014 3570 9.
2057 3525 2108 3570 c.
2142 3507 2202 3570 4.
2245 3527 2303 3571 n.
2344 3506 2436 3570 4.:
2477 3530 2511 3563 «
2543 3505 2815 3570 Ecclesia

352 3617 570 3679 autem
616 3612 803 3677 sicuti
847 3631 971 3678 non
1018 3613 1224 3694 potest
1270 3630 1377 3693 per
1422 3629 1485 3675 se
1531 3609 1758 3674 directe
1812 3610 1874 3674 et
1920 3608 2275 3674 immediate
2321 3609 2667 3692 praecipere
2703 3611 2816 3674 aut

352 3716 682 3799 prohibere
728 3716 942 3779 actum
971 3732 1138 3778 mere
1182 3713 1514 3789 internum,
1547 3712 1723 3776 iuxta
1770 3730 2159 3777 communem
2206 3711 2640 3795 theologorum
2686 3731 2819 3776 sen-

348 3819 718 3892 tentiam...;
751 3817 844 3881 ita
880 3834 1001 3881 non
1040 3816 1246 3899 potest
1275 3814 1597 3891 haeresim,
1630 3833 1790 3895 quae
1819 3814 1883 3878 in
1916 3816 2123 3877 actum
2163 3816 2482 3877 externum
2513 3831 2634 3876 non
2682 3831 2817 3893 pro·

350 3921 466 3997 dit,
500 3939 763 3985 censura
811 3918 1221 4002 perstringere
1258 3943 1318 3981 ».

440 4020 680 4088 Contra
715 4020 1059 4086 concedunt
1089 4020 1214 4084 imo
1252 4018 1631 4084 contendunt
1663 4018 1821 4095 DD.,
1855 4016 2146 4080 indirecte
2194 4017 2257 4078 et
2302 4034 2373 4078 ex
2419 4015 2817 4093 consequenti

351 4143 535 4208 posse
565 4122 839 4208 praecipi
872 4125 1050 4187 actus
1080 4121 1354 4186 internos
1385 4120 1669 4185 videlicet
1707 4120 1784 4183 ob
1815 4117 2309 4183 coniunctionem
2354 4134 2496 4178 cum
2542 4114 2812 4181 externo.

342 4227 442 4292 Ad
475 4228 592 4292 hoc
626 4228 838 4290 tamen
870 4224 1145 4308 exigunt,
1191 4226 1264 4288 31
1299 4222 1559 4287 interior
1595 4222 1773 4284 actus
1812 4238 1954 4283 cum
1992 4220 2240 4283 externo
2265 4217 2681 4299 coniungatur
2691 4237 2815 4296 per

343 4349 412 4394 se
444 4332 509 4395 et
539 4348 667 4394 non
697 4346 866 4392 mere
870 4346 994 4405 per
1020 4324 1309 4389 accidens
1332 4344 1402 4390 ac
1433 4323 1629 4389 veluti
1657 4321 2157 4387 concomitanter.

434 4429 616 4503 309.
666 4430 865 4494 Porro
896 4427 1375 4492 concomitanter
1404 4429 1468 4492 et
1486 4446 1608 4505 per
1636 4423 1923 4489 accidens
1957 4423 2320 4488 coniunctus
2352 4421 2579 4486 dicitur
2615 4427 2814 4501 33133,

342 4534 473 4598 sine
515 4552 646 4616 quo
697 4531 884 4595 actus
931 4528 1110 4607 31133,
1144 4529 1245 4594 331
1281 4528 1700 4612 coniungitur,
1749 4526 1938 4591 habet
1982 4544 2157 4617 suam
2210 4525 2473 4589 formam
2520 4543 2630 4588 333
2677 4526 2819 4590 331)-
