3529 5158
610 320 719 375 714
1418 329 1732 371 Aemumx
1771 330 1836 371 11.
1875 329 2278 373 Drama-mo

606 430 835 506 cedere,
873 428 1119 511 quando
1167 427 1533 493 constitutio
1573 427 1759 491 habet
1791 426 2105 491 decretum
2138 452 2199 491 ».
2234 429 2399 494 Hinc
2439 431 2645 515 pergit
2688 450 2749 494 n.
2790 431 2887 494 6.:
2922 455 2958 487 «
2987 430 3075 495 Et

593 554 718 615 pro
748 535 874 597 ἰδία
891 534 1080 612 parte
1124 530 1297 610 facit,
1336 529 1505 611 quod
1530 528 1842 593 decretam
1878 528 2103 610 Papae
2133 531 2384 595 videtur
2424 532 2677 613 afficere
2707 533 3076 613 iynorantes

604 634 814 717 quoad
828 653 1098 714 poenam
1126 631 1448 696 munitatis
1477 635 1721 696 actus...
1755 630 1885 695 Sed
1919 630 2026 696 ubi
2055 653 2184 697 non
2215 638 2376 698 esset
2401 634 2712 710 adieotwn
2740 634 3074 708 decretum,

608 736 756 802 licet
794 738 896 801 ius
941 739 1102 801 esset
1131 734 1603 816 prohibitivum,
1646 737 1757 798 tun
1788 754 1915 798 non
1965 733 2197 817 liqaret
2238 738 2604 818 iynomtes
2647 736 2857 818 quoad
2886 734 3080 800 nvai-

609 842 797 903 tatem
840 842 1018 903 actus
1062 841 1174 901 etc.
1211 862 1272 901 ».

697 942 884 1006 Patet
913 941 1131 1025 igitur,
1163 941 1459 1005 Ioannem
1489 939 1553 1003 in
1586 938 1711 1002 alia
1744 940 2108 1021 quaestione
2135 941 2371 1006 versari
2408 944 2473 1006 et
2501 940 2758 1024 proinde
2786 959 2911 1005 11011
2941 958 3078 1005 6666

608 1044 688 1110 6(1
718 1064 849 1109 rem
885 1044 1018 1109 eius
1049 1042 1439 1126 suffragium.

703 1148 806 1211 15.
832 1145 951 1211 Sed
978 1146 1127 1210 licet
1162 1145 1424 1209 Ioannes
1455 1163 1579 1209 non
1605 1146 1820 1228 ageret
1850 1145 2278 1225 quaestionem
2310 1145 2647 1222 diversam;
2672 1148 2886 1211 tamen
2915 1136 3102 1209 falso'

610 1247 959 1314 diceretur
945 1266 1074 1329 lpse
1099 1246 1356 1330 exigere,
1376 1247 1452 1310 ut
1481 1245 1823 1328 publicatio
1849 1246 1914 1327 (a
1946 1265 2071 1328 qua
2094 1248 2496 1330 computandi
2526 1250 2653 1314 sint
2682 1248 2805 1313 duo
2835 1265 3080 1312 menses

612 1352 689 1415 ad
719 1350 1045 1434 ligandum
1090 1350 1280 1413 etiam
1326 1348 1715 1432 ignorantes)
1746 1348 1860 1413 fiat
1894 1351 1960 1414 in
1998 1350 2332 1432 provincia.
2367 1350 2529 1416 Nam
2567 1371 2626 1416 n.
2667 1350 2724 1416 7.
2757 1350 3082 1434 proposita

610 1456 734 1519 ista
767 1452 1127 1535 quaestione
1158 1454 1223 1517 et
1252 1451 1453 1516 relata
1486 1451 1792 1534 opinione,
1826 1452 1901 1516 de
1932 1453 2481 1537 promulgatione
2465 1472 2530 1518 ιιι
2560 1452 2914 1537 provinciis,
2947 1472 3080 1518 sen·

612 1557 877 1621 tentiam
924 1555 1274 1638 oppositam
1321 1550 1573 1620 subiicit
1619 1556 1682 1619 et
1729 1554 2074 1619 concludit.
2101 1581 2136 1613 «
2175 1553 2592 1634 Consuetud0‚
2642 1558 2718 1622 ut
2761 1554 2888 1620 dixi
2935 1575 3076 1620 cum

612 1660 759 1723 Ant.
793 1657 868 1722 (16
897 1657 1142 1735 Β111110,
1169 1657 1413 1721 videtur
1445 1676 1594 1735 esse,
1620 1656 1789 1739 quod
1812 1655 2086 1720 sufficiat
2105 1656 2592 1739 publicationem
2623 1658 2756 1724 fieri
2793 1660 2857 1723 in
2889 1656 3080 1723 Curia

614 1762 687 1827 de
717 1762 869 1844 ipsis
907 1758 1475 1825 Constitutionibns
1521 1758 1881 1841 Papalibus.
1915 1757 2222 1824 Standum
2268 1762 2364 1826 est
2394 1758 2826 1825 consuetudini
2864 1762 2980 1824 etc.
3012 1785 3078 1823 ».

708 1865 810 1927 16.
850 1861 1135 1927 Succedit
1179 1862 1431 1926 Felinus
1478 1860 1756 1926 Sandeus
1801 1860 1963 1925 inter
2012 1862 2317 1946 allegatos
2365 1881 2402 1926 a
2448 1862 2767 1929 Reiffenst.
2806 1882 2920 1927 ceu
2965 1863 3083 1927 Re-

613 1966 862 2053 galistis
908 1965 1203 2029 faventes.
1238 1964 1431 2063 Porro
1462 1966 1525 2028 et
1554 1963 1679 2028 ista
1712 1962 2014 2046 allegatio
2040 1961 2261 2028 iisdem
2298 1964 2469 2029 vitiis
2506 1965 2772 2043 laborat,
2808 1984 2880 2030 ac
2910 1984 3084 2048 prae-

615 2070 915 2135 cedentes

705 2172 795 2235 Ac
836 2172 903 2234 1⁰
949 2170 1217 2253 quidem,
1254 2170 1401 2252 quia
1434 2167 1921 2251 publicationem
1951 2167 2016 2230 in
2060 2168 2394 2250 provinciis
2425 2187 2548 2233 non
2581 2169 2794 2254 exigit,
2827 2169 2945 2233 nisi
2991 2170 3084 2233 in·

616 2275 925 2356 quantum
970 2273 1131 2337 ferat
1176 2269 1575 2336 consuetudo.
1611 2270 1711 2333 Ita
1757 2269 1865 2332 ille
1911 2270 1983 2333 In
2030 2288 2082 2333 6.
2141 2268 2590 2351 Ooynoscentes
2634 2292 2695 2335 n.
2745 2273 2837 2335 7.:
2870 2296 2904 2329 ‹
2936 2270 3077 2335 Nisi

616 2375 998 2442 consuetudo
1044 2376 1224 2452 esset,
1258 2372 1425 2455 quod
1462 2373 1666 2437 solum
1697 2370 2120 2454 publicaretur
2150 2371 2214 2435 in
2246 2368 2464 2449 Curia3
2498 2373 2647 2454 quia
2677 2374 2773 2438 illi
2802 2374 3081 2455 (consue-

618 2478 848 2560 tudini)
882 2479 1155 2542 staretur
1193 2502 1254 2540 ».

797 2584 867 2645 2⁰
904 2581 1200 2661 Quaestio
1248 2600 1369 2646 non
1416 2579 1511 2644 est
1557 2577 1632 2643 de
1678 2577 1740 2642 vi
1789 2576 2107 2661 obligandi
2152 2577 2216 2642 in
2264 2579 2411 2643 actu
2453 2579 2677 2662 primo,
2726 2578 2831 2645 sed
2877 2578 3085 2644 solum

615 2687 831 2748 utrum
878 2686 1020 2765 post
1066 2683 1222 2747 duos
1267 2683 1410 2745 illos
1458 2699 1696 2744 menses
1743 2699 1781 2743 a
1816 2677 2254 2759 publicatione
2292 2680 2518 2762 aliquis
2565 2682 2764 2764 possit
2810 2681 3086 2766 allegare

615 2787 1058 2870 ignorantiam.
1097 2786 1261 2850 Hinc
1292 2782 1557 2848 secundo
1587 2783 1724 2847 1060
1761 2782 2000 2847 limitat
2030 2781 2485 2848 conclusionem
2514 2784 2633 2851 hoc
2662 2784 2877 2851 modo:
2911 2808 2948 2843 ‹
2979 2781 3086 2848 Se·

617 2885 819 2951 cundo
850 2885 1077 2961 limita,
1100 2887 1231 2950 nisi
1246 2886 1389 2967 quis
1417 2885 1606 2948 sciret
1638 2883 2157 2948 szstitutionem
2176 2888 2324 2949 ante
2348 2884 2594 2965 lapsum
2624 2885 2894 2951 duorum
2921 2906 3085 2950 'nen-

617 2989 784 3053 sium
815 3014 875 3052 ».
926 2987 1061 3068 Qua
1107 2988 1181 3053 de
1226 3007 1291 3051 re
1338 2987 1543 3052 dubiis
1590 2987 1892 3051 occurrit:
1936 3012 1971 3045 ‹
2010 2986 2223 3051 Primo
2269 3007 2378 3069 per
2421 2988 2773 3072 regulam...
2822 2989 3080 3053 Frustra

619 3094 1010 3176 exspectatur
1057 3092 1332 3169 eventuS‚
1382 3092 1560 3154 cuius
1614 3089 1825 3155 nullus
1873 3091 2264 3172 exspectatur
2310 3089 2624 3155 effectus...
2673 3090 2758 3155 Et
2804 3112 2912 3174 pro
2964 3091 3082 3155 1166

617 3195 996 3260 limitatione
1018 3193 1192 3273 facit,
1216 3192 1447 3276 quod...
1467 3192 1701 3270 dicunt,
1722 3192 1889 3274 quod
1911 3193 2020 3274 qui
2044 3192 2278 3257 sciebat
2309 3191 2666 3259 ordinatum
2687 3212 2820 3258 6666
2842 3194 2909 3257 111
2931 3191 3088 3258 Con·

622 3297 762 3362 silio
796 3297 869 3360 de
903 3296 1131 3360 minori
1155 3296 1354 3379 pretio
1381 3295 1575 3359 tritici
1613 3298 1676 3359 et
1707 3296 1852 3359 ante
1884 3294 2372 3377 publicationem
2399 3294 2488 3376 (n.
2508 3295 2567 3359 b.
2575 3294 3086 3375 publicationem,

619 3419 742 3465 non
774 3419 919 3464 vero
938 3397 1535 3482 promulyationem)
1566 3398 1715 3463 talis
1762 3398 1992 3463 statuti
2038 3397 2316 3462 vendidit
2363 3416 2473 3481 pro
2519 3397 2720 3481 pretio
2754 3397 2963 3471 solito,
3004 3399 3090 3462 te-

618 3504 802 3566 netur
833 3501 1099 3583 emptori
1129 3500 1209 3564 ad
1251 3501 1548 3566 interesse
1581 3525 1642 3564 ».
1678 3499 1849 3580 Quae
1881 3500 2130 3582 quidem
2176 3501 2356 3582 plane
2389 3501 2676 3565 evertunt
2708 3500 2912 3565 totam
2959 3518 3089 3565 ma·

621 3605 868 3669 chinam
903 3603 1347 3687 regalisticam.

800 3706 871 3768 3⁰
908 3706 1187 3786 Denique
1219 3706 1297 3769 ad
1328 3705 1420 3769 rei
1449 3704 1822 3769 evidentiam
1853 3708 2004 3770 nota
2036 3723 2196 3786 quae
2233 3704 2380 3770 ibid.
2421 3706 2601 3770 notat
2635 3704 2890 3770 Felinus
2920 3705 3090 3770 111666

622 3808 850 3873 verbis:
877 3833 911 3864 «
936 3807 1019 3870 Et
1039 3807 1141 3870 hic
1172 3807 1347 3881 adde,
1373 3807 1540 3889 quod
1569 3807 1677 3871 ubi
1702 3804 2086 3872 Constitutio
2119 3808 2372 3872 emanat
2401 3825 2587 3890 super
2614 3807 2901 3885 materia,
2929 3824 3092 3889 quae

620 3928 744 3974 non
790 3910 885 3974 est
931 3927 1169 3991 semper
1205 3909 1270 3972 in
1307 3928 1446 3986 usu,
1482 3909 1588 3973 sed
1619 3909 1927 3994 contingit
1964 3929 2071 3992 per
2100 3909 2451 3981 intervalla,
2476 3927 2601 3974 non
2631 3908 2867 3974 sufficit
2896 3909 3090 3974 talem

620 4015 822 4099 legem
854 4032 984 4078 esse
1017 4013 1207 4077 semel
1238 4013 1547 4076 statutam
1578 4014 1644 4077 et
1671 4012 2075 4096 publicatam,
2103 4010 2458 4091 utpopulus
2487 4029 2616 4076 non
2650 4014 2979 4076 excusetur
3006 4009 3087 4073 ab

622 4116 1006 4198 iynorantia‚
1034 4114 1138 4179 sed
1163 4113 1345 4180 debet
1377 4117 1731 4180 occurrente
1761 4134 1911 4180 casu
1936 4115 2016 4179 ad
2038 4116 2366 4180 hominum
2392 4113 2762 4179 memoriam
2793 4113 3084 4179 reduci».

802 4218 872 4279 4⁰
918 4217 1280 4300 Expressius
1324 4217 1472 4281 ibid.
1522 4237 1581 4281 n.
1624 4218 1720 4282 8.:
1754 4241 1791 4277 «ι
1837 4215 2025 4282 Circa
2073 4218 2344 4297 tertium,
2393 4221 2609 4282 «uwum
2641 4218 3091 4297 praesumatur

622 4319 884 4383 scientia
924 4318 1405 4383 Constitutionz's
1420 4322 1573 4399 post
1607 4318 1853 4399 lapsum
1888 4319 2154 4383 duorum
2198 4321 2525 4395 nectarium,
2558 4317 2786 4394 decide,
2819 4323 2895 4383 ut
2925 4316 3094 4384 colli-

622 4423 800 4504 qc'tur
822 4442 899 4483 ea:
912 4420 1276 4501 praedictis.
1296 4421 1460 4485 Nam
1481 4422 1545 4485 in
1571 4419 2032 4488 Constitutione
2053 4423 2363 4488 inferioris
2389 4428 2635 4506 tempus
2657 4425 3094 4506 praesumptae

624 4522 917 4589 scientiae
950 4525 1043 4586 est
1075 4524 1477 4588 arbitrarium
1507 4525 1844 4589 secundum
1875 4526 1994 4590 loci
2028 4525 2435 4608 qualitatem;
2470 4525 2618 4608 qnia
2651 4523 2976 4589 viciniores
3013 4523 3095 4587 ci·
