3529 5158
724 354 831 408 222
1205 366 1418 407 macr.
1455 364 1520 405 11.
1559 364 1645 404 nn
1682 362 2097 405 couscmn‘rm.
2134 363 2333 404 cunr
2370 362 2433 402 11.
2474 361 2616 404 mm.
2654 363 2718 403 11.
3044 347 3190 422 [196]

737 491 772 523 «
804 466 1048 530 licitum
1080 483 1210 529 esse
1257 464 1431 527 illam
1479 461 1652 542 sequi
1691 461 1883 524 etiam
1919 460 1984 523 in
2015 478 2318 524 concursu
2365 459 2817 542 probabilioris.
2851 459 3018 543 Ergo
3064 478 3187 524 non

733 593 768 627 «ι
802 569 897 631 est
942 569 1074 632 sola
1113 566 1275 631 ratio
1315 563 1793 648 superioritatiS,
1844 581 2001 645 quae
2039 563 2404 626 cohonestat
2442 562 2863 645 operationem
2909 562 3184 637 subditi3

731 695 765 727 «
798 689 945 733 nam
991 670 1045 733 si
1089 669 1206 733 hoc
1251 668 1430 745 esset,
1481 666 1767 730 subditus
1814 664 2061 729 deberet
2107 665 2351 729 obedire
2398 665 2599 728 adhuc
2630 665 2684 728 si
2714 664 2919 737 sciret,
2951 665 3189 747 praela-

732 795 767 829 ‹<
801 773 937 835 tum
970 771 1034 835 in
1066 771 1254 835 dubio
1281 770 1647 854 praecipere,
1682 768 1781 832 vel
1814 767 2013 831 adhuc
2046 768 2099 831 si
2130 768 2445 850 praelatus
2479 769 2640 832 esset
2669 767 2995 850 imperitus
3028 768 3189 831 circa

733 899 768 931 «
800 874 1128 938 materiam
1176 873 1586 956 praeceptam.
1635 871 1797 935 Tota
1844 871 2040 955 igitur
2085 870 2247 934 ratio
2295 889 2405 933 cur
2453 869 2856 934 obediendum
2904 869 3006 947 sit,
3072 870 3184 949 est,

732 1002 765 1034 «
799 977 947 1059 quia
996 977 1293 1059 superior,
1351 976 1427 1039 ut
1471 974 1759 1051 diximuS,
1818 973 2025 1056 potest
2072 973 2312 1055 operari
2365 975 2429 1036 et
2481 973 2813 1055 prudenter
2866 972 3186 1055 praecipit,

730 1106 765 1137 ‹<
797 1079 1043 1161 quando
1076 1078 1378 1161 praecipit
1407 1096 1548 1140 cum
1583 1076 1869 1159 opinione
1906 1076 2110 1139 minus
2143 1074 2449 1157 probabili
2481 1101 2540 1138 ».

819 1207 854 1240 «
887 1183 1068 1246 Dicet
1115 1182 1360 1264 aliquis,
1396 1180 1556 1262 quod
1608 1198 1679 1243 eo
1728 1197 1876 1243 casu
1913 1179 2163 1242 tenetur
2222 1177 2507 1241 subditus
2554 1196 2845 1259 quaerere
2891 1178 3185 1253 rationes,

732 1309 765 1341 «
798 1284 1023 1365 quibus
1062 1283 1441 1365 probabilior
1473 1283 1591 1365 ipsi
1629 1282 1742 1345 fiat
1791 1281 2053 1364 praelati
2103 1279 2331 1363 opinio.
2367 1278 2482 1343 Sed
2520 1298 2868 1362 perperam3
2904 1280 3053 1360 quia
3085 1299 3189 1362 po·

730 1412 764 1442 «
797 1388 923 1450 test
960 1405 1089 1450 esse
1136 1385 1303 1467 quod
1348 1385 1610 1467 quaerat
1639 1384 1704 1447 et
1739 1402 1861 1447 non
1901 1383 2210 1447 inveniat:
2245 1384 2370 1447 imo
2408 1382 2615 1465 potest
2652 1401 2782 1447 esse
2820 1383 2986 1464 quod
3022 1382 3189 1447 inve-

729 1514 764 1545 «
797 1488 932 1552 niat
969 1488 1169 1551 adhuc
1205 1488 1453 1564 clarius,
1488 1485 1838 1569 opinionem
1875 1504 2054 1549 suam
2087 1504 2216 1549 esse
2247 1485 2722 1567 probabiliorem
2756 1484 3041 1567 opinione
3090 1504 3189 1548 su-

729 1614 764 1646 «
799 1590 1074 1672 perioris,
1115 1590 1224 1672 qui
1246 1589 1406 1654 forte
1439 1589 1558 1652 erit
1586 1589 1794 1652 minus
1835 1588 2055 1652 doctus
2089 1607 2279 1669 quam
2319 1586 2632 1651 subditus:
2674 1587 2998 1650 teneturne
3036 1587 3187 1651 tunc

730 1718 764 1750 ‹<
797 1693 916 1756 iste
965 1692 1254 1757 obedire?
1293 1690 1358 1755 Si
1403 1709 1525 1755 non
1575 1691 1842 1767 tenetur,
1894 1691 2130 1755 corruit
2175 1690 2392 1775 regula
2439 1688 2715 1765 laudata,
2767 1688 3004 1753 scilicet
3051 1688 3189 1753 obe-

729 1822 762 1853 «
797 1795 1086 1860 diendum
1119 1814 1248 1860 esse
1279 1794 1342 1859 in
1377 1794 1662 1859 omnibus
1698 1794 1808 1857 ubi
1840 1812 1963 1858 non
1995 1794 2240 1857 constat
2287 1792 2359 1856 de
2405 1792 2689 1874 peccat03
2741 1792 2987 1874 quando
3020 1792 3183 1856 enim

729 1923 762 1955 «
800 1898 973 1961 adest
1020 1898 1226 1980 opinio
1275 1897 1612 1980 probabilis
1651 1896 1725 1960 de
1778 1897 2103 1961 honestate
2152 1896 2413 1960 alicuius
2459 1896 2568 1974 rei,
2616 1897 2832 1978 nequit
2877 1895 2997 1959 dici
3046 1914 3181 1961 eam

729 2028 761 2057 «
798 2019 927 2064 esse
973 2000 1298 2063 manifeste
1326 2000 1634 2063 illicitam.
1671 1997 1738 2063 Si
1786 1999 2050 2075 tenetur,
2091 2017 2238 2082 ergo
2277 1998 2547 2062 iudicare
2585 1998 2782 2075 debet,
2833 1998 2999 2080 quod
3033 1999 3182 2063 bene

730 2127 760 2159 «
803 2102 1001 2184 possit
1047 2102 1326 2184 superior
1355 2101 1702 2184 praecipere
1738 2120 1870 2165 rem
1903 2100 2078 2164 illam
2125 2120 2268 2164 cum
2301 2100 2586 2183 opinione
2614 2100 2822 2164 minus
2852 2100 3177 2183 probabili.

728 2230 761 2261 «
797 2205 1091 2268 Instabit:
1132 2206 1280 2268 tunc
1313 2205 1559 2268 tenetur
1596 2204 1895 2268 subiicere
1930 2203 2228 2267 iudicium
2263 2222 2447 2266 suum
2482 2202 2711 2267 iudicio
2744 2203 3029 2285 praelati.
3064 2201 3176 2267 Sed

726 2332 760 2364 «
793 2306 1213 2389 respondetur,
1252 2307 1474 2370 nullibi
1520 2307 1755 2380 haberi,
1795 2306 2073 2388 praelato
2121 2305 2490 2387 promissam
2535 2304 2726 2368 fuisse
2758 2305 3177 2369 assistentiam

727 2433 761 2466 «
796 2407 1062 2491 Spiritus
1111 2409 1308 2473 sancti
1364 2409 1428 2473 et
1486 2408 2023 2481 infallibilitatem,
2079 2408 2170 2471 ita
2218 2407 2292 2470 ut
2335 2426 2677 2488 numquam
2724 2408 2921 2490 possit
2977 2426 3178 2471 errare

726 2536 760 2569 «
794 2512 954 2575 circa
1001 2512 1330 2575 veritatem
1375 2531 1583 2575 rerum
1630 2529 1786 2594 quas
1818 2511 2138 2595 praecipit,
2178 2510 2340 2573 sicut
2387 2528 2668 2573 summus
2698 2508 3004 2589 PontifeX,
3055 2529 3177 2593 quo

723 2639 757 2672 «
790 2614 1221 2696 praecipiente,
1261 2615 1506 2678 tenetur
1544 2613 1831 2678 subditus
1865 2615 2112 2679 omnino
2147 2615 2390 2678 mutare
2429 2614 2493 2676 et
2523 2613 2819 2678 subiicere
2856 2613 3173 2679 iudicium.

725 2741 760 2772 ‹<
796 2714 859 2780 Si
906 2735 1052 2800 ergo
1085 2734 1206 2780 non
1245 2718 1458 2799 peccat
1505 2715 1838 2781 obediendo
1879 2717 2198 2798 superiori,
2250 2735 2398 2780 casu
2444 2734 2566 2798 quo
2616 2715 2863 2780 obediat
2908 2715 3069 2780 forte
3115 2717 3176 2780 111

725 2843 760 2874 «
791 2817 979 2893 male,
1029 2818 1134 2894 sed
1178 2836 1301 2882 non
1347 2818 1697 2895 manifesto,
1731 2819 1849 2882 hoc
1881 2837 1952 2882 ex
1984 2838 2054 2882 eo
2095 2819 2190 2883 est
2226 2817 2392 2900 quod
2422 2818 2757 2902 cognoscit,
2798 2818 3176 2900 superiorem

724 2943 758 2976 «
792 2937 913 2983 non
955 2919 1182 2984 temere
1218 2922 1583 3004 praecipere,
1625 2940 1768 2985 cum
1799 2921 2100 3003 praecipit
2145 2940 2215 2984 ex
2264 2919 2549 3003 opinione
2585 2919 2704 3002 ipsi
2735 2920 3074 3002 probabili:
3116 2923 3177 2984 et

721 3049 756 3082 ‹<
790 3024 1022 3100 contra,
1064 3023 1227 3105 quod
1272 3024 1404 3108 ipse
1451 3025 1737 3088 subditus
1784 3027 2033 3088 tenetur
2080 3024 2343 3097 obedire,
2383 3023 2490 3088 ubi
2544 3024 2865 3106 peccatum
2911 3026 3175 3088 nonest

721 3155 755 3186 ‹<
789 3131 1027 3194 certum
1074 3131 1137 3194 et
1183 3121 1269 3194 sic
1315 3131 1693 3215 intelligitur
1739 3129 1896 3194 illud
1956 3130 2060 3210 (ad
2101 3130 2266 3211 quod
2313 3132 2637 3194 recurrunt
2697 3129 3053 3206 adversarii,
3106 3131 3178 3194 ut

724 3259 757 3290 «
791 3234 1192 3298 cohonestent
1238 3234 1648 3298 obedientiam
1695 3233 1760 3297 in
1791 3233 1974 3297 rebus
2006 3232 2265 3314 dubiis):
2311 3233 2434 3311 Qui
2461 3252 2563 3294 vos
2596 3231 2799 3295 audit:
2826 3252 2918 3295 mc
2954 3232 3140 3297 audit
3153 3254 3175 3311 ,-

719 3361 753 3392 «
786 3353 1002 3417 nempe
1049 3335 1213 3416 quod
1245 3355 1387 3399 cum
1420 3336 1697 3419 superior
1726 3334 2029 3418 praecipit
2061 3333 2293 3416 aliquid
2319 3353 2439 3398 non
2478 3336 2641 3399 certe
2670 3336 2928 3413 malum,
2968 3338 3173 3400 certus

717 3462 752 3492 «
785 3436 881 3499 est
917 3436 1224 3510 subditus,
1257 3438 1596 3501 immunem
1635 3457 1698 3502 se
1731 3457 1861 3502 esse
1893 3455 1928 3501 a
1976 3438 2245 3520 peccato.
2286 3435 2435 3500 Inde
2467 3437 2581 3509 est,
2609 3436 2773 3518 quod
2805 3438 2856 3501 si
2888 3437 3173 3503 Pontifex

717 3563 752 3594 «
785 3536 1052 3599 declaret
1084 3538 1314 3619 aliquid
1356 3538 1620 3617 licitum,
1655 3539 1821 3620 quod
1858 3538 2011 3603 mihi
2036 3539 2281 3604 videtur
2318 3538 2631 3612 illicitum,
2655 3539 2811 3602 illud
2844 3540 3010 3604 certe
3040 3560 3174 3624 pos-

718 3662 752 3695 «
792 3656 931 3701 sum
980 3640 1238 3720 operari,
1271 3639 1569 3704 iudicium
1609 3641 2049 3706 submittendo.
2091 3642 2178 3704 At
2206 3643 2440 3719 contra,
2481 3643 2765 3724 quamvis
2798 3645 3013 3708 tenear
3040 3645 3175 3709 obe-

717 3764 750 3797 «
785 3739 933 3816 dire,
974 3741 1220 3822 quando
1254 3743 1532 3825 superior
1568 3744 1871 3827 praecipit
1892 3744 2046 3807 mihi
2080 3744 2404 3820 actionem,
2440 3744 2512 3807 de
2537 3745 2711 3809 cuius
2728 3746 3171 3828 probabilitate

716 3866 750 3899 «
783 3841 1000 3907 dubito
1032 3844 1096 3907 et
1120 3843 1451 3909 obediendo
1484 3848 1633 3910 tunc
1648 3864 1769 3910 non
1802 3864 2062 3928 peccem,
2095 3864 2217 3910 non
2242 3864 2495 3929 possum
2519 3847 2726 3911 tamen
2764 3850 3004 3914 seclusa
3039 3852 3174 3916 obe-

715 3972 748 4004 «
787 3947 1039 4026 dientia,
1079 3947 1294 4013 deinde
1325 3949 1582 4014 eandem
1619 3949 1821 4013 facere
1862 3949 2171 4015 actionem
2210 3975 2270 4012 ».
