3529 5158
699 352 807 409 272
1248 362 1461 405 maor.
1501 363 1591 404 111.
1631 362 1716 402 nn
1754 358 2033 401 minus,
2071 356 2270 398 carm·
2306 357 2348 396 1.
2384 355 2530 396 nun.
2570 355 2610 394 1.
3022 337 3166 414 [289]

878 459 949 526 3⁰
980 463 1390 544 Praeceptum
1436 458 1709 543 exspirat
1756 455 2061 521 ordinarie
2093 474 2200 537 per
2230 452 2500 517 mortem
2544 449 2978 534 praecipientis
3023 448 3167 530 (aut

699 567 891 631 etiam
924 565 974 629 si
1008 564 1386 647 praecipiens
1419 562 1497 627 ab
1536 560 1739 626 officio
1772 557 2223 641 removeatur):
2257 574 2382 620 non
2429 555 2638 618 autem
2675 552 2879 617 cessat
2913 552 3012 617 lex
3058 570 3163 634 per

696 669 963 732 mortem
991 666 1370 752 legislatoris
1401 665 1515 749 (a).

786 766 965 841 239.
1015 769 1141 834 Lex
1187 769 1504 852 praeterea
1551 765 1756 830 differt
1803 784 1839 828 a
1885 766 2141 839 statuto,
2196 780 2304 845 per
2348 761 2464 825 hoc
2511 759 2800 836 maxime,
2848 757 3015 839 quod
3058 757 3156 821 lex

695 892 766 936 ex
821 872 1162 936 intentione
1208 869 1585 955 legislatoris
1640 868 1862 932 debeat
1913 884 2044 931 esse
2090 866 2415 948 perpetum
2459 862 2718 944 simplex
2764 860 3081 925 statutum
3125 879 3158 925 e

693 975 1004 1039 contrario
1054 974 1139 1037 sit
1184 975 1670 1055 temporaneum.
1708 968 1965 1050 Quando
2014 969 2226 1049 itaque
2272 987 2330 1031 v.
2380 985 2473 1050 gr.
2529 962 2817 1029 Pontifex
2861 962 3161 1046 praecipit

691 1077 968 1160 personis
1001 1075 1448 1150 ecclesiasticiS‚
1484 1074 1559 1137 ut
1588 1092 1698 1156 pro
1746 1073 1907 1136 bono
1957 1070 2204 1153 publico
2237 1068 2421 1133 certis
2454 1066 2631 1131 annis
2664 1064 2903 1147 aliquid
2932 1064 3159 1147 persol-

690 1181 844 1242 vant
875 1198 946 1242 ex
982 1178 1284 1242 reditibus
1317 1177 1447 1241 suis
1493 1175 1662 1241 civili
1693 1174 1985 1256 Principi‚
2020 1173 2147 1238 tale
2183 1171 2581 1255 praeceptum
2609 1168 2759 1234 licet
2787 1167 3152 1244 universale,

690 1300 812 1346 non
845 1282 941 1345 est
970 1281 1214 1365 proprie
1249 1280 1366 1357 lex,
1409 1279 1512 1343 sed
1551 1278 1811 1361 simplex
1857 1277 2188 1341 statutum.
2238 1274 2411 1338 Idem
2458 1272 2669 1348 dicito,
2703 1269 2945 1353 quando
2992 1270 3155 1353 prin-

688 1403 828 1467 ceps
865 1404 971 1447 seu
1003 1384 1415 1467 magistratus
1452 1382 1651 1446 civilis
1682 1380 1923 1444 diversa
1955 1378 2199 1443 decreta
2236 1376 2366 1440 edit
2395 1394 2506 1460 pro
2552 1372 2845 1455 quopiam
2875 1372 3151 1454 tempore

687 1486 1117 1564 determinato,
1152 1506 1209 1550 v.
1239 1507 1332 1571 gr.
1371 1488 1650 1568 tempore
1680 1484 1846 1559 belli,
1881 1484 2157 1566 tempore
2185 1478 2659 1544 bacchanalium
2688 1478 2806 1541 etc.

775 1588 994 1669 Quoad
1017 1587 1403 1665 mndatum,
1437 1588 1627 1652 habet
1648 1587 1766 1652 hoc
1797 1603 2122 1651 commune
2146 1602 2288 1647 cum
2311 1580 2658 1665 praecepte,
2683 1580 2760 1643 ut
2780 1576 3151 1662 regulariter

686 1692 954 1775 exspiret
983 1711 1125 1756 cum
1148 1693 1350 1755 morte
1373 1690 1748 1755 mandantis.
1776 1689 1947 1752 Haec
1979 1687 2189 1750 tamen
2212 1683 2432 1768 regula
2455 1700 2601 1747 suas
2632 1679 2822 1745 habet
2845 1679 3147 1762 exceptio-

682 1815 788 1860 nes
824 1795 926 1877 (ex
964 1792 1149 1859 Croix
1180 1794 1287 1859 lib.
1329 1796 1385 1858 1.
1421 1815 1480 1858 n.
1518 1793 1665 1857 566.
1710 1794 1774 1857 et
1798 1792 2014 1874 876.):

867 1894 933 1960 1⁰
966 1896 1031 1961 Si
1076 1897 1444 1961 mandatum
1492 1896 1576 1960 sit
1614 1894 1690 1958 ad
1723 1894 1859 1976 pias
1897 1911 2135 1968 causae,
2170 1910 2229 1953 v.
2263 1910 2356 1974 gr.
2397 1888 2450 1952 si
2479 1885 2804 1950 mandavit
2833 1884 2967 1949 fieri
2996 1884 3145 1949 elee-

678 2018 1000 2071 mosvnas:

819 2069 836 2083 w
862 2103 930 2163 2⁰
978 2099 1043 2164 Si
1090 2100 1456 2164 mandatum
1503 2100 1587 2164 sit
1616 2100 1680 2163 in
1712 2099 1989 2163 favorem
2027 2096 2192 2160 dotis
2223 2092 2702 2159 matrimonialis
2735 2092 2833 2156 vel
2878 2091 3141 2156 alicuius

679 2203 1035 2370 Βώωὲῗῂὸῗ
1059 2254 1497 2370 ‘mandatarius
1531 2324 1807 2388 expresse
1838 2304 2130 2368 iubeatur
2167 2321 2204 2366 a
2225 2300 2580 2378 mandante,
2606 2297 2926 2381 quidpiam
2949 2296 3138 2362 etiam

676 2410 819 2491 post
849 2411 1114 2473 mortem
1154 2408 1252 2473 sui
1290 2408 1634 2473 executioni
1666 2407 1997 2471 mandare:

853 2512 923 2574 4⁰
955 2510 1018 2575 Si
1051 2531 1148 2575 res
1184 2530 1304 2576 non
1345 2512 1428 2575 sit
1466 2511 1733 2594 amplius
1780 2510 2043 2594 integra,
2078 2506 2184 2571 sed
2230 2505 2538 2571 exsecutio
2583 2504 2866 2571 mandati
2903 2502 2988 2569 sit
3007 2504 3135 2567 iam

672 2613 997 2690 inchoata3
1040 2615 1204 2695 quod
1251 2615 1457 2678 locum
1495 2614 1684 2677 habet
1728 2613 1793 2676 in
1826 2611 2070 2676 iudiciis
2102 2613 2165 2675 et
2201 2608 2552 2674 extenditur
2576 2608 2654 2672 ad
2676 2607 3039 2672 donationes
3070 2608 3135 2672 et

671 2717 1207 2800 promulgationes
1237 2717 1485 2780 nomine
1524 2716 1782 2779 alterius
1816 2711 2156 2778 faciendas:

853 2819 921 2880 5⁰
957 2817 1233 2899 Denique
1281 2817 1334 2881 si
1380 2836 1475 2880 res
1508 2817 1757 2898 quidem
1791 2817 1875 2879 sit
1907 2814 2107 2879 adhuc
2135 2814 2400 2898 integra,
2435 2812 2541 2878 sed
2578 2814 2789 2878 tamen
2820 2815 3128 2877 exsecutio

670 2920 933 2984 alicuius
965 2921 1206 3004 gratiae
1253 2920 1338 2983 sit
1368 2919 1662 2983 mandata
1700 2919 1764 2982 in
1809 2917 2086 2983 favorem
2126 2916 2383 2981 alterius
2412 2918 2478 2980 et
2506 2934 2630 2981 non
2675 2915 2891 2980 relicta
2936 2915 3128 2981 libero

666 3022 924 3087 arbitrio
955 3023 1350 3087 mandatarii.

759 3126 816 3188 7.
851 3126 1131 3208 Denique
1177 3126 1383 3190 differt
1427 3126 1524 3190 lex
1573 3144 1608 3188 a
1647 3122 1907 3188 cons-ilio
1926 3145 1947 3200 ,·
1973 3123 2121 3206 quia
2152 3142 2260 3206 per
2291 3123 2409 3186 hoc
2443 3121 2786 3197 consulem,
2819 3122 2939 3186 etsi
2968 3121 3127 3186 forte

663 3228 893 3292 habeat
923 3229 1297 3311 potestatem
1324 3228 1661 3312 obligandi,
1700 3246 1822 3292 non
1857 3229 2065 3292 tamen
2105 3225 2362 3310 obligat,
2398 3224 2504 3289 sed
2534 3224 2738 3289 solum
2766 3224 3128 3290 manifestat

660 3507 785 3547 ratio
807 3505 1039 3559 veneralia
1068 3506 1134 3550 vel
1155 3508 1472 3560 particularis
1516 3509 1803 3563 (praecepti)
1835 3521 1927 3550 non
1968 3509 2128 3551 variat
2172 3508 2536 3551 summationem
2564 3509 2616 3550 et
2642 3506 2765 3561 quia
2805 3509 3121 3562 potestatem,

657 3582 907 3680 (ἐξΐθοιὲιὲη
935 3574 1195 3615 continetur
1225 3575 1276 3615 in
1305 3577 1407 3627 toto,
1438 3575 1569 3617 idest
1597 3574 1651 3617 in
1682 3576 1933 3629 potestate
1954 3572 2148 3618 ferendi
2167 3574 2316 3628 leges,
2338 3574 2392 3617 in
2411 3576 2557 3628 parte
2576 3574 2827 3617 contineri
2846 3574 3123 3619 absurdum

741 3704 948 3748 Certum
978 3708 1053 3748 est
1076 3710 1265 3760 autem,
1289 3707 1361 3750 uit
1381 3721 1420 3750 e.
1443 3708 1594 3762 Alph.
1615 3709 1649 3752 l.
1672 3721 1732 3762 o.,
1754 3721 1815 3751 ex
1835 3721 1879 3753 o.
1909 3710 2272 3760 mammarum,
2294 3709 2348 3752 de
2372 3709 2522 3752 Omnt.
2545 3709 2598 3750 in
2617 3708 2680 3762 6.,
2700 3708 2833 3762 quod
2862 3709 2907 3751 ei
2926 3709 3123 3763 Episco-

656 3784 751 3826 pus
769 3772 973 3815 nullum
1001 3773 1205 3816 subdito
1233 3777 1385 3818 antea
1412 3775 1609 3818 dederit
1638 3779 1964 3829 praeceptum
1992 3775 2087 3818 nub
2104 3787 2268 3830 poena.
2284 3787 2544 3828 censurae,
2563 3775 2743 3830 nequit
2770 3787 2886 3818 oum
2908 3786 3122 3820 comm

655 3839 855 3893 punire,
874 3840 916 3883 ei
935 3839 1203 3894 delinquat
1231 3842 1286 3884 in
1315 3842 1483 3884 aliena
1510 3842 1738 3886 dioecesi.
1759 3843 1818 3887 E.

735 3909 801 3960 (a)
830 3906 985 3950 Notat
1014 3907 1219 3951 Soavini
1249 3912 1370 3951 tom.
1396 3910 1436 3953 1.
1458 3921 1570 3964 pag.
1589 3909 1658 3951 23.
1682 3913 1781 3953 art.
1804 3911 1845 3954 1.
1866 3925 1876 3951 :
1907 3909 2173 3953 Communi
2202 3921 2300 3953 usu
2324 3909 2597 3952 ¹inductum
2625 3920 2748 3961 esse,
2768 3912 2827 3951 ut
2856 3909 3120 3964 Epi-copo-

652 3986 768 4016 rum
797 3974 1141 4018 ordinationes
1170 3975 1321 4019 datae
1348 3981 1497 4019 extra
1525 3975 1803 4030 synodum,
1831 3976 1931 4020 nisi
1976 3977 2073 4031 ipsi
2116 3976 2352 4030 Episcopi
2394 3974 2536 4018 aliud
2576 3986 2809 4029 expresse
2836 3973 3117 4030 declarent,

649 4048 776 4088 tuno
794 4047 1001 4088 tantum
1021 4046 1310 4089 habeantur
1336 4050 1397 4089 ut
1416 4059 1550 4091 verae
1577 4046 1706 4102 loyes,
1726 4048 1932 4102 quando
1949 4048 2265 4091 dioecesanos
2281 4058 2454 4091 omnes
2473 4050 2586 4091 tum
2604 4046 2811 4090 elericos
2830 4050 2945 4091 tum
2965 4047 3118 4091 luico·

650 4110 1003 4166 adstringuntz
1035 4124 1177 4155 secus
1205 4124 1307 4155 non
1336 4113 1438 4157 nisi
1464 4114 1527 4155 ut
1554 4118 1823 4168 praecepta
1852 4117 2173 4169 reputentur.
2194 4114 2313 4157 Dixi
2331 4116 2467 4158 eastra
2483 4114 2750 4167 Synodan
2768 4126 2889 4157 mm
2919 4115 3117 4158 ordinu-

648 4178 828 4228 tiones,
858 4190 988 4230 quae
1015 4179 1248 4222 conditae
1267 4183 1390 4222 sunt
1409 4180 1463 4222 in
1485 4179 1702 4233 synodo,
1724 4181 1980 4224 habentur
1998 4183 2061 4223 ut
2078 4193 2230 4225 verae
2248 4181 2382 4236 leges
2401 4181 2463 4224 do
2481 4193 2533 4224 ee
2552 4183 2799 4236 perpetuo
2815 4181 3111 4233 amaturae,

645 4242 743 4284 etsi
770 4254 930 4285 unum
960 4245 1314 4287 tantummodo
1342 4257 1670 4299 personarum
1698 4249 1901 4290 coetum
1927 4248 2221 4302 respiciunt,
2238 4260 2357 4291 oum
2382 4248 2439 4290 in
2457 4246 2626 4290 codice
2652 4246 2944 4302 legislativo
2960 4247 3114 4293 eonti-

645 4311 883 4351 neantut.
911 4308 1032 4351 Dixi
1061 4312 1156 4353 nin·
1181 4312 1401 4365 Episcopi
1427 4311 1563 4355 aliud
1582 4312 1815 4357 declarent
1834 4325 2068 4368 wpmae:
2089 4327 2209 4357 num
2229 4326 2425 4368 semper
2453 4313 2550 4367 ipsi
2575 4315 2882 4368 potestatem
2900 4314 3112 4359 liberam

642 4376 834 4420 habent
861 4375 995 4434 leges
1023 4375 1217 4420 ferendi
1245 4390 1335 4430 pro
1362 4389 1464 4422 uno
1493 4382 1639 4423 coetu
1667 4380 1935 4425 hominum
1964 4381 2121 4424 etiam
2152 4385 2297 4425 extra
2330 4381 2606 4435 synodum.
2637 4380 2828 4425 Verum
2855 4383 2900 4425 si
2928 4381 2993 4426 de
3020 4383 3114 4426 hoo

642 4442 781 4484 clare
808 4451 909 4483 non
938 4445 1150 4495 constet,
1181 4443 1308 4487 istae
1338 4444 1684 4490 ordinationes
1710 4459 1815 4490 non
1843 4447 2101 4491 habentur
2130 4452 2190 4491 ut
2216 4448 2368 4504 leges,
2394 4449 2481 4493 sed
2510 4449 2590 4493 uti
2626 4460 2769 4492 meru
2812 4454 3106 4505 praeceptat

643 4507 795 4560 idque
821 4518 882 4551 ex
910 4513 1114 4562 receptu
1140 4511 1398 4553 communi
1427 4513 1810 4558 consuetudine.
1841 4514 1909 4557 Et
1935 4514 2305 4560 consulendum
2348 4515 2477 4559 dicit
2505 4515 2836 4559 Benediotum
2868 4516 3003 4560 xlv.
3042 4517 3114 4559 De

645 4577 758 4626 Syn.
781 4575 921 4618 dioec.
942 4572 977 4616 l.
1001 4576 1067 4617 12.
1087 4587 1132 4618 o.
1151 4577 1195 4620 ὅ.
1213 4589 1263 4619 n.
1289 4578 1328 4619 1.
