3529 5158
733 354 841 409 320
1268 365 1477 406 macr.
1519 364 1607 404 111.
1647 364 1731 402 nn
1770 362 2049 406 1311013113.
2089 364 2286 408 CAPUT
2325 368 2365 407 1.
2405 367 2548 409 nnn.
2588 369 2670 410 1v.
3058 355 3207 430 [300]

824 462 1003 536 300.
1053 465 1309 529 Movent
1356 465 1565 527 autem
1614 462 1748 526 heic
1781 463 1917 526 DD.
1953 463 2398 543 quaestionem,
2450 484 2529 528 an
2569 465 2645 528 ad
2697 466 2896 530 solam
2934 486 3199 550 poenam

736 570 848 631 aut
893 568 1083 630 etiam
1116 566 1190 630 ad
1231 565 1477 648 culpam
1525 564 1804 648 obligent
1848 564 2017 649 leges
2063 566 2371 630 humanae
2417 567 2656 648 (civiles
2701 568 2970 632 maxime
3014 569 3203 632 intel-

731 670 1035 754 liguntur,
1069 688 1226 749 quae
1271 688 1399 731 non
1444 671 1771 731 versentur
1815 668 1984 730 circa
2029 667 2264 731 obiecta
2308 667 2596 731 cadentia
2627 670 2817 732 etiam
2860 670 2974 733 sab
3008 669 3202 751 leyem

731 771 1088 835 naturale-m
1132 775 1247 834 aut
1276 772 1616 849 positivam
1661 770 1943 833 divinam
1972 772 2140 854 etc),
2165 790 2325 853 quae
2357 771 2648 835 dicuntur
2677 773 2929 848 mixtae,
2964 773 3202 836 scilicet

731 893 890 956 quae
938 893 1199 957 poenam
1245 874 1432 938 simul
1463 873 1795 956 imponunt
1830 875 1894 937 et
1924 873 2339 956 praecipiunt:
2375 873 2541 955 quod
2572 875 2768 956 patet,
2804 874 2859 938 si
2891 873 3200 938 addantur

732 977 918 1040 verba
962 977 1311 1058 imperium,
1346 977 1607 1050 iussum,
1642 979 2042 1058 praeceptum
2082 976 2520 1060 significantia.

821 1078 881 1142 S.
914 1079 1270 1162 Alphonsus
1302 1080 1408 1142 lib.
1450 1081 1505 1142 1.
1541 1099 1600 1141 3.
1635 1080 1781 1142 147.
1818 1079 1997 1143 affert
2028 1079 2201 1162 prius
2236 1079 2609 1142 sententiam
2642 1096 2878 1151 eorum,
2904 1077 3012 1159 qui
3044 1077 3198 1142 duce

730 1179 1013 1245 Navarro
1047 1181 1233 1244 Man.
1261 1201 1393 1264 cap.
1436 1182 1539 1244 23.
1579 1200 1614 1244 a
1647 1201 1706 1245 n.
1743 1183 1870 1257 55„
1911 1183 2144 1266 negant
2168 1185 2281 1244 aut
2301 1200 2528 1264 negare
2559 1179 2865 1255 videntur,
2893 1179 3199 1243 eiusmodi

731 1282 898 1366 leges
947 1283 1221 1367 obligare
1251 1283 1314 1347 in
1347 1283 1739 1358 conscientia,
1781 1285 1842 1346 h.
1882 1302 1932 1346 e.
1970 1284 2047 1347 ad
2095 1285 2363 1366 culpam,
2398 1285 2470 1346 ut
2502 1283 2746 1359 dicitur,
2780 1282 2871 1345 ita
2904 1284 2978 1346 ut
3011 1282 3199 1365 culpa

731 1403 939 1448 coram
973 1386 1102 1449 Deo
1140 1387 1565 1462 contrahatur,
1602 1387 1655 1449 si
1694 1386 2024 1463 violentur,
2061 1385 2190 1450 sive
2227 1387 2478 1469 negant,
2522 1388 2595 1449 ut
2624 1384 2946 1448 Navarrus
2991 1385 3199 1466 loqui-

730 1486 855 1562 tur,
891 1505 993 1550 eas
1029 1487 1195 1570 leges
1236 1488 1511 1572 obligare
1543 1488 1731 1551 simul
1772 1487 1849 1551 ad
1868 1507 2141 1567 poenam
2169 1492 2493 1551 aeternam
2522 1490 2586 1550 et
2615 1486 3026 1566 temporalem.

819 1590 1052 1654 Deinde
1086 1591 1313 1654 statuit
1343 1611 1484 1654 cum
1525 1591 1682 1666 aliis,
1734 1591 1916 1655 aliter
1947 1591 2299 1655 tenendum.
2333 1591 2545 1668 Ratio,
2579 1590 2726 1672 quia
2757 1590 3001 1653 nullum
3035 1591 3197 1653 esset

728 1691 1054 1756 discrimen
1086 1693 1246 1757 inter
1281 1693 1483 1777 legem
1513 1693 1781 1756 mixtam
1811 1697 1874 1757 01
1904 1713 2069 1756 mere
2090 1692 2435 1774 poena-lem.
2471 1692 2703 1757 Deinde
2739 1691 2974 1756 frustra
3019 1710 3197 1774 prae-

727 1794 924 1876 cipere
963 1794 1209 1860 videtur
1240 1797 1537 1877 superior,
1573 1796 1626 1859 si
1657 1815 1778 1860 non
1814 1797 1968 1860 velit
2001 1797 2077 1859 ad
2117 1797 2365 1878 culpam
2401 1795 2700 1879 obligare.

817 1896 1237 1961 Veruntamen
1270 1898 1419 1961 haec
1450 1899 1733 1980 quaestio
1766 1919 1890 1963 non
1922 1898 2169 1963 videtur
2199 1898 2286 1962 sic
2318 1889 2691 1981 generaliter
2720 1896 2783 1960 in
2823 1896 3193 1960 alterutram

729 2001 968 2080 partem
1016 1998 1374 2063 definienda.
1426 2001 1635 2074 Ratio,
1685 2002 1834 2083 quia
1880 2002 2130 2082 utrique
2177 2000 2340 2083 parti
2390 1998 2624 2081 aliquid
2686 1998 2933 2062 videtur
2987 2016 3195 2062 conce·

726 2100 993 2165 dendum
1039 2104 1103 2166 et
1147 2102 1349 2185 reipsa
1395 2102 1553 2167 falso
1603 2103 2077 2180 affirmaremuS,
2119 2121 2462 2184 numquam
2508 2101 2573 2164 in
2621 2099 2995 2164 conscientia
3042 2099 3195 2164 obli·

724 2223 872 2288 gare
919 2204 1030 2268 has
1077 2205 1262 2289 leges,
1314 2204 1367 2269 si
1414 2206 1772 2270 adiunctam
1828 2225 2089 2290 poenam
2137 2206 2426 2269 habeant.
2484 2204 2650 2268 Nam
2698 2203 2901 2286 reipsa
2946 2203 3050 2267 vix
3093 2203 3192 2268 lex

726 2307 934 2389 aliqua
981 2308 1181 2372 civilis
1227 2310 1545 2371 sanctione
1583 2311 1753 2373 caret
1785 2311 1849 2373 et
1896 2309 1983 2372 sic
2020 2309 2195 2372 1111113
2245 2308 2552 2391 obligaret
2597 2307 2661 2369 in
2708 2305 3081 2371 conscientia
3128 2309 3193 2371 et

726 2409 972 2474 aliunde
1019 2411 1196 2475 facile
1230 2431 1473 2476 verum
1521 2413 1779 2494 apparet
1826 2411 2181 2494 aliquando,
2221 2410 2387 2493 quod
2449 2409 2653 2491 inquit
2713 2407 2771 2471 N
2775 2427 3032 2473 31311113
3101 2409 3193 2474 sic

722 2533 782 2575 n.
825 2514 929 2575 55.
970 2513 1034 2576 in
1058 2514 1160 2576 fin.
1195 2515 1236 2577 l.
1265 2533 1348 2578 c.:
1383 2539 1416 2571 «
1451 2513 1848 2579 Consuetudo
1875 2514 2136 2596 antiqua
2166 2513 2259 2577 ita
2290 2512 2535 2576 videtur
2571 2511 2982 2595 interpretata
3014 2531 3192 2595 prae—

725 2617 939 2679 sertim
971 2617 1136 2700 leges
1175 2618 1498 2693 seculares,
1549 2618 1622 2681 de
1670 2636 1938 2699 quarum
1988 2617 2475 2701 transgressione
2521 2634 2643 2679 non
2690 2615 3011 2679 consuevit
3057 2616 3189 2680 fieri

724 2718 1052 2798 scrupulus
1098 2718 1506 2781 conscientiae
1552 2738 1748 2799 neque
1796 2717 1996 2782 doctis
2042 2737 2242 2799 neque
2272 2718 2538 2783 indoctis
2582 2736 2778 2799 neque
2824 2717 3190 2799 poenitenti-

726 2820 840 2883 bus
871 2839 981 2883 nec
1012 2820 1398 2884 confessariis
1445 2841 1640 2904 neque
1689 2821 1829 2885 aliis
1876 2822 2149 2885 cuiusvis
2182 2821 2574 2897 conditionis,
2609 2820 2838 2885 ordinis
2864 2822 2977 2883 aut
3005 2838 3187 2885 sexus

722 2920 1096 2999 hominibuS,
1135 2924 1258 2986 nisi
1302 2943 1444 2987 cum
1491 2943 1597 3006 per
1644 2943 1748 2988 eas
1797 2925 1988 2987 etiam
2035 2923 2133 2988 lex
2165 2923 2396 3000 divina,
2432 2923 2736 2988 naturalis
2769 2924 2881 2986 aut
2911 2923 3185 2987 revelata

724 3026 836 3088 aut
881 3026 1174 3089 canonica
1219 3026 1678 3111 infringeretur.
1722 3026 1885 3091 Tum
1933 3026 2081 3108 quia
2126 3026 2390 3110 gentiles
2436 3025 2824 3110 legislatores
2870 3023 2943 3087 (10
2988 3043 3184 3106 poena

724 3128 971 3191 aeterna
1018 3129 1173 3192 nihil
1205 3132 1505 3194 curarunt
1537 3131 1600 3194 01
1638 3128 2001 3212 paucissimi
2033 3128 2339 3192 seculares
2371 3147 2442 3192 ex
2474 3124 2842 3190 Christianis
2878 3125 3188 3209 reperiun-

720 3230 845 3306 tur,
896 3231 1002 3311 qui
1048 3230 1257 3295 dicant
1304 3251 1484 3296 suam
1530 3232 1960 3307 intentionem,
1997 3231 2243 3313 quando
2291 3250 2395 3295 eas
2426 3229 2652 3305 ferimt,
2687 3228 2877 3292 aliam
2924 3247 3183 3311 poenam

721 3332 1164 3413 temporariam
1209 3332 1597 3415 imponendo,
1639 3352 1771 3398 0330
1820 3333 1897 3398 3(1
1946 3335 2260 3397 aeternam
2309 3333 2604 3415 obligare,
2632 3330 2708 3395 ad
2755 3350 2945 3413 quam
2975 3330 3187 3395 divina

719 3434 816 3496 vel
861 3435 1168 3497 naturalis
1201 3452 1323 3498 non
1363 3436 1605 3518 obligat
1637 3460 1698 3499 ».

808 3534 889 3597 Et
919 3533 993 3598 de
1023 3536 1463 3600 consuetudine
1499 3537 1749 3619 quidem
1789 3539 1899 3602 1113
1932 3538 2019 3601 310
2055 3539 2223 3621 leges
2254 3536 2557 3620 quasdam
2602 3536 3050 3620 interpretandi
3080 3536 3185 3601 vix

719 3636 992 3700 dubitari
1028 3640 1235 3722 potest
1281 3641 1343 3702 01
1388 3640 1621 3721 pariter
1653 3640 1707 3704 si
1737 3659 2025 3704 mensura
2060 3640 2460 3722 obligationis
2491 3640 2555 3703 in
2586 3639 2959 3704 conscientia
2991 3657 3064 3703 ex
3092 3639 3187 3702 in·

717 3739 991 3804 tentione
1036 3740 1413 3823 legislatoris
1446 3744 1608 3807 esset
1640 3741 2034 3818 dimetienda,
2069 3741 2395 3806 concedere
2426 3741 2657 3825 pariter
2702 3741 3080 3816 (101101οω113,
3106 3740 3184 3805 (10

718 3842 832 3905 1130
877 3843 1218 3908 intentione
1266 3844 1498 3929 ambigi
1533 3844 1710 3908 valde
1742 3864 1941 3927 posse,
1969 3844 2234 3908 maxime
2268 3845 2474 3907 aetate
2523 3844 2639 3906 hac
2668 3844 2904 3918 nostra,
2931 3840 3184 3924 quando

716 3946 988 4030 regimen
1020 3946 1199 4011 civile
1229 3948 1494 4012 habetur
1524 3967 1635 4011 ceu
1677 3947 1926 4011 omnino
1961 3949 2318 4029 separatum
2350 3965 2386 4009 a
2419 3945 2552 4010 foro
2583 3945 3011 4010 conscientiae.

804 4048 930 4111 Nec
976 4050 1207 4130 pariter
1252 4049 1430 4112 valde
1463 4049 1643 4113 firma
1698 4052 1795 4113 est
1850 4050 2012 4114 ratio
2068 4068 2116 4111 s.
2158 4048 2481 4131 Alphonsi,
2531 4047 2728 4131 petita
2775 4065 2847 4112 ex
2892 4046 3185 4112 formulis

715 4150 1061 4214 verborum.
1097 4150 1258 4213 Nam
1292 4151 1345 4214 31
1374 4151 1574 4234 1011133
1622 4154 1955 4227 0011313101,
2004 4154 2155 4215 tunc
2199 4152 2357 4216 velle
2402 4149 2810 4215 conscientiae
2854 4150 3053 4233 ligare
3097 4149 3185 4213 lea

713 4252 1096 4336 gislatorem,
1144 4272 1286 4317 cum
1332 4254 1754 4336 praeceptivae
1799 4254 2104 4318 formulas
2137 4253 2406 4330 adhibet,
2441 4253 2554 4317 has
2585 4269 2729 4316 vero
2762 4250 2995 4315 formas
3032 4269 3181 4315 eum

714 4353 1018 4429 omittere,
1067 4375 1209 4419 cum
1240 4357 1378 4420 vult
1410 4358 1614 4420 solum
1648 4357 1927 4441 obligare
1984 4356 2063 4420 ad
2108 4374 2392 4439 poenam,
2427 4353 2663 4437 aliquid
2693 4351 2855 4433 forte
2891 4371 2963 4416 03
3010 4352 3182 4418 13110

711 4456 1118 4522 concluderet.
1146 4457 1262 4523 Sed
1286 4478 1428 4524 cum
1451 4479 1571 4524 non
1597 4462 1860 4535 constet,
1880 4460 2039 4523 hanc
2063 4459 2342 4543 regulam
2370 4478 2407 4522 a
2429 4456 2894 4541 legislatoribus
2917 4455 3179 4533 servari,

711 4582 781 4627 eo
820 4562 954 4645 ipso
1004 4582 1196 4645 neque
1241 4565 1506 4638 constat,
1547 4582 1705 4644 quae
1753 4582 1801 4626 3.
1837 4562 2022 4646 Alph.
2058 4560 2369 4644 supponit,
2406 4560 2690 4644 poenales
2737 4575 2773 4621 a
2819 4556 3033 4620 mixtis
3080 4556 3183 4620 di-

709 4667 946 4751 stingui
985 4686 1090 4750 per
1137 4666 1408 4729 diversas
1447 4665 1588 4730 illas
1631 4665 1957 4731 formulas,
