3529 5158
437 353 586 430 1456]
964 373 1116 422 Qum
1153 375 1210 417 sr
1247 376 1444 419 causa
1482 377 1703 419 casam
1741 377 1888 419 ros-r
1924 377 2392 421 examen-rreum
2799 362 2908 419 435

441 468 508 532 in
553 468 1010 552 dispensatione
1040 472 1372 558 Neophyti,
1411 476 1486 539 ut
1533 475 1618 539 sit
1653 494 1847 559 capax
1893 496 1950 539 v.
1985 496 2078 560 gr.
2113 475 2376 539 alicuius
2422 473 2749 559 dignitatis
2796 476 2909 539 aut

440 573 743 648 beneficii,
775 576 1014 639 intuitu
1042 578 1297 641 virtutis
1329 597 1439 643 seu
1469 577 1868 643 honestorum
1913 598 2174 657 morum,
2200 598 2358 661 quos
2393 597 2606 643 revera
2641 578 2911 647 habebat

439 695 584 741 cum
632 676 1023 761 dispensatus
1068 679 1208 744 fuit.
1242 678 1395 759 Quis
1440 682 1605 746 enim
1650 681 1837 759 dicat,
1873 702 2017 746 eum
2048 682 2336 747 amittere
2367 681 2904 763 dispensationem,

441 778 496 842 si
526 780 745 861 postea
784 781 988 844 mutet
1016 800 1219 846 mores
1251 782 1315 845 et
1343 782 1621 866 graviter
1651 787 1905 866 peccet?

531 878 767 945 Contra
793 881 907 955 fac,
945 883 1156 947 teneas
1193 885 1586 959 sententiam,
1619 885 1786 967 quod
1823 888 2074 950 maneat
2110 885 2507 969 dispensatio,
2534 887 2610 949 ut
2631 885 2910 950 sentiunt

440 981 620 1047 Salas
652 983 717 1047 et
751 982 1065 1059 Granado‚
1099 1004 1256 1068 quos
1287 986 1503 1051 deinde
1545 989 1795 1052 secutus
1836 988 1932 1052 est
1967 988 2229 1052 Pontius
2261 987 2336 1052 de
2372 988 2665 1052 Mamm.
2698 987 2805 1052 lib.
2843 988 2903 1052 8.

440 1105 492 1150 6.
536 1087 640 1150 20.
679 1106 740 1150 11.
775 1087 836 1150 4.
869 1086 1024 1151 Ecce
1071 1090 1372 1172 oggerent
1403 1088 1521 1153 tibi
1550 1089 1981 1173 dispensatum
2012 1089 2090 1153 ad
2127 1090 2569 1154 comedendum
2598 1108 2811 1155 carnes
2839 1089 2903 1155 in

441 1188 919 1273 quadragesima
963 1192 1216 1273 propter
1260 1191 1588 1274 specialem
1637 1191 2113 1275 aegritudinem.
2145 1190 2309 1256 Nam
2353 1191 2641 1256 licebitne
2671 1191 2908 1275 dispen-
2947 1178 2953 1185 ’

442 1296 581 1360 sato
627 1315 839 1360 carnes
885 1296 1218 1375 comedere,
1268 1297 1321 1362 si
1368 1318 1425 1362 v.
1477 1317 1570 1382 gr.
1621 1299 1766 1381 post
1802 1297 1958 1362 duas
1998 1297 2415 1364 hebdomadas
2459 1298 2781 1381 inopinato
2828 1300 2906 1363 ab

441 1397 828 1482 aegritudine
874 1399 1120 1482 penitus
1166 1399 1604 1464 convalescat?

531 1495 711 1570 456.
744 1500 918 1565 Nihil
950 1520 1097 1586 ergo
1128 1502 1377 1578 mirum,
1404 1502 1458 1566 si
1487 1503 1787 1567 Doctores
1823 1502 2201 1585 reperiamus
2230 1503 2393 1566 inter
2426 1521 2490 1566 se
2521 1502 2902 1569 dissidentes.

443 1601 526 1665 Et
560 1603 811 1685 insuper
843 1603 1235 1668 verissimum
1271 1623 1401 1668 esse
1432 1604 1815 1669 inveniemus
1844 1604 1928 1681 id,
1962 1603 2130 1685 quod
2167 1604 2355 1669 habet
2379 1602 2609 1669 Suarez
2642 1604 2718 1667 de
2746 1605 2901 1688 Leq.

441 1705 551 1769 lib.
588 1706 648 1769 8.
682 1723 814 1788 cap.
849 1706 954 1769 30.
995 1726 1055 1770 n.
1094 1706 1234 1769 11.:
1269 1730 1304 1764 «
1335 1706 1583 1783 Fateor,
1616 1725 1747 1770 rem
1786 1725 1915 1770 esse
1947 1705 2304 1770 intricatam
2336 1709 2399 1770 et
2430 1707 2798 1789 perplexam,
2833 1709 2907 1773 ut

441 1808 647 1873 solent
677 1826 808 1872 esse
838 1806 954 1872 hae
989 1827 1086 1873 res
1117 1808 1406 1885 morales,
1445 1807 1690 1889 quando
1722 1808 2038 1893 generales
2069 1808 2322 1892 regulae
2367 1808 2699 1875 tradendae
2737 1812 2903 1889 sunt,

441 1929 603 1993 quae
649 1913 758 1975 via:
789 1914 1065 1991 possunt
1107 1930 1237 1975 esse
1281 1910 1627 1992 myndam-5,
1675 1910 1907 1974 nedum
1952 1909 2325 1989 infallibdes
2361 1937 2421 1975 ».

531 2013 693 2078 Hinc
739 2012 965 2079 Suarez
1001 2013 1150 2077 ibid.
1189 2032 1249 2075 n.
1292 2014 1393 2076 12.
1434 2013 1665 2077 statuit
1714 2013 1983 2094 quidem,
2023 2012 2428 2078 cessationem
2474 2032 2696 2077 causae
2740 2034 2905 2079 mere

442 2117 804 2202 negativam
849 2134 973 2181 non
1010 2135 1142 2181 esse
1173 2114 1581 2180 sufficientem
1626 2115 1952 2193 rationem,
1985 2135 2094 2179 cur
2126 2115 2323 2179 cesset
2366 2115 2763 2200 privilegium
2795 2117 2907 2182 aut

442 2219 825 2303 dispensatio
856 2218 1031 2301 (nam
1067 2218 1273 2301 quoad
1303 2220 1420 2283 hoc
1456 2217 1835 2301 dispensatio
1874 2217 2314 2300 aequiparatur
2350 2217 2738 2302 privilegio):
2778 2237 2908 2283 ces-

439 2324 543 2387 sat
589 2340 733 2386 vero
781 2321 1069 2405 negative
1114 2339 1321 2397 causa,
1361 2340 1419 2383 v.
1453 2340 1546 2403 gr.
1587 2321 1642 2383 si
1687 2320 1790 2384 cui
1832 2318 2203 2384 concedatur
2247 2319 2624 2402 dispensatio
2673 2339 2710 2383 a
2756 2324 2905 2387 voto

438 2424 774 2500 castitatis,
823 2423 972 2505 quia
1018 2441 1200 2507 aegre
1246 2423 1453 2505 potest
1482 2440 1728 2486 servare
1772 2421 2220 2486 continentiam
2256 2424 2320 2485 et
2349 2420 2490 2486 dein
2526 2425 2723 2487 cesset
2750 2423 2903 2488 haec

442 2526 811 2602 necessitas;
845 2543 992 2590 nam
1037 2524 1194 2589 nihil
1239 2526 1432 2601 vetat,
1473 2524 1806 2607 quominus
1836 2524 2228 2608 dispensatus
2272 2524 2471 2607 possit
2516 2526 2658 2608 post
2693 2525 2904 2592 defun-

441 2632 619 2696 ctum
651 2629 980 2713 coniugem
1011 2627 1089 2691 ad
1119 2627 1416 2692 secundas
1445 2627 1699 2710 nuptias
1731 2627 2013 2692 transire.
2046 2626 2345 2692 Attamen
2375 2627 2536 2693 idem
2568 2628 2715 2693 ibid.
2748 2650 2809 2694 n.
2838 2633 2898 2695 9.

437 2732 688 2798 scribit:
729 2757 764 2789 «
796 2731 870 2794 In
916 2730 1370 2813 dispensatione
1404 2749 1526 2794 non
1574 2731 1893 2795 ieiunandi
1930 2750 2041 2815 pro
2075 2733 2213 2796 tota
2259 2733 2736 2818 quadragesima
2766 2754 2903 2818 pro-

439 2838 578 2918 pter
624 2833 1010 2897 debilitatem
1041 2832 1270 2896 virium
1314 2833 1414 2897 vel
1459 2832 1723 2897 nimium
1758 2833 2102 2898 laborem...
2136 2833 2190 2896 si
2220 2833 2285 2898 in
2315 2835 2516 2900 medio
2563 2837 2905 2923 quadrage-

440 2938 635 3003 simae
667 2937 867 3001 cesset
896 2936 1245 3014 necessitaS,
1272 2936 1538 3001 cessabit
1567 2935 1947 3020 dispensatio
1969 2936 2171 3017 quoad
2208 2939 2385 3001 actus
2408 2939 2718 3016 residuos;
2754 2941 2904 3021 quia

443 3040 600 3104 alias
632 3037 794 3103 esset
824 3037 1270 3103 irrationabilis
1298 3037 1673 3120 dispensatio
1706 3038 1990 3118 idemque
2021 3037 2346 3101 dicendum
2377 3040 2495 3103 erit
2530 3041 2593 3102 in
2626 3042 2903 3123 exemplo

442 3161 632 3225 supra
678 3139 944 3204 'adducto
990 3139 1064 3204 de
1109 3139 1359 3203 licentia
1405 3157 1528 3204 non
1564 3138 1868 3203 recitandi
1905 3138 2003 3201 vel
2041 3138 2419 3219 anticipandi
2464 3140 2689 3217 Horae,
2724 3141 2778 3204 si
2808 3161 2907 3206 ne-

443 3243 698 3308 cessitas
730 3261 943 3306 revera
979 3241 1105 3305 fuit
1138 3259 1326 3305 causa
1359 3241 1772 3323 adaequata...
1808 3265 1868 3303 ».

535 3345 794 3410 Pminde
818 3345 880 3409 et
904 3364 953 3408 s.
978 3343 1333 3427 Alphonsus
1363 3342 1471 3406 lib.
1504 3342 1559 3404 1.
1588 3363 1646 3406 n.
1683 3343 1828 3406 196.
1863 3342 2270 3406 necessariam
2301 3344 2530 3426 reperit
2559 3344 2906 3412 distinctio-

445 3467 605 3525 nem,
631 3467 820 3530 quam
845 3447 1055 3512 innuit
1083 3449 1148 3510 et
1173 3444 1348 3530 Gury
1381 3446 1439 3527 g.
1473 3447 1618 3508 120.
1644 3465 1705 3509 11.
1734 3446 1794 3509 2.
1825 3463 1977 3508 1111111
2002 3444 2378 3528 dispensatio
2408 3465 2696 3512 concessa
2718 3448 2907 3515 fuerit

440 3548 739 3623 absolute,
773 3569 852 3614 an
889 3567 1033 3614 vero
1066 3548 1182 3612 sub
1218 3546 1569 3612 conditione
1595 3565 1878 3629 expressa
1912 3547 2011 3611 vel
2035 3547 2257 3614 tacita:
2284 3549 2345 3613 si
2372 3569 2565 3614 causa
2581 3551 2903 3630 pertimet.

532 3652 671 3731 Sed,
718 3654 795 3717 ut
838 3652 971 3735 ipse
1006 3650 1236 3728 subdit,
1272 3649 1608 3714 difficultas
1655 3649 1983 3732 potissima
2011 3652 2214 3735 urget,
2248 3652 2643 3734 quandonam
2673 3655 2909 3738 dispen-

441 3757 605 3822 satio
638 3754 939 3820 censenda
970 3754 1056 3818 sit
1085 3771 1371 3818 concessa
1404 3752 1706 3828 absolute,
1739 3752 1986 3834 quando
2019 3773 2051 3818 e
2082 3754 2392 3819 contrario
2424 3756 2542 3820 sub
2571 3757 2765 3820 tacita
2796 3759 2907 3822 illa

439 3860 816 3926 conditione:
865 3858 927 3923 si
968 3877 1159 3922 causa
1205 3856 1405 3919 duret.
1458 3854 1812 3938 Respondet
1865 3875 2045 3938 porro
2100 3876 2243 3920 cum
2297 3856 2905 3938 Salmanticensibus‚

442 3961 964 4046 dispensationem
985 3958 1349 4025 censendam
1384 3958 1669 4022 absolute
1705 3976 2079 4033 concessam,
2106 3957 2356 4039 quando
2379 3979 2570 4022 causa
2590 3959 2909 4025 iudicatur

429 4069 759 4148 perpetua,
800 4064 918 4128 etsi
947 4064 1162 4146 postea
1207 4081 1314 4145 per
1361 4060 1639 4126 accidens
1685 4079 1875 4124 causa
1920 4062 2134 4124 cesset.
2172 4060 2260 4125 At
2305 4062 2467 4126 enim
2513 4081 2656 4126 mox
2702 4063 2908 4150 (ibid.)

441 4170 644 4234 reiicit
675 4168 1126 4233 consectarium
1158 4165 1767 4242 Salmanticensium,
1806 4183 2023 4246 nempe
2061 4165 2228 4245 quod
2258 4164 2311 4229 si
2342 4165 2480 4247 quis
2514 4165 2793 4232 obtineat
2821 4170 2909 4235 di-

441 4271 902 4356 spensationem
927 4269 1005 4334 ab
1030 4268 1231 4333 officio
1265 4268 1364 4332 vel
1397 4267 1775 4332 abstinentia
1800 4285 1837 4331 a
1861 4266 2148 4330 carnibus
2174 4267 2252 4331 ob
2274 4267 2721 4348 infirmitatem,
2747 4291 2907 4354 quae

439 4373 839 4439 existimatur
869 4372 1186 4455 perpetua,
1212 4371 1411 4453 possit
1431 4368 1888 4453 dispensatione
1919 4369 2034 4446 uti,
2061 4370 2306 4434 etiamsi
2337 4372 2533 4434 cesset
2551 4371 2902 4440 infirmitas.

451 4502 488 4537 «
520 4476 640 4541 Sed
667 4475 834 4551 huic,
865 4474 1091 4556 inquit,
1129 4472 1383 4537 minime
1413 4473 1760 4554 acquiesce,
1803 4471 1951 4553 quia
1980 4472 2044 4535 in
2076 4472 2152 4535 iis
2189 4472 2433 4537 casibus
2469 4476 2623 4556 puto
2670 4477 2907 4560 dispen-

445 4580 757 4647 sationem
795 4577 1043 4642 omnino
1090 4574 1454 4640 censendam
1485 4592 1616 4639 esse
1652 4573 1885 4639 factam
1930 4575 2045 4638 sub
2091 4574 2441 4639 conditione
2463 4601 2525 4640 ›.
2559 4577 2694 4642 Etsi
2742 4580 2902 4643 enim
