3529 5158
672 300 779 356 216
1151 312 1361 352 maor.
1399 311 1466 350 11.
1503 311 1589 350 nn
1627 308 2048 351 couscrmn.
2086 307 2288 349 cAPtrr
2322 307 2389 347 11.
2426 306 2567 348 nun.
2609 306 2672 346 11.
2999 288 3149 365 [196]

679 453 715 487 α
746 429 979 512 possit:
1013 428 1139 492 imo
1181 426 1409 509 potiuS,
1451 444 1595 488 cum
1634 423 1698 488 id
1734 423 2061 508 legislator
2090 441 2214 487 non
2258 420 2684 498 declaraverit,
2725 421 3147 504 praesumitur

681 553 716 587 ⁴<
753 529 1130 613 oppositum,
1165 547 1240 593 ne
1287 527 1677 593 confusiones
1710 525 2157 602 interveniant,
2207 543 2348 587 cum
2395 523 2557 587 enim
2605 523 2701 587 lex
2747 522 2969 587 debeat
3015 541 3146 587 esse

678 655 714 689 ‹
749 631 1118 695 universalis
1156 632 1219 694 et
1265 629 1700 693 universaliter
1747 627 2078 705 observari,
2119 644 2350 709 magna
2394 624 2798 689 intercederet
2842 624 3142 703 confusio,

681 757 718 792 «ι
750 733 803 797 si
842 733 1266 815 unusquisque
1313 732 1626 796 teneretur
1671 730 1848 812 sequi
1894 731 1956 793 et
2002 729 2286 793 absolute
2332 728 2546 793 docere
2593 727 2949 805 sententiaS,
2985 746 3146 809 quae

684 859 718 894 ‹
759 835 878 900 sibi
920 834 1365 919 probabiliores
1403 835 1722 916 apparent,
1758 834 1832 896 ut
1875 832 2143 896 diximus
2180 833 2244 895 et
2279 831 2472 895 latius
2511 830 2784 895 dicemus
2812 830 2975 895 infra
3009 856 3071 895 ».

1861 1038 1976 1101 III.

1472 1171 1838 1251 Eoepom'tur
1867 1170 2139 1233 secunda
2168 1192 2244 1232 ra
2252 1170 2353 1233 tio.

1000 1275 1162 1356 Quia
1194 1274 1296 1338 lex
1333 1278 1406 1336 ut
1439 1272 1686 1355 cbliyet,
1721 1271 1899 1335 debet
1926 1291 2055 1334 6336
2088 1271 2475 1352 sufficienter
2504 1271 2817 1334 intimata.

774 1476 810 1509 «
841 1450 1031 1515 Ratio
1065 1449 1330 1514 secunda
1362 1449 1476 1526 est,
1510 1446 1657 1529 quia
1681 1446 1799 1525 lex,
1827 1446 2074 1511 etiamsi
2111 1446 2448 1521 exsisteret,
2476 1464 2598 1510 non
2631 1446 2890 1530 obligat,
2918 1447 3040 1509 nisi
3064 1446 3148 1511 sit

686 1579 720 1612 «
753 1553 1127 1618 sufficienter
1165 1553 1238 1615 ut
1270 1552 1437 1615 certa
1475 1549 1804 1613 intimata:
1839 1567 1981 1612 cum
2005 1548 2169 1612 enim
2205 1548 2303 1612 lex
2328 1548 2405 1612 ad
2436 1548 2720 1633 regulam
2752 1547 3148 1612 subditorum

685 1680 719 1713 ‹<
751 1655 1194 1730 constituatur,
1229 1672 1351 1719 non
1391 1652 1643 1722 sufficit.
1670 1650 1838 1733 quod
1867 1650 2002 1734 ipsa
2042 1651 2210 1715 sitin
2236 1652 2441 1715 mente
2471 1651 2848 1735 legislatoris
2880 1653 3144 1728 retenta,

684 1783 720 1816 «
753 1757 859 1822 sed
888 1757 1069 1821 debet
1101 1776 1207 1839 per
1238 1753 1806 1839 promulgationem
1831 1752 2095 1817 subditis
2122 1753 2439 1836 applicari,
2468 1753 2624 1817 alias
2656 1773 2766 1817 nec
2796 1753 2967 1818 valet
2999 1753 3150 1818 obli-

686 1884 721 1917 «
752 1878 902 1943 gare
931 1878 1041 1922 nec
1077 1858 1173 1922 lex
1211 1857 1331 1921 dici
1369 1857 1596 1939 posset.
1631 1854 1701 1918 Id
1741 1872 1951 1919 omnes
1984 1854 2207 1918 docent
2243 1874 2385 1919 cum
2408 1855 2467 1919 d.
2496 1856 2736 1919 Thema
2774 1856 2830 1919 1.
2860 1858 2921 1919 2.
2948 1875 3008 1937 q.
3039 1857 3143 1920 90.

685 1986 721 2019 ‹
754 1980 810 2023 a.
861 1962 943 2037 4.,
995 1960 1128 2023 ubi:
1179 1959 1317 2022 Lex
1363 1958 1706 2038 imponitur
1741 1955 1894 2019 aliis
1925 1976 2049 2036 per
2093 1955 2340 2020 modum
2386 1956 2638 2039 reyulae
2693 1962 2754 2021 et
2794 1977 3144 2023 mensurae.

684 2087 720 2121 α
753 2060 1002 2143 Reyula
1031 2063 1241 2123 autem
1270 2063 1333 2123 et
1368 2079 1663 2124 naensura
1695 2058 2037 2137 imponitur
2068 2078 2192 2136 per
2237 2057 2366 2132 hcc,
2415 2058 2584 2140 quod
2621 2059 2981 2139 applicatur
3024 2058 3145 2135 his,

686 2188 722 2222 a<
753 2184 910 2245 quae
955 2162 1329 2244 reputantur
1373 2165 1435 2225 et
1477 2163 1943 2225 mensurantur.
1991 2158 2167 2224 Unde
2212 2160 2302 2222 ad
2342 2159 2471 2235 hcc,
2498 2161 2665 2241 quod
2707 2161 2809 2224 lca:
2854 2162 3147 2226 virmtem

687 2291 722 2325 «
753 2265 1078 2348 obliyandi
1107 2266 1401 2339 obtineat,
1428 2263 1595 2345 quod
1622 2265 1716 2326 cst
1725 2263 2060 2342 proprium
2091 2260 2268 2343 16913,
2307 2267 2561 2344 oportet,
2601 2263 2767 2345 quod
2798 2263 3148 2344 applicetur

686 2393 722 2428 «
754 2367 1124 2443 hominibu&
1151 2369 1262 2449 qui
1282 2365 1620 2431 secundum
1643 2386 1780 2428 eam
1803 2362 2088 2446 rcyulari
2109 2364 2346 2429 debent.
2377 2365 2556 2429 Talis
2578 2369 2787 2429 autem
2806 2367 3147 2447 applicatio

687 2497 721 2529 «
753 2471 832 2551 fit
850 2492 973 2551 per
1002 2470 1112 2535 hoc
1143 2470 1310 2552 quod
1336 2472 1406 2533 in
1437 2470 1728 2532 notitiam
1758 2488 1969 2531 eorum
2000 2467 2327 2531 deducitur
2357 2489 2436 2532 ex
2458 2470 2595 2549 ipsa
2614 2468 3145 2550 prmnulyaticne.

688 2599 722 2632 «
768 2572 944 2639 Unde
963 2571 1219 2653 promul
1218 2572 1389 2654 yatic
1421 2573 1560 2651 ipsa
1590 2570 1945 2634 necessaria
1983 2572 2077 2632 est
2103 2569 2192 2632 ad
2219 2568 2328 2634 hoc
2358 2569 2527 2652 quod
2569 2569 2671 2634 lea·
2707 2569 2933 2636 habeat
2966 2593 3151 2636 suam

687 2700 722 2734 «
754 2677 1062 2739 virtutem.
1113 2675 1284 2739 Idem
1332 2675 1423 2739 ait
1469 2674 1811 2739 Gratianus
1860 2673 1927 2736 in
1974 2692 2023 2735 c.
2060 2673 2142 2736 In
2190 2675 2365 2753 ipsis.
2408 2675 2567 2739 Dist.
2619 2676 2679 2739 4.
2719 2674 2922 2756 Leqes
2968 2677 3152 2740 insti·

685 2802 721 2837 «ε
757 2780 1037 2852 tau-ntur,
1071 2777 1220 2841 dum
1243 2776 1754 2858 promulyantur.
1790 2776 2034 2842 Pariter
2065 2797 2112 2842 s.
2140 2778 2488 2842 Bernardus
2514 2777 2691 2862 epist.
2724 2778 2825 2842 77.
2850 2779 2941 2842 ad
2968 2780 3148 2862 Huq.

686 2904 721 2938 «
755 2877 828 2942 de
857 2899 908 2943 3.
954 2879 1108 2943 Vict.
1136 2880 1368 2956 scribit,
1396 2879 1595 2964 legem
1621 2879 1814 2942 etiam
1837 2878 2111 2944 divinam
2135 2880 2635 2964 promulgatione
2657 2881 2961 2965 indigere;
2991 2883 3149 2948 alias

686 3007 720 3040 «
754 2982 844 3046 ait
876 3000 924 3046 s.
958 2983 1223 3048 Doctor:
1276 2981 1469 3046 Valde
1515 2981 1746 3044 iniuste
1784 2981 2061 3063 exiyitur
2106 2982 2389 3058 obeditio,
2416 2983 2526 3046 ubi
2570 3003 2695 3047 non
2728 2988 3154 3062 praecesserit

685 3109 720 3143 «
752 3084 1011 3150 auditio.
1039 3085 1389 3150 Publicatio
1430 3087 1641 3149 autem
1671 3085 1829 3169 legis
1866 3084 1977 3149 illa
2010 3085 2319 3149 sufficiens
2345 3086 2458 3159 est,
2492 3105 2616 3168 qua
2647 3086 2743 3151 lex
2773 3085 2848 3150 fit
2878 3088 3149 3153 subditis

685 3213 721 3246 ⁴<
753 3189 919 3253 certa
957 3208 1064 3272 per
1095 3188 1417 3253 scientiam
1448 3187 1577 3252 sive
1610 3207 1717 3271 per
1745 3188 2247 3273 intelligentiam,
2282 3188 2357 3251 ut
2402 3188 2668 3252 habetur
2703 3190 2765 3253 in
2797 3190 2839 3254 l.
2869 3191 2930 3254 9.
2968 3189 3039 3254 G.
3075 3192 3149 3256 de

684 3314 720 3347 α
751 3288 991 3370 Leyib„
1013 3290 1144 3353 ubi:
1173 3290 1373 3371 Leyes
1395 3291 1847 3365 sanctissimae,
1873 3310 2029 3370 quae
2053 3289 2496 3370 constrinyunt
2514 3288 2828 3353 hominum
2852 3292 3040 3366 vitas,
3058 3294 3152 3356 in-

685 3417 719 3448 «
756 3390 956 3471 tellv'ye'
975 3391 1054 3454 ab
1071 3391 1357 3454 omnibus
1381 3391 1617 3455 debent.
1641 3392 1721 3456 Et
1737 3392 1802 3457 in
1818 3392 1860 3455 1.
1884 3391 2211 3473 Quicquid,
2227 3390 2296 3470 ff.
2317 3391 2391 3454 de
2426 3391 2603 3457 Verb.
2624 3391 2808 3474 cblz'y.
2837 3393 3155 3476 Quicquid

683 3517 718 3552 «
755 3492 1242 3574 adstringendae
1274 3493 1674 3575 obliyaticm's
1704 3515 1893 3558 causa
1926 3494 2176 3568 dictum,
2210 3492 2298 3568 id,
2332 3495 2463 3558 nisi
2476 3494 2701 3576 palam
2732 3496 3149 3574 eoeprv‘matur,

686 3620 719 3653 ‹
753 3596 1047 3658 omissum
1092 3615 1222 3659 6336
1269 3595 1748 3678 intelle'ycndum
1793 3601 1902 3661 est.
1936 3598 2019 3661 Et
2061 3597 2153 3661 ita
2201 3598 2611 3663 communiter
2655 3598 2876 3664 docent
2923 3598 3151 3666 Scotus

684 3720 719 3754 «
751 3697 813 3760 111
852 3698 912 3761 4.
940 3697 997 3762 d.
1026 3699 1087 3761 3.
1113 3718 1171 3780 q.
1206 3699 1290 3774 4.,
1319 3699 1458 3764 ubi:
1489 3699 1728 3764 Nullus
1764 3703 2006 3764 tenetur
2029 3700 2119 3763 ad
2137 3700 2401 3781 aliquod
2414 3705 2816 3781 praeceptum
2839 3701 3148 3778 divinum,

683 3823 717 3857 ‹<
752 3800 879 3864 nisi
909 3821 1032 3880 per
1075 3800 1348 3883 aliquem
1401 3801 1690 3865 idoneum
1735 3807 1798 3866 et
1846 3801 2270 3866 authenticum
2313 3804 2440 3867 sibi
2477 3804 2933 3886 promulcet-ur.
2986 3807 3149 3872 Item

684 3929 718 3961 «ε
751 3903 977 3969 Suarez
1025 3907 1112 3969 to.
1149 3907 1207 3969 2.
1244 3905 1305 3969 in
1340 3907 1399 3968 3.
1437 3925 1494 3988 p.
1534 3906 1591 3969 d.
1628 3907 1734 3969 40.
1770 3907 1917 3969 sect.
1955 3906 2012 3969 5.
2049 3904 2267 3967 Etiam
2314 3905 2416 3968 lex
2455 3906 2774 3970 naturalis
2819 3928 3148 3989 nunquam

684 4029 718 4062 «
750 4005 988 4087 obliyat
1015 4026 1154 4069 cum
1183 4006 1312 4070 solo
1345 4006 1550 4081 dubie,
1586 4027 1643 4071 v.
1682 4028 1777 4092 gr.
1803 4027 1890 4069 an
1915 4005 2063 4070 talis
2092 4011 2269 4070 actu-s
2292 4008 2381 4070 sit
2394 4006 2771 4087 prohibitus.
2802 4009 2983 4074 Tunc
3020 4031 3148 4075 non

682 4131 717 4166 «
749 4107 1109 4189 obligantur
1160 4108 1436 4172 homines
1489 4129 1566 4172 eJt
1612 4110 1675 4171 vi
1706 4109 1862 4190 lepis
1906 4108 1996 4172 ad
2035 4108 2474 4173 abstinendum
2518 4132 2561 4174 a
2608 4110 2726 4174 tali
2767 4117 2948 4190 actm
2995 4116 3148 4195 quia

686 4235 720 4268 <x
755 4229 879 4272 non
910 4213 1004 4272 est
1030 4211 1121 4273 6ῖ3
1145 4210 1246 4274 lea·
1269 4212 1655 4292 sufficienter
1675 4213 2020 4292 proposita.
2057 4213 2217 4275 Item
2242 4212 2465 4278 Glossa
2490 4214 2558 4276 in
2588 4213 2645 4277 c.
2683 4212 2839 4277 Cum
2874 4220 3046 4292 sunt,
3073 4217 3147 4281 de

688 4334 723 4369 «
755 4309 913 4391 Rey.
949 4312 1112 4375 iuris
1146 4313 1210 4375 in
1244 4315 1302 4377 6.
1331 4313 1414 4375 In
1440 4313 1628 4376 dubio
1654 4312 1899 4376 nullu-m
1917 4315 2248 4393 praesumi
2269 4313 2626 4396 cblz‘yatum,
2655 4335 2731 4378 ea·
2760 4315 3142 4392 authentica,

690 4437 723 4470 «
766 4412 1002 4493 Quibus
1032 4413 1249 4479 modis.
1278 4414 1392 4479 Sed
1426 4416 1653 4480 clarius
1678 4417 1960 4498 loquitur
1990 4416 2290 4500 magister
2312 4417 2759 4501 magistrorum
2783 4418 2840 4483 d.
2870 4419 3145 4485 Thomas

689 4541 722 4573 (ι
755 4515 817 4578 111
856 4535 959 4597 qu.
1000 4516 1100 4581 17.
1140 4516 1214 4579 da
1280 4517 1468 4581 Verit.
1512 4537 1566 4582 a.
1604 4519 1687 4596 3.,
1729 4518 1878 4583 111)1;
1928 4518 2062 4581 Nec
2109 4539 2185 4580 61·
2222 4520 2480 4598 ‘imperio
2524 4517 2796 4584 alicuius
2833 4523 3004 4603 reqis
3052 4522 3146 4586 vel
