3529 5158
310 360 446 436 [398]
999 376 1186 418 narro
1224 377 1586 419 Porsss‘mtrrs
1622 378 2030 420 mspmnsanm
2640 367 2747 423 389

391 473 479 538 Ad
523 473 793 539 officium
830 493 977 559 ergo
1022 475 1401 560 legislatoris
1431 475 1718 558 pertinet,
1744 479 1818 544 ut
1863 475 2191 558 dispenset,
2225 475 2470 557 quando
2502 477 2564 541 in
2597 497 2744 542 casu

312 575 658 659 particulari
704 575 910 642 deficit
941 577 1355 655 commodum,
1390 577 1555 659 quod
1584 577 1707 642 fuit
1745 596 1967 660 scopus
1997 576 2174 661 legis.
2207 577 2343 657 Qua
2378 577 2451 641 de
2483 598 2547 643 re
2583 579 2742 644 idem

308 698 352 742 s,
377 678 583 743 Thom.
623 679 678 742 1.
716 680 776 745 2.
811 698 872 761 q.
908 680 1012 743 96.
1055 681 1173 745 art.
1210 680 1270 744 6.
1303 680 1369 745 in
1399 680 1555 758 loce,
1597 680 1676 745 ad
1706 699 1892 762 quem
1921 680 2052 762 ipse
2090 680 2371 762 superius
2402 682 2740 760 remiserat,

307 780 386 845 sic
426 781 636 846 habet:
681 807 719 841 ‹
757 781 974 847 Omnis
1000 783 1100 847 lex
1130 781 1454 849 ordinatur
1484 782 1562 847 ad
1598 801 1989 848 communem
2020 783 2344 861 hominum
2381 784 2648 849 salutem
2680 787 2743 849 et

303 883 359 947 in
402 884 641 948 tantum
687 884 928 950 obtinet
952 884 1078 951 vim
1104 886 1170 950 et
1196 885 1502 951 rationem
1525 885 1718 971 legis;
1757 885 2093 951 secundum
2124 905 2267 950 vero
2299 887 2464 968 quod
2503 888 2581 951 ab
2627 889 2741 953 hoe

304 983 506 1060 deficit,
547 986 844 1051 virtutem
891 987 1211 1072 obligandi
1254 1006 1375 1052 non
1422 988 1628 1052 habet.
1661 987 1839 1052 Unde
1885 987 2286 1070 Iurisperitus
2333 989 2491 1069 (scil.
2539 991 2581 1054 l.
2634 992 2736 1055 25.

301 1085 367 1148 de
395 1085 636 1171 Leqib.)
680 1088 851 1161 dicit,
899 1088 1063 1170 quod
1109 1088 1291 1157 mella
1336 1090 1502 1154 ratio
1547 1090 1711 1159 iuris
1739 1093 1856 1153 aut
1880 1089 2218 1170 aeq-uitatis
2255 1089 2608 1171 benignitas
2626 1113 2742 1171 pa-

305 1188 462 1262 titur,
509 1192 582 1253 ut
606 1210 764 1271 quae
810 1190 1153 1255 salubriter
1186 1212 1310 1273 pro
1353 1192 1556 1257 salute
1601 1191 1918 1257 hominum
1963 1192 2467 1267 introducuntur,
2515 1215 2587 1257 ea
2628 1217 2741 1259 nos

304 1287 530 1354 dur-ieri
561 1294 1070 1373 interpretatione
1115 1298 1334 1358 eontra
1380 1296 1657 1375 ipsorum
1686 1295 2067 1359 commodum
2091 1295 2509 1374 perducamus
2544 1298 2632 1361 acl
2649 1318 2740 1362 sc-

299 1393 615 1460 vm'tatem.
651 1392 977 1481 Contingit
1008 1399 1218 1465 autem
1250 1397 1593 1475 multoties,
1626 1397 1792 1479 quod
1831 1397 2068 1480 aliquid
2084 1398 2395 1462 observari
2423 1400 2734 1465 communi

297 1495 471 1561 saluti
513 1501 607 1563 est
652 1499 827 1576 utile,
860 1501 937 1563 ut
971 1500 1034 1565 in
1074 1500 1376 1583 pluribus,
1414 1500 1579 1583 quod
1625 1503 1835 1566 tamen
1880 1502 1943 1565 in
1992 1501 2303 1583 aliquibus
2349 1503 2593 1567 casibus
2638 1507 2734 1569 est

297 1598 540 1663 maxime
584 1600 897 1666 nocivum.
932 1600 1092 1681 Quia
1136 1603 1333 1687 igitur
1376 1603 1701 1687 legislator
1736 1622 1861 1668 non
1906 1605 2112 1687 potest
2146 1623 2355 1669 omnes
2388 1607 2732 1690 singulares

294 1716 452 1767 casus
492 1702 744 1779 intueri,
778 1706 1067 1788 proponit
1111 1706 1314 1790 legem
1358 1705 1696 1771 secundum
1731 1725 1823 1781 ea,
1857 1724 2015 1787 quae
2045 1706 2109 1770 in
2142 1707 2422 1788 pluribus
2448 1709 2732 1775 accidunt

293 1799 471 1869 ferens
513 1805 926 1871 intentionem
970 1825 1150 1873 suam
1183 1807 1262 1873 ad
1298 1826 1686 1875 communem
1719 1808 2084 1873 utilitatem.
2134 1808 2310 1874 Unde
2356 1810 2407 1874 si
2454 1815 2732 1896 emergat

298 1923 458 1972 casus
499 1908 563 1972 in
610 1926 738 1991 quo
788 1909 1137 1977 observatio
1185 1910 1334 1975 talis
1378 1910 1535 1995 legis
1566 1910 1651 1975 sit
1681 1910 1980 1975 damnosa
2011 1912 2325 1977 communi
2370 1912 2583 1990 saluti,
2608 1932 2728 1979 non

289 2010 374 2073 est
416 2010 793 2077 observanda
826 2038 888 2077 ».
2676 2002 2697 2021 ⁶

367 2112 442 2177 Et
468 2114 528 2178 in
561 2115 754 2198 Resp.
789 2116 868 2180 ad
899 2116 992 2180 3.:
1035 2139 1070 2175 «
1103 2115 1239 2180 Etsi
1269 2116 1477 2198 potest
1505 2116 1831 2199 legislator
1869 2134 2078 2180 omnes
2114 2134 2295 2181 casus
2326 2118 2725 2196 considerare,

292 2234 400 2279 non
425 2218 755 2300 oporteret,
789 2219 862 2282 ut
888 2236 1097 2282 omnes
1121 2218 1488 2300 exprimeret
1510 2218 1761 2301 propter
1798 2218 2218 2284 confusionem
2249 2220 2594 2286 vitandam:
2622 2221 2725 2285 sed

290 2315 469 2400 legem
503 2318 662 2385 ferre
693 2319 942 2387 deberet
971 2320 1307 2385 secundum
1338 2338 1429 2397 ea,
1462 2339 1622 2402 quae
1652 2321 1717 2385 in
1747 2320 2030 2403 pluribus
2063 2320 2434 2385 accidunt».

362 2419 437 2484 Et
473 2421 672 2486 allato
714 2422 992 2504 exemplo
1027 2422 1183 2506 legis
1206 2421 1280 2486 de
1318 2422 1633 2487 servandis
1663 2423 1895 2488 clausis
1925 2423 2122 2506 portis
2153 2423 2426 2488 civitatis
2449 2425 2724 2507 tempore

284 2521 615 2602 obsidionis,
643 2543 810 2608 quae
825 2526 1031 2591 tamen
1064 2525 1290 2609 aperiri
1320 2526 1543 2592 debent
1566 2526 2007 2606 defensoribus,
2034 2527 2270 2612 pergit:
2311 2551 2347 2585 ‹<
2373 2525 2487 2593 Sed
2514 2528 2719 2596 tamen

283 2624 388 2691 hoc
416 2631 506 2693 est
543 2628 1078 2704 considerandum,
1126 2629 1294 2711 quod
1328 2630 1383 2694 si
1414 2631 1763 2696 observatio
1796 2631 1955 2716 legis
1983 2631 2317 2696 secundum
2366 2632 2553 2697 verba
2598 2653 2719 2698 non

281 2729 490 2795 habeat
525 2731 814 2796 subitum
843 2731 1205 2814 periculum,
1245 2733 1346 2797 cui
1384 2736 1670 2816 oporteat
1699 2735 1917 2798 statim
1965 2735 2221 2811 occurri,
2255 2753 2376 2800 non
2414 2737 2721 2818 pertineat

282 2833 348 2896 ad
379 2835 734 2915 quemlibet,
773 2835 848 2898 ut
893 2834 1354 2918 interpretetur,
1403 2837 1554 2919 quid
1599 2838 1684 2902 sit
1729 2837 1885 2902 utile
1922 2837 2166 2902 civitati
2203 2839 2271 2902 et
2302 2838 2450 2920 quid
2496 2841 2718 2906 inutile

275 2934 523 3007 civitati,
573 2935 685 3001 sed
730 2936 848 3001 hoc
894 2938 1096 3002 solum
1145 2939 1412 3020 pertinet
1448 2939 1524 3003 ad
1571 2941 1892 3022 principes,
1928 2942 2036 3021 qui
2065 2942 2316 3024 propter
2360 2941 2717 3009 huiusmodi

273 3054 442 3101 casus
470 3038 704 3105 habent
741 3040 1181 3106 auctoritatem
1204 3041 1267 3106 in
1298 3041 1542 3125 legibus
1567 3041 2008 3124 dispensandis,
2044 3041 2109 3106 Si
2139 3061 2284 3106 vero
2324 3043 2408 3105 sit
2437 3045 2714 3109 subitum

281 3138 622 3219 periculum,
644 3160 775 3207 non
800 3141 1041 3225 patiens
1060 3145 1310 3208 tantam
1339 3161 1601 3218 moram,
1628 3144 1703 3206 ut
1734 3142 1812 3207 ad
1836 3144 2213 3225 superiorem
2236 3144 2467 3206 recurri
2498 3147 2713 3225 possit,

272 3239 402 3321 ipsa
443 3245 779 3310 necessitas
823 3244 1344 3328 dispensationem
1389 3244 1577 3308 habet
1631 3244 1959 3317 adnexam:
2024 3244 2169 3324 quia
2216 3246 2547 3310 necessitas
2591 3266 2710 3311 non

270 3343 544 3411 subditur
561 3348 694 3434 legi
725 3373 787 3412 ιι.
829 3349 929 3412 Ita
966 3367 1015 3413 s.
1057 3348 1276 3414 Them.

351 3444 438 3510 Ex
462 3450 683 3530 quibus
710 3451 905 3533 patet,
943 3450 1268 3526 rationem,
1295 3468 1405 3513 cur
1427 3448 1511 3514 sit
1533 3448 1595 3512 in
1619 3449 1976 3533 legislatore
1999 3450 2276 3531 potestas
2300 3449 2708 3534 dispensandi,

270 3567 409 3627 esse,
449 3553 596 3633 quia
630 3554 984 3619 observatio
1017 3553 1282 3618 alicuius
1328 3552 1638 3635 praecepti
1682 3551 1815 3618 fieri
1852 3553 2059 3634 potest
2093 3553 2522 3620 inconveniens
2567 3557 2712 3621 huic

267 3670 547 3734 personae
579 3659 679 3722 vel
712 3657 776 3721 in
811 3658 926 3724 hoc
959 3676 1125 3733 casu,
1162 3657 1466 3739 quatenus
1489 3654 1789 3737 impediat
1820 3656 2041 3720 melius
2065 3656 2298 3721 bonum
2328 3658 2425 3721 vel
2458 3658 2711 3725 inducat

264 3755 506 3838 aliquod
537 3761 782 3826 malum
813 3762 878 3826 et
899 3760 1087 3825 simul
1118 3760 1327 3824 tamen
1357 3777 1480 3823 non
1510 3758 1754 3841 expedit
1785 3759 1857 3821 ut
1888 3759 2149 3840 quisque
2186 3778 2259 3823 ex
2289 3759 2552 3823 subditis
2583 3762 2707 3847 legi

264 3857 433 3927 iudex
461 3863 547 3927 sit
582 3864 652 3928 in
691 3883 879 3929 causa
910 3863 1178 3947 propria.

340 3959 515 4034 398.
542 3965 906 4031 Difficultas
931 3968 1045 4038 est,
1070 3964 1382 4048 quodnam
1407 3964 1489 4028 sit
1511 3963 1969 4028 incommodum
1992 3961 2150 4026 illud
2173 3981 2283 4044 pro
2310 3962 2424 4026 hac
2448 3981 2706 4044 persona

259 4062 348 4127 vel
379 4084 490 4147 pro
529 4067 652 4132 hoc
690 4086 858 4144 casu,
899 4069 973 4132 nt
1008 4067 1272 4132 exerceri
1301 4066 1498 4149 possit
1527 4066 1693 4130 licite
1717 4065 1817 4129 ius
1848 4064 2259 4147 dispensandi.
2298 4064 2500 4140 Patet,
2541 4067 2707 4147 quod

256 4163 308 4227 si
324 4165 680 4234 observatio
700 4169 860 4254 legis
884 4169 1108 4234 evadat
1122 4168 1443 4234 moraliter
1455 4167 1876 4251 impossibiliS,
1911 4166 2008 4230 vel
2039 4165 2130 4247 (in
2156 4166 2436 4248 pluribus
2453 4167 2704 4254 saltem)

252 4266 430 4334 nimis
478 4270 780 4344 difficilis,
829 4272 1092 4337 habetur
1135 4272 1264 4335 iam
1309 4290 1415 4354 per
1467 4289 1531 4336 se
1577 4288 1764 4335 causa
1811 4287 2105 4333 excusans
2152 4268 2230 4333 ab
2279 4269 2704 4337 observatione

252 4368 418 4455 legis,
459 4393 624 4456 quae
661 4375 732 4439 in
777 4374 1132 4440 huiusmodi
1177 4374 1420 4441 casibus
1464 4392 1587 4439 non
1636 4372 1901 4457 obligat:
1951 4371 2238 4454 quocirca
2283 4391 2393 4436 nec
2425 4391 2578 4453 opus
2610 4376 2706 4439 est

248 4470 727 4558 dispensatione.

329 4575 497 4643 Satis
546 4599 704 4665 ergo
751 4581 872 4645 erit
915 4578 1225 4663 quoddam
1269 4577 1730 4645 incommodum
1776 4577 1979 4641 minus
2018 4578 2113 4641 vel
2148 4577 2314 4658 quod
2344 4595 2416 4641 ea
2447 4579 2702 4643 moralis
