3529 5158
709 343 816 397 586
1082 354 1294 396 ‘raso-r.
1334 356 1412 396 1v.
1449 355 1537 394 nn
1573 352 1883 396 Pnoca‘rrs.
1925 352 2123 397 earm·
2160 354 2200 394 1.
2241 353 2382 396 nun.
2423 354 2515 396 111.
2554 354 2693 395 aar.
2736 354 2802 392 11.
3037 340 3180 409 [664]

704 472 848 517 cum
876 451 1158 515 redierit:
1200 452 1349 515 tunc
1384 453 1567 528 certe,
1602 450 1749 514 licet
1783 469 1905 514 non
1935 468 2193 515 renoves
2241 450 2673 529 intentionem,
2712 449 2918 514 adhuc
2958 451 3183 516 occisio

700 556 844 639 post
873 573 1145 618 mensem
1175 573 1298 618 non
1338 553 1524 617 faciet
1556 573 1750 617 unum
1787 554 2110 635 peccatum
2154 572 2299 618 cum
2335 553 2664 618 voluntate
2702 553 3044 636 praeterita
3076 579 3138 616 2».

796 652 971 727 664.
1019 657 1108 720 Ex
1156 656 1509 739 praemissis
1557 656 1711 720 solvi
1763 655 1944 720 debet
1989 656 2271 739 quaestio
2328 655 2403 721 de
2449 675 2541 734 eo,
2591 656 2699 737 qui
2745 656 3010 721 retinuit
3054 675 3186 722 rem

710 761 994 838 alienam,
1028 760 1242 824 nolens
1268 778 1405 823 eam
1436 759 1798 835 restituere;
1827 778 1985 840 quae
2011 758 2262 839 quidem
2286 758 2364 825 ad
2389 758 2625 823 similes
2653 777 2839 823 casus
2863 758 3185 823 transferri

708 863 906 940 debet,
955 862 1064 927 ubi
1111 862 1324 945 agitur
1380 860 1453 925 de
1509 860 1757 925 homine
1807 879 1929 925 non
1977 860 2274 944 implente
2321 860 2790 945 obligationem,
2849 879 3009 943 quae
3057 880 3186 944 per-

712 966 902 1049 petuo
948 967 1151 1049 urget.

804 1066 863 1132 S.
877 1068 1231 1149 Alphonsus
1256 1086 1314 1129 n.
1343 1066 1448 1129 40.
1476 1084 1870 1130 communem
1895 1066 2243 1131 doctrinam
2268 1068 2355 1132 sic
2380 1066 2601 1133 refert:
2630 1090 2664 1125 «
2679 1065 2745 1130 Si
2769 1067 2905 1149 quis
2928 1066 3182 1143 statuit,

714 1190 836 1236 non
870 1170 1196 1234 restituere
1234 1188 1365 1233 rem
1398 1169 1663 1232 alienam
1696 1170 1760 1232 et
1795 1169 1858 1233 in
1908 1169 2121 1234 eadem
2171 1170 2497 1235 voluntate
2535 1188 2794 1251 semper,
2831 1168 3033 1235 adhuc
3073 1188 3185 1251 per

715 1292 965 1348 annum,
1014 1272 1282 1347 maneat,
1332 1290 1527 1335 unum
1575 1274 1900 1353 peccatum
1946 1272 2316 1348 committit,
2368 1272 2516 1353 quia
2562 1272 2627 1336 in
2674 1272 2787 1336 illa
2842 1271 3185 1336 retentione

717 1394 1037 1456 nunquam
1080 1374 1420 1439 retractata
1468 1373 1824 1438 virtualiter
1860 1377 2178 1458 permanet
2225 1375 2426 1457 prima
2473 1376 2767 1440 voluntas
2799 1400 2861 1439 ».
2896 1373 3065 1453 Quae
3110 1374 3187 1438 ut

716 1477 1096 1561 probabilius
1144 1477 1405 1540 tenenda
1453 1476 1693 1540 dixerat
1742 1478 1806 1541 et
1856 1476 1963 1541 lib.
2001 1479 2060 1541 3.
2104 1498 2163 1542 n.
2204 1479 2354 1543 683.

784 1578 1034 1644 ‘Subdit
1062 1580 1271 1643 tamen
1304 1580 1462 1643 hanc
1499 1579 1947 1662 exceptionem:
1989 1605 2024 1638 ε(
2056 1579 2284 1645 Merito
2319 1582 2527 1645 tamen
2567 1581 2770 1645 Diana
2802 1581 3014 1645 censet
3047 1599 3189 1644 cum

721 1683 852 1747 ΑΛ.
893 1683 971 1746 ab
1017 1682 1150 1764 ipso
1198 1681 1427 1756 citatis,
1478 1681 1643 1763 quod
1692 1682 1744 1745 si
1791 1681 1892 1745 fur
1938 1681 2215 1747 redditur
2253 1683 2562 1766 impotens
2609 1684 2687 1748 ad
2732 1681 3189 1747 restituendum

722 1789 784 1850 et
829 1784 1043 1849 deinde
1081 1784 1283 1848 factus
1316 1786 1551 1867 potensi,
1592 1785 1740 1848 data
1783 1786 2268 1867 opportunitate,
2305 1805 2427 1852 non
2460 1787 2758 1865 restituit,
2792 1805 3032 1851 novum
3064 1804 3191 1868 pec-

718 1890 932 1953 catum
977 1887 1338 1952 committit.
1386 1887 1595 1965 Rati0,
1646 1887 1794 1968 quia
1841 1907 1912 1953 eo
1963 1908 2111 1952 casu
2144 1908 2251 1971 per
2281 1889 2440 1953 illud
2487 1890 2734 1972 tempus
2781 1888 3189 1972 impotentiae

722 1990 1014 2055 voluntas
1043 2008 1165 2054 non
1195 1989 1561 2054 restituendi
1592 2009 1715 2054 non
1739 1991 2092 2072 perseverat
2113 1991 2178 2055 in
2205 1991 2427 2057 effectu
2450 2016 2511 2057 ».
2539 1990 2710 2071 Quae
2740 1990 2995 2073 quidem
3028 1989 3189 2055 ratio

723 2093 913 2157 simul
944 2090 1231 2167 ostendit,
1265 2111 1461 2156 unum
1485 2091 1687 2157 adhuc
1716 2092 2043 2159 dicendum
2073 2093 2203 2159 fore
2235 2098 2576 2176 peccatum,
2612 2094 2665 2160 si
2696 2095 2798 2159 fur
2829 2094 3191 2160 retinuisset

722 2195 913 2260 etiam
944 2193 1348 2277 impotentiae
1371 2195 1648 2276 tempore
1680 2195 1936 2260 eandem
1961 2214 2084 2291 non
2118 2197 2485 2263 restituendi
2517 2197 2926 2262 voluntatem.
2954 2197 3046 2260 De
3067 2197 3188 2260 hoc

722 2317 872 2362 casu
895 2298 1098 2362 Diana
1122 2299 1273 2362 tom.
1305 2296 1362 2360 1.
1390 2298 1469 2362 tr.
1502 2297 1559 2360 7.
1587 2316 1713 2381 reg.
1747 2298 1893 2361 158.
1923 2318 1980 2361 n.
2010 2299 2071 2362 4.
2095 2321 2108 2361 ε
2144 2322 2180 2356 «
2205 2297 2519 2363 Secundus
2541 2298 2766 2364 modus
2799 2300 2907 2374 est,
2934 2297 3185 2379 quando

724 2400 863 2482 quis
894 2399 1217 2483 proposuit
1240 2399 1565 2463 restituere
1597 2399 1680 2480 (si
1709 2400 1888 2464 fieret
1910 2400 2156 2484 potens)
2190 2403 2252 2466 et
2284 2402 2499 2484 postea
2537 2401 2685 2465 data
2721 2400 3190 2484 opportunitate

724 2522 846 2568 non
877 2503 1157 2567 restituit
1191 2528 1251 2568 ».

816 2604 988 2678 665.
1023 2608 1236 2672 Alium
1269 2611 1477 2672 tamen
1508 2608 1876 2690 multiplicis
1909 2608 2144 2690 peccati
2181 2627 2394 2673 casum
2432 2609 2519 2673 sic
2553 2608 2727 2672 addit
2750 2608 2976 2684 Diana,
3004 2607 3187 2673 ibid:

733 2734 769 2769 «
805 2709 1062 2788 Quoties
1099 2709 1325 2773 directe
1364 2711 1427 2773 et
1458 2729 1734 2792 expresse
1767 2712 2103 2774 renovatur
2126 2711 2518 2794 propositum
2548 2709 2853 2776 retinendi
2884 2730 3022 2776 rem
3054 2710 3194 2773 alie-

726 2831 872 2876 nam
909 2831 1015 2893 per
1061 2811 1385 2894 specialem
1434 2813 1663 2875 actum.
1698 2813 1782 2875 Et
1828 2811 1906 2875 ad
1952 2814 2068 2876 hoc
2114 2831 2237 2878 non
2284 2813 2520 2877 sufficit
2566 2813 3025 2895 qualecumque
3063 2830 3194 2894 pro-

726 2912 1003 2998 positum
1044 2913 1447 2989 renovatum3
1484 2914 1589 2978 sed
1619 2914 1960 2995 requiritur
2007 2916 2079 2978 ut
2116 2914 2207 2979 ita
2247 2916 2552 2998 proponat
2583 2915 2723 2996 quis
2760 2933 2895 2979 rem
2928 2914 3192 2979 alienam

723 3016 1004 3093 retinere,
1044 3015 1211 3097 quod
1243 3015 1489 3080 etiamsi
1528 3035 1850 3097 nunquam
1878 3017 1943 3081 id
1974 3017 2365 3090 decrevisset,
2405 3017 2589 3082 modo
2628 3016 3003 3082 decerneret.
3038 3015 3196 3095 Quia

724 3121 871 3185 licet
902 3120 984 3184 sit
1014 3137 1212 3183 novus
1245 3120 1307 3181 et
1339 3117 1671 3182 distinctus
1717 3118 1987 3203 physice,
2022 3120 2234 3202 potius
2265 3120 2496 3184 dicitur
2529 3119 2923 3196 continuatio
2964 3118 3194 3202 proprii

727 3222 1048 3307 propositi,
1088 3240 1278 3303 quam
1323 3240 1521 3285 novus
1568 3222 1810 3286 actus...
1845 3245 1881 3281 »
1920 3222 2135 3306 Pergit
2164 3243 2225 3287 n.
2262 3223 2359 3287 3.:
2402 3246 2437 3280 «
2469 3223 2544 3286 In
2576 3222 2863 3286 omnibus
2911 3222 3056 3286 aliis
3103 3239 3195 3285 ca·

727 3327 917 3402 sibus,
951 3343 1107 3406 quos
1139 3324 1364 3389 diversi
1395 3324 1697 3388 Auctores
1730 3325 2115 3397 enumerant,
2148 3343 2271 3390 non
2305 3325 2400 3390 est
2431 3342 2665 3389 novum
2703 3325 3052 3406 peccatum,
3091 3322 3195 3388 sed

725 3428 1194 3491 circumstantia
1241 3445 1591 3512 aggravans
1638 3427 1796 3491 illud
1843 3428 1908 3490 et
1952 3427 2129 3490 iuxta
2175 3428 2456 3492 nostram
2517 3425 2891 3494 sententiam
2936 3427 3000 3491 in
3047 3444 3195 3491 con-

726 3530 987 3595 fessione
1018 3549 1141 3594 non
1171 3530 1513 3594 necessario
1559 3529 1954 3612 exprimenda
1987 3554 2046 3592 ›>.
2093 3529 2295 3610 Quam
2342 3530 2690 3595 doctrinam
2719 3548 2782 3593 n.
2818 3530 2879 3593 3.
2917 3530 3101 3594 vocat
3129 3528 3194 3594 in

730 3630 903 3716 praxi
950 3634 1176 3697 tutam.

819 3732 992 3805 666.
1020 3735 1103 3799 Et
1126 3735 1441 3800 occasione
1464 3736 2077 3801 circumstantiarum
2103 3737 2585 3820 aggravantium
2611 3735 2888 3802 addenda
2912 3735 3197 3818 quaestio

727 3841 839 3913 est,
891 3858 966 3902 an
1016 3838 1239 3902 saltem
1270 3839 1611 3902 necessario
1661 3837 1745 3901 sit
1795 3838 2120 3920 aperienda
2151 3838 2215 3902 in
2254 3839 2632 3904 confessione
2666 3837 3069 3902 diuturnitas
3113 3856 3199 3902 re·

732 3939 1027 4005 tentionis
1072 3941 1162 4003 rei
1208 3940 1462 4004 alienae.

822 4041 938 4108 Cui
982 4042 1332 4125 quaestioni
1392 4041 1885 4125 respondendum
1944 4043 2042 4105 est
2101 4044 2403 4124 nemetim,
2454 4044 2509 4108 si
2557 4046 2784 4128 agatur
2849 4042 2925 4108 de
2977 4058 3197 4126 cog-no·

730 4145 950 4210 scendo
996 4163 1253 4209 numero
1301 4146 1714 4227 peccatorum.
1756 4142 1922 4208 Nam
1969 4163 2113 4208 cum
2161 4165 2210 4209 s.
2243 4145 2429 4228 Alph.
2483 4145 2771 4223 vidimus,
2826 4165 3018 4212 unum
3062 4162 3196 4209 esse

735 4266 989 4312 numero
1036 4249 1377 4330 peccatum.

824 4348 887 4411 Si
935 4368 1077 4413 vero
1126 4350 1412 4412 sumatur
1457 4349 1840 4413 diuturnitas
1889 4349 1986 4414 uti
2031 4349 2503 4416 circumstantia
2551 4369 2924 4436 aggravans,
2977 4351 3069 4416 sic
3113 4369 3200 4415 re-

734 4451 995 4532 spondet
1038 4452 1261 4524 Diana,
1311 4451 1462 4515 tom.
1503 4454 1558 4515 1.
1595 4454 1672 4517 tr.
1728 4452 1786 4515 7.
1827 4451 2006 4517 resol.
2056 4452 2237 4518 157.:
2287 4477 2320 4511 «
2351 4452 2658 4538 Negative
2703 4453 3198 4537 respondendum

735 4551 1010 4616 videtur:
1045 4554 1192 4633 quia
1238 4552 1743 4618 circumstantiae
1794 4556 2210 4639 aggravantes
2256 4574 2378 4620 non
2427 4557 2577 4622 sunt
2621 4555 2966 4622 necessario
3013 4555 3200 4623 confi·
