3529 5158
621 333 730 389 250
1062 348 1276 389 macr.
1312 348 1377 387 11.
1414 346 1499 387 ma
1534 345 1953 388 conserua-ru.
1993 346 2206 388 carum.
2247 346 2313 386 11.
2352 345 2499 388 nun.
2538 345 2630 385 m.
2944 329 3092 405 [220]

728 445 959 497 XXVIII.
987 446 1035 497 3.
1064 442 1116 496 si
1141 449 1332 496 constet
1360 445 1422 496 de
1448 444 1571 506 lege,
1599 441 1803 495 dubium
1832 448 1992 496 autem
2019 441 2100 505 sit,
2130 456 2191 495 an
2220 448 2415 508 recepta
2456 441 2536 494 vel
2563 443 2799 503 abrogata
2828 441 2907 494 vel
2936 449 2985 494 tu
3025 445 3087 495 ab

620 545 676 583 ea
704 527 951 591 eximaris,
979 526 1155 581 teneris
1178 529 1302 591 Iege.
1331 526 1473 580 Ratio
1500 533 1604 590 est;
1629 526 1762 593 quia,
1791 542 1901 580 cum
1928 533 2122 581 constat
2162 528 2224 580 de
2267 529 2389 591 lege,
2421 539 2509 593 pro
2548 539 2609 578 ea
2633 531 2731 578 stat
2755 526 3090 593 praesumptio

622 624 670 668 et
693 612 959 681 possessio,
984 611 1286 679 proindeque
1313 611 1541 678 alleganti
1566 626 1671 666 eam
1700 626 1797 666 non
1824 628 1933 666 esse
1963 620 2208 679 receptam
2240 615 2316 665 vel
2351 614 2652 675 abrogatam,
2680 608 2919 663 incumbit
2957 626 3083 665 onus

623 697 863 766 probandi
900 698 1125 763 ideoque,
1150 699 1264 752 dum
1292 712 1386 751 non
1415 700 1602 764 probat,
1644 700 1751 762 lege
1793 705 1985 752 tenetur
2027 700 2197 763 Laym.
2222 701 2253 750 I.
2286 699 2325 749 I.
2349 703 2385 750 t.
2413 697 2461 749 4.
2485 711 2529 749 c.
2549 698 2598 749 3.
2620 697 2796 748 Sancb.
2819 691 2852 747 l.
2873 710 2916 750 c.
2938 711 2982 750 c.
3010 699 3091 749 10.

621 802 668 840 n.
691 788 774 840 34.
796 785 905 840 Fill.
928 793 987 840 tr.
1012 787 1094 838 21.
1121 800 1163 838 c.
1187 785 1234 838 4.
1257 799 1302 838 n.
1329 786 1446 839 163.
1473 791 1644 838 contra
1682 788 1823 838 Salas
1861 792 1910 838 et
1936 788 2106 846 Azor„
2137 782 2220 851 qui
2268 787 2462 847 docent,
2498 781 2540 834 si
2577 780 2788 844 dubiteS,
2817 796 2876 835 an
2911 785 2991 837 Iex
3029 783 3092 837 sit

625 877 891 938 acceptata,
934 885 990 924 ea
1029 875 1079 924 te
1115 884 1211 923 non
1252 869 1424 923 teneri.

708 1030 894 1104 220.
922 1034 1204 1098 Fuerunt
1234 1035 1344 1115 qui
1374 1034 1662 1109 dicerent,
1703 1034 1906 1117 legem
1952 1033 2017 1097 in
2047 1033 2164 1097 hoc
2195 1051 2347 1096 casu
2375 1050 2498 1097 non
2543 1029 2853 1114 possidere
2901 1030 3088 1111 atque

622 1138 771 1203 adeo
796 1156 918 1201 non
953 1136 1248 1219 obligare,
1274 1136 1540 1200 maxime
1565 1136 1618 1200 si
1649 1136 1747 1200 lex
1781 1136 1864 1199 sit
1900 1135 2195 1218 poenalis.
2222 1135 2358 1199 Hos
2381 1133 2570 1198 refert
2601 1152 2650 1197 s.
2676 1132 2862 1215 Alph.
2888 1132 2996 1196 lib.
3027 1134 3086 1195 1.

623 1261 679 1303 n.
723 1240 828 1303 97.
869 1240 933 1302 et
964 1236 1264 1302 Salmant.
1306 1236 1380 1300 de
1412 1236 1632 1319 Lcyib.
1672 1256 1805 1319 cap.
1841 1238 1901 1300 2.
1936 1257 1996 1300 n.
2042 1237 2187 1299 113.
2216 1238 2280 1300 et
2311 1236 2560 1318 quidem
2596 1234 2805 1318 plures
2837 1235 2985 1297 sunt
3017 1252 3088 1297 ac

619 1339 955 1423 probabilis
985 1340 1250 1403 habetur
1287 1339 1479 1403 etiam
1511 1358 1547 1402 a
1571 1339 1904 1415 munditie,
1940 1339 2047 1420 qui
2081 1357 2219 1402 eam
2241 1357 2365 1402 non
2390 1339 2621 1401 tenent.
2648 1336 2837 1400 Ratio
2862 1335 3087 1399 horum

618 1444 731 1519 est,
758 1441 906 1523 quia
938 1442 993 1505 si
1028 1440 1216 1505 dubia
1248 1443 1343 1505 est
1373 1440 1640 1523 receptio
1672 1440 2144 1524 legis,-dubium
2168 1442 2281 1515 est,
2302 1458 2382 1504 an
2404 1457 2682 1520 unquam
2715 1437 3087 1522 obligaverit

619 1545 732 1608 aut
764 1543 1040 1627 obligare
1071 1542 1340 1625 eoeperit
1371 1545 1434 1607 et
1463 1541 1601 1606 ideo
1632 1541 1891 1605 libertas
1923 1543 2019 1605 est
2048 1541 2112 1605 in
2145 1541 2547 1625 possessione.

707 1644 818 1710 Sed
854 1647 1017 1709 recte
1055 1664 1102 1708 s.
1142 1645 1328 1727 AJph.
1370 1644 1600 1718 subdit,
1636 1644 2013 1726 sequendam
2045 1663 2175 1708 esse
2220 1643 2590 1719 doctrinam,
2632 1661 2823 1724 quam
2847 1642 3085 1705 Auctor

618 1747 924 1831 proponit.
961 1746 1139 1827 Quod
1177 1766 1320 1812 vero
1355 1747 1446 1811 ait
1476 1747 1552 1811 A.
1579 1745 1746 1829 quod
1780 1766 1936 1811 onus
1962 1746 2283 1830 probandi,
2317 1746 2520 1830 legem
2552 1745 2740 1828 (quae
2771 1746 2934 1809 certe
2950 1763 3089 1827 pro-

617 1849 903 1934 mulgata
933 1852 1055 1931 est)
1092 1868 1217 1914 non
1246 1849 1436 1913 fuisse
1466 1852 1799 1932 receptam,
1824 1849 2146 1913 incumbat
2168 1848 2283 1925 illi,
2310 1849 2419 1932 qui
2449 1849 2566 1913 hoc
2598 1847 2837 1924 asserit,
2871 1846 3088 1912 confir-

617 1953 828 2015 matur
845 1970 881 2014 a
911 1971 959 2015 s.
993 1951 1178 2034 Alph.
1207 1970 1314 2033 per
1343 1951 1501 2014 illud
1541 1951 1821 2016 axioma:
1864 1950 1949 2014 In
1987 1950 2174 2014 dubio
2186 1951 2626 2031 praesumit-ur
2646 1948 2902 2029 factum,
2921 1948 3090 2031 quod

617 2052 693 2115 de
735 2054 870 2115 iure
900 2051 1256 2130 faciendum
1286 2056 1440 2116 crat.
1475 2053 1641 2137 Ergo
1675 2053 2098 2136 praesumptio
2132 2054 2263 2117 stat
2295 2073 2404 2136 pro
2437 2053 2573 2137 lege
2604 2054 2869 2131 recepta.

703 2154 897 2220 Addit
940 2156 1104 2219 recte
1151 2175 1200 2220 s.
1233 2155 1440 2238 Alph„
1474 2155 1632 2219 falso
1682 2156 1987 2238 quosdam
2032 2174 2394 2238 supponere,
2445 2153 2609 2237 quod
2656 2154 2754 2219 lex
2801 2153 2878 2217 ad
2927 2153 3086 2218 obli·
3160 2228 3163 2237 Ι

614 2257 891 2341 gaudum
935 2257 1216 2341 indigeat
1259 2258 1694 2337 acceptatione.
1744 2256 2003 2337 Quando
2052 2277 2197 2342 ergo
2246 2260 2493 2322 constat
2529 2257 2601 2321 de
2647 2257 2785 2342 lege
2801 2255 3088 2336 prom-ul-

614 2363 787 2440 yata,
835 2360 934 2425 lex
977 2360 1167 2425 habet
1214 2361 1683 2444 possessionem,
1720 2379 1756 2423 a
1789 2380 1913 2442 qua
1945 2380 2069 2427 non
2106 2360 2474 2424 deturbatur
2506 2360 2578 2424 ob
2611 2358 2872 2423 dubiam
2915 2378 3089 2443 prae-

616 2462 854 2527 dictum
903 2464 1017 2545 (a).

726 2667 913 2719 XXIX.
937 2666 984 2718 4.
1007 2665 1103 2733 Qui
1130 2666 1334 2730 dubitat,
1358 2682 1416 2720 an
1447 2666 1732 2730 vigesimum
1761 2666 1970 2733 primum
1997 2681 2173 2720 annum
2200 2665 2491 2734 expleverit,
2519 2682 2616 2720 non
2640 2673 2835 2721 tenetur
2860 2666 3074 2733 ieiunio;

614 2750 726 2815 quia
755 2750 956 2804 libertas
974 2750 1113 2803 estin
1142 2750 1468 2818 possessione.
1488 2750 1667 2803 Contra
1698 2765 1818 2803 vero
1838 2765 1919 2804 res
1939 2765 1991 2803 se
2022 2754 2185 2815 babet,
2210 2751 2253 2804 si
2274 2751 2468 2804 dubites
2495 2753 2555 2805 (16
2582 2758 2739 2805 aetate
2765 2753 2826 2805 ad
2854 2750 3076 2805 ordinem

616 2847 807 2886 sacrum
831 2835 909 2886 vel
929 2834 1214 2888 beneficium
1235 2834 1493 2902 requisita;
1516 2834 1628 2900 quia
1651 2834 1985 2901 praesumptio
2005 2842 2053 2888 et
2074 2834 2323 2901 possessio
2342 2842 2417 2889 est
2438 2850 2526 2902 pro
2548 2842 2842 2903 praecepto:
2863 2835 3077 2902 ideoque

618 2931 712 2972 non
741 2924 881 2984 potes
907 2919 1140 2986 recipere,
1167 2921 1322 2972 donec
1349 2920 1410 2972 (16
1435 2925 1594 2972 aetate
1622 2926 1829 2972 constet.
1852 2922 2021 2984 Laym.
2046 2923 2076 2973 I.
2098 2934 2140 2974 c.
2162 2935 2208 2973 n.
2232 2922 2316 2974 35.
2340 2924 2515 2975 Sancb.
2538 2924 2587 2974 d.
2609 2921 2692 2974 to.
2712 2921 2869 2975 6141.

702 3060 865 3134 221.
915 3066 1084 3129 Dicit
1129 3065 1226 3140 A.‚
1261 3065 1325 3128 in
1363 3063 1550 3129 dubio
1600 3084 1721 3130 non
1773 3066 1982 3130 adesse
2031 3066 2477 3151 obligationem
2523 3067 2879 3144 ieiunandi3
2929 3068 3083 3150 quia.

613 3167 885 3249 possidet
929 3166 1203 3230 libertas.
1240 3166 1428 3231 Ratio
1478 3171 1709 3240 autem,
1751 3189 1861 3232 cur
1892 3170 2207 3251 possideat
2250 3170 2524 3247 libertas,
2560 3170 2711 3235 haec
2764 3173 2879 3249 est,
2914 3169 3085 3252 quod

614 3271 680 3332 m
704 3268 889 3331 dab-io
925 3267 1160 3347 factum
1192 3289 1318 3332 non
1336 3271 1795 3348 praesumitur,
1821 3270 1936 3333 sed
1949 3271 2221 3350 probari
2250 3272 2457 3348 debet,·
2490 3273 2668 3355 atqui
2698 3271 2936 3337 factum
2960 3272 3079 3337 hoc

602 3371 966 3453 requiritur,
1003 3373 1076 3433 ut
1107 3371 1244 3454 quis
1280 3371 1625 3456 obligetur:
1661 3391 1807 3457 ergo
1843 3391 1995 3437 onus
2028 3372 2327 3455 probandi
2357 3373 2636 3440 reiicitur
2666 3373 2733 3439 111
2762 3374 2964 3461 legem
3012 3378 3081 3439 et

611 3474 743 3537 ideo
775 3472 1032 3537 libertas
1065 3473 1338 3555 possidet
1370 3475 1434 3537 et
1464 3476 1672 3556 partes
1713 3477 1809 3538 rei
1840 3476 1975 3560 agit
2006 3476 2212 3541 homo.

698 3574 992 3650 Effatum,
1027 3575 1192 3656 quod
1222 3573 1457 3653 factam
1491 3577 1558 3639 in
1590 3575 1776 3640 dubio
1802 3598 1927 3641 non
1950 3580 2404 3657 praesumitur,
2439 3580 2609 3644 valet
2639 3580 2830 3645 etiam
2868 3582 3079 3664 quoad

610 3679 876 3742 alterum
923 3696 1136 3741 casum
1183 3677 1256 3740 de
1304 3678 1513 3742 ordine
1560 3679 1964 3763 suscipiende,
2015 3681 2119 3745 sed
2165 3681 2354 3745 babet
2398 3682 2839 3747 resolutionem
2888 3702 3078 3767 oppo-

609 3780 815 3843 sitam.
877 3778 1043 3843 Nam
1087 3780 1184 3844 lex
1231 3782 1343 3855 est,
1401 3799 1523 3862 qua
1561 3781 1821 3866 incapax
1868 3781 2127 3864 quisque
2190 3785 2472 3847 censetur
2534 3803 2582 3848 s.
2633 3783 2901 3859 OrdiniS,
2950 3785 3075 3849 nisi

610 3882 943 3966 expleverit
987 3882 1158 3947 XXI.
1195 3903 1445 3947 annum.
1482 3882 1570 3949 Ut
1601 3903 1746 3969 ergo
1782 3884 1920 3965 quis
1954 3904 2145 3969 capax
2178 3886 2277 3960 sit,
2311 3885 2463 3949 haec
2497 3877 2669 3950 aetas
2702 3887 3071 3968 requiritur;

609 4004 764 4050 onus
789 3988 1000 4051 autem
1026 3986 1326 4068 probandi
1351 3986 1587 4050 factum
1621 3986 1899 4050 reiicitur
1930 3987 1994 4049 in
2025 3986 2373 4069 petitorem.
2407 3988 2573 4072 Ergo
2605 3988 2880 4071 possidet
2902 4007 3078 4072 prae-

608 4091 875 4172 ceptum.

687 4402 751 4452 (a)
780 4399 841 4441 In
870 4398 1036 4440 Tract.
1066 4398 1128 4440 de
1155 4397 1369 4452 Legibus
1396 4396 1696 4450 videbimus,
1729 4389 1827 4441 cur*
1849 4399 1913 4441 ab
1939 4398 2206 4455 obligando
2234 4405 2391 4445 cesset
2420 4402 2519 4456 lex,
2549 4403 2592 4445 si
2622 4416 2707 4448 usu
2736 4405 2939 4459 recepta
2967 4418 3075 4450 non

604 4464 688 4514 sit,
719 4464 844 4518 quin
873 4474 1196 4506 recurramus
1226 4464 1288 4505 ad
1318 4460 1672 4507 necessitatem
1702 4465 2084 4519 acceptationis,
2106 4469 2165 4509 ut
2194 4467 2417 4523 obligare
2444 4469 2672 4524 incipiat.
