3529 5158
700 333 809 388 572
1040 344 1254 386 111301.
1295 345 1375 386 1v.
1418 344 1503 384 Dm
1538 340 1846 383 »meaa-rs.
1884 340 2082 382 cunr
2118 339 2158 379 1.
2197 339 2340 380 111111.
2378 337 2468 378 111.
2505 336 2719 377 mmor.
2757 336 2822 375 11.
3020 321 3169 397 [642]

705 445 892 527 piam,
943 464 1006 509 se
1053 443 1271 509 contra
1315 441 1501 506 fidem
1543 440 1900 522 loquutum,
1933 456 2056 502 non
2101 438 2197 501 est
2243 454 2484 501 necesse
2529 434 2913 518 interrogare
2944 434 3020 499 de
3051 435 3169 500 sin-

748 547 866 610 ulis
915 548 1030 611 etc.

699 567 744 631 g
791 642 971 717 842.
1023 647 1195 712 Idem
1232 666 1280 710 3.
1315 645 1670 728 Alphonsus
1701 662 1762 708 n.
1798 644 1905 707 50.
1937 660 1995 723 q.
2032 641 2093 705 6.
2130 640 2209 704 ad
2237 639 2682 723 quaestionem,
2723 640 2879 722 quot
2914 640 3168 724 peccata

697 750 1081 826 committat,
1123 750 1231 830 qui
1278 748 1520 812 diversa
1556 746 1723 811 mala
1756 746 1936 827 optat
1965 743 2236 819 inimic0‚
2269 763 2326 806 v.
2366 762 2461 826 gt.
2493 742 2837 818 infamiam,
2878 743 3165 819 mortem,

699 854 1143 937 paupertatem
1191 853 1327 927 etc.,
1361 850 1513 915 dicit
1558 849 1684 913 tres
1731 846 1942 911 adesse
1988 844 2344 911 sententias,

794 954 1003 1017 Prima
1051 954 1248 1029 docet,
1296 971 1491 1017 unum
1538 970 1669 1017 esse
1706 949 1903 1033 specie
1950 950 2273 1032 peccatum
2310 949 2374 1011 et
2403 948 2596 1013 etiam
2641 966 2838 1011 unum
2882 967 3163 1026 numero,

698 1057 755 1122 si
800 1057 1012 1122 eodem
1063 1057 1303 1140 impetu
1348 1055 1773 1139 proferantur:
1823 1053 1954 1116 nisi
1996 1050 2159 1130 foret
2201 1050 2580 1115 maedam
2623 1051 2868 1131 efficax.

792 1157 1069 1223 Secunda
1116 1159 1275 1235 vult,
1323 1158 1505 1240 plura
1550 1174 1680 1221 esse
1727 1155 1924 1238 specie
1973 1155 2244 1237 peccata,
2283 1153 2338 1217 si
2383 1152 2659 1236 specifice
2705 1152 2945 1216 diversa
2991 1154 3161 1218 mala

698 1261 1144 1342 exprimantur,
1195 1278 1368 1324 secus
1416 1258 1468 1324 si
1513 1259 1752 1322 malum
1799 1258 1862 1321 in
1908 1256 2239 1322 communi.
2273 1255 2395 1321 Pro
2441 1256 2642 1339 prima
2689 1256 2866 1338 parte
2897 1256 3163 1320 afferunt

700 1361 1007 1443 quaedam
1056 1362 1244 1427 verba
1275 1381 1323 1426 s.
1359 1361 1635 1426 Thomae
1665 1380 1738 1425 ex
1771 1362 1830 1423 2.
1867 1361 1927 1423 2.
1954 1380 2013 1441 q.
2045 1358 2146 1422 76.
2182 1359 2301 1423 art.
2335 1359 2397 1421 4.
2425 1358 2503 1423 ad
2527 1360 2610 1435 2.,
2637 1358 2742 1423 sed
2765 1377 2925 1439 quae
2954 1359 3161 1424 minus

698 1463 777 1527 ad
825 1483 957 1528 rem
1001 1464 1261 1541 faciunt,
1313 1465 1424 1529 aut
1471 1465 1634 1527 certe
1680 1482 1902 1545 parum
1948 1461 2351 1537 concludunt;
2399 1460 2579 1525 docet
2624 1460 2788 1525 enim
2840 1461 2948 1540 ibi,
2998 1462 3163 1544 quod

699 1566 807 1647 qui
851 1567 1096 1631 malum
1144 1566 1331 1630 alteri
1370 1566 1511 1631 vult
1556 1565 1875 1641 desiderio,
1916 1583 2038 1628 non
2085 1563 2289 1629 differt
2335 1564 2414 1627 ab
2459 1581 2551 1639 00,
2594 1563 2702 1645 (1111
2738 1562 2898 1628 illud
2929 1567 3160 1647 patrat.

793 1668 1003 1732 Tertia
1038 1668 1288 1733 demum
1318 1667 1517 1744 docet,
1558 1686 1751 1732 unum
1786 1686 1916 1731 esse
1952 1668 2294 1749 peccatum,
2329 1666 2384 1730 si
2412 1666 2592 1749 plura
2622 1666 2792 1730 mala
2824 1667 3163 1749 apprehen-

700 1769 929 1835 dantur
976 1772 1090 1836 sub
1138 1771 1421 1855 generica
1469 1770 1708 1834 ratione
1753 1769 1943 1834 medii
1978 1770 2196 1833 ruinae
2241 1768 2527 1845 alterius3
2576 1786 2750 1833 secus
2782 1768 2837 1833 si
2869 1771 3164 1852 optentur

699 1873 866 1937 mala
913 1875 986 1937 ut
1032 1873 1309 1956 specifice
1354 1872 1762 1937 considerata.
1810 1871 1981 1935 Haec
2028 1870 2278 1936 tandem
2325 1869 2485 1935 redit
2530 1869 2608 1934 ad
2653 1870 3008 1935 secundam.

785 1973 960 2038 Nihil
1006 1976 1175 2040 ultra
1223 1975 1588 2053 addendum,
1639 1994 1781 2039 cum
1828 1975 2028 2057 prima
2074 1973 2160 2039 sit
2204 1972 2575 2056 probabilis:
2618 1993 2728 2038 1100
2773 1993 2925 2039 113113
2973 1975 3161 2040 habet

699 2076 920 2158 reipsa,
970 2079 1042 2141 ut
1090 2080 1407 2160 poenitens
1456 2080 1702 2142 accuset
1747 2077 2009 2160 speciale
2054 2075 2203 2158 quid
2249 2075 2544 2158 (exceptis
2589 2076 2888 2160 rusticis),
2922 2078 3029 2142 sed
3059 2098 3162 2163 ge-

696 2179 964 2242 neratim
1011 2180 1480 2263 imprecationes
1524 2181 1950 2244 numerantur.
1983 2179 2140 2243 Heic
2183 2180 2334 2243 nota
2378 2178 2716 2243 Auctorem
2763 2180 2914 2244 alibi
2943 2180 3049 2244 lib.
3090 2183 3150 2244 2.

695 2280 901 2346 Tract.
937 2283 996 2346 3.
1033 2283 1195 2363 (heic
1225 2285 1410 2348 tract.
1438 2282 1513 2347 V.
1541 2285 1688 2347 sect.
1724 2283 1818 2364 3.)
1850 2300 1982 2364 cap.
2017 2283 2079 2345 2.
2105 2281 2248 2346 dub.
2277 2283 2336 2344 2.
2362 2299 2521 2364 resp.
2552 2284 2610 2345 2.
2643 2283 2826 2347 10301.
2865 2285 2919 2346 1.
2951 2283 3152 2349 dicere

694 2385 1173 2466 probabiliorem
1204 2386 1569 2451 secundam:
1610 2386 1715 2449 sed
1746 2384 2129 2468 probabilem
2160 2385 2426 2467 primam
2461 2384 2670 2450 habet.

781 2482 958 2557 843.
987 2488 1266 2569 Denique
1296 2508 1344 2551 3.
1372 2488 1555 2570 Alph.
1583 2507 1641 2552 11.
1671 2490 1776 2552 50.
1804 2507 1862 2568 q.
1892 2488 1952 2550 6.
1978 2506 2122 2552 011111
2152 2484 2441 2564 Concina,
2468 2486 2690 2565 CoHet,
2718 2486 2903 2554 Croix
2925 2492 2991 2555 et
3015 2490 3154 2556 aliis

696 2590 1031 2668 contendit,
1082 2591 1463 2656 sacerdotem
1510 2591 1717 2674 plures
1764 2591 2104 2656 successive
2151 2590 2572 2655 absolventem
2601 2592 2668 2656 in
2697 2594 2873 2658 statu
2920 2596 3155 2676 peccati

693 2693 792 2756 tot
838 2693 1226 2757 committere
1273 2693 1617 2777 sacrilegia,
1651 2695 1807 2775 quot
1853 2693 2142 2758 absolvit.

780 2793 1014 2857 Verum
1060 2814 1169 2859 nec
1214 2795 1534 2877 pauciores
1579 2814 1689 2860 nec
1735 2796 2111 2861 auctoritate
2158 2798 2221 2860 et
2265 2795 2506 2861 ratione
2550 2798 2819 2863 minores
2851 2799 3153 2865 Doctores

691 2895 800 2960 alii
846 2895 909 2960 id
956 2898 1205 2980 negant,
1241 2899 1355 2961 aut
1401 2898 1624 2962 saltem
1669 2898 1987 2980 probabile
2031 2899 2280 2976 habent,
2317 2919 2512 2964 unum
2556 2902 2807 2966 tantum
2838 2904 3150 2969 committi

687 3003 1042 3082 peccatum3
1078 3001 1238 3067 unde
1284 3004 1549 3074 censent,
1584 3001 1739 3065 satis
1771 3020 1920 3078 esse,
1954 3001 2008 3066 si
2040 3001 2225 3077 dicat,
2258 3002 2466 3085 plures
2495 3002 2907 3069 confessiones
2939 3006 3151 3071 audivi

691 3102 752 3165 in
801 3104 975 3168 statu
1023 3103 1275 3186 peccati.
1316 3104 1494 3186 Lugo
1525 3104 1681 3186 disp.
1719 3103 1821 3167 16.
1863 3125 1920 3168 11.
1957 3104 2107 3168 358.

776 3204 989 3285 Quoad
1038 3226 1180 3271 eum
1227 3226 1392 3282 vero,
1440 3207 1549 3288 qui
1594 3208 1656 3271 in
1705 3208 1881 3271 statu
1928 3208 2162 3289 peccati
2207 3209 2487 3292 pluribus
2518 3211 3020 3276 communionem
3063 3211 3148 3275 di-

685 3309 961 3387 stribuit,
1012 3310 1141 3393 ipse
1179 3329 1228 3373 s.
1263 3309 1448 3392 Alph.
1489 3309 1635 3373 ibid.
1685 3309 2065 3392 probabilius
2095 3310 2265 3389 dicit,
2299 3331 2494 3375 unum
2539 3314 2791 3377 tantum
2836 3315 3148 3380 committi

684 3409 1022 3490 peccatum.
1057 3408 1138 3472 Et
1171 3407 1535 3486 addendum,
1585 3408 1902 3491 probabile
1947 3428 2098 3486 esse,
2136 3428 2260 3474 non
2298 3411 2534 3493 peccari
2570 3431 2679 3495 per
2722 3412 2889 3477 hunc
2934 3415 3144 3478 actum

687 3510 1067 3586 mortalitem
1104 3510 1262 3575 unde
1295 3515 1358 3576 et
1389 3512 1557 3594 prior
1587 3513 1871 3594 quaestio
1912 3513 2153 3577 amittit
2193 3514 2593 3597 gravitatem.
2629 3513 2748 3579 Sed
2782 3516 2857 3581 (10
2888 3516 2981 3583 1113
3011 3518 3142 3582 suis

681 3612 853 3688 locis,
887 3612 996 3676 ubi
1026 3612 1099 3676 de
1132 3610 1562 3678 Sacramentis.

771 3708 952 3784 644.
1000 3715 1098 3779 Ad
1147 3717 1205 3779 2.
1256 3718 1498 3798 partem
1544 3717 2003 3800 Responsionis‚
2052 3718 2127 3784 de
2171 3719 2693 3802 multiplicatione
2747 3722 2986 3803 peccati
3041 3743 3145 3807 per

688 3818 1205 3901 interruptionem
1254 3820 1449 3883 actus,
1484 3817 1661 3898 Quod
1706 3819 2108 3905 intelligenda
2145 3821 2230 3885 sit
2275 3821 2647 3905 interruptio
2694 3823 2975 3902 moralis,
3027 3845 3145 3890 non

688 3940 831 3985 vero
871 3923 1123 3985 tantum
1157 3920 1443 4004 physica,
1492 3940 1588 3985 res
1635 3940 1742 4004 per
1790 3941 1851 3985 se
1896 3923 2196 4004 loquitur.
2247 3922 2483 4007 Quippe
2530 3926 2707 3989 actus
2763 3925 3015 4011 physice
3059 3927 3145 3992 di·

684 4023 901 4088 stincti
946 4026 1009 4089 et
1056 4025 1387 4107 interrupti
1433 4025 1695 4108 possunt
1738 4025 2116 4090 constituere
2160 4027 2224 4091 et
2269 4027 2470 4110 reipsa
2514 4028 2874 4110 saepissime
2919 4030 3137 4095 consti·

680 4127 869 4190 tuunt
916 4146 1108 4188 unum
1153 4130 1360 4189 actum
1404 4125 1720 4190 moralem.
1755 4127 1847 4192 De
1893 4128 2011 4193 hoc
2054 4129 2341 4194 convenit
2384 4129 2546 4193 inter
2591 4149 2822 4197 omnes.

770 4227 919 4291 Tres
958 4228 1205 4312 regulas
1239 4229 1456 4292 auctor
1486 4229 1796 4311 proponit,
1845 4229 1909 4293 in
1955 4230 2181 4311 quibus
2210 4231 2465 4296 moralis
2495 4231 2869 4316 interruptio
2918 4235 3133 4311 elucet,

684 4330 748 4391 1⁰
795 4348 901 4410 per
950 4330 1338 4395 voluntatem
1384 4331 1760 4396 contrariam
1807 4332 1998 4415 priori
2054 4333 2255 4397 actui:
2309 4334 2377 4396 2⁰
2421 4353 2528 4416 per
2572 4336 2985 4402 cessationem
3031 4356 3135 4402 vo·

675 4431 1016 4495 luntariam
1065 4434 1142 4497 ab
1189 4436 1367 4498 actu:
1418 4434 1488 4497 3⁰
1533 4453 1641 4517 per
1684 4435 2091 4500 cessationem
2136 4435 2329 4500 etiam
2381 4436 2871 4503 involuntariam
2918 4459 2992 4506 ac
3035 4460 3136 4505 na-

671 4533 962 4598 turalem.
