3529 5158
740 366 813 419 34
1265 372 1479 412 macr.
1519 372 1559 410 1.
1597 370 1685 409 mn
1721 365 1977 409 Ac‘rmns
2014 364 2307 407 numme.
2345 362 2544 407 cnm
2581 363 2670 403 111.
3092 345 3202 421 [39]

741 490 1105 559 cognoscere
1151 468 1395 552 potuit:
1445 485 1567 548 quo
1614 466 1679 529 in
1725 483 1894 541 casn,
1943 483 2086 526 cum
2132 462 2421 526 teneatur
2466 478 2646 524 suam
2692 458 2914 540 cuique
2960 457 3202 539 partem

741 578 907 653 dare,
934 572 1312 639 iniustitiam
1346 569 1628 633 admittit
1659 587 1806 653 erga
1838 566 2117 650 proprios
2140 564 2323 642 filios,
2349 583 2421 627 ex
2450 561 2794 627 invincibili
2827 560 3200 645 ignorantia.

831 676 1048 756 Quoad
1079 676 1199 751 ius,
1234 674 1396 757 finge
1428 672 1786 754 quempiam
1818 670 2208 733 dubitantem
2240 667 2315 731 de
2345 666 2566 747 quavis
2600 664 2982 749 obligatione
3013 683 3072 727 V.
3108 683 3200 747 gr.

739 781 901 845 circa
948 776 1271 853 ieiunium,
1320 774 1480 839 circa
1526 775 1802 838 valorem
1847 771 2000 848 voti,
2034 770 2194 834 circa
2241 770 2650 844 contractum,
2685 766 2847 830 circa
2892 765 3032 829 iura
3077 783 3203 828 ma-

741 880 1027 948 trimonii
1071 881 1187 944 etc.
1253 876 1409 955 Quid
1459 876 1708 951 mirum,
1759 874 1811 938 si
1875 872 2155 937 adhibita
2215 870 2558 953 diligentia,
2607 868 2931 933 concludet
2990 870 3202 931 tamen

740 982 1092 1049 faciendum
1138 978 1315 1057 illud,
1351 977 1515 1059 quod
1561 995 1773 1059 reapse
1820 977 1915 1039 est
1960 972 2367 1039 materialiter
2411 973 2779 1055 peccatum?
2810 969 2974 1033 Hinc
3012 968 3203 1032 etiam

743 1086 907 1151 ratio
940 1104 1049 1148 cur
1095 1081 1403 1164 possimus
1450 1078 1625 1161 sequi
1658 1077 2009 1160 opinionem
2055 1075 2465 1158 probabilem3
2501 1073 2668 1155 quia,
2703 1072 2756 1137 si
2801 1090 3097 1149 erramus,
3133 1089 3205 1135 ex

742 1184 1099 1271 ignorantia
1145 1181 1488 1246 invincibili
1534 1198 1830 1245 erramus.

849 1333 904 1402 b)
930 1329 1193 1385 Vincibilis
1218 1328 1414 1394 dicitur,
1441 1342 1565 1393 quae
1604 1327 1805 1381 moralis
1841 1326 2120 1390 diligentiae
2145 1341 2240 1394 ope
2267 1324 2372 1379 tolli
2400 1323 2561 1391 potuit
2585 1332 2728 1389 atque
2756 1324 2878 1377 adeo
2907 1321 3188 1376 voluntaria

743 1424 820 1473 est
847 1419 927 1472 vel
964 1416 1151 1469 directe
1189 1422 1239 1468 et
1274 1414 1324 1466 in
1363 1428 1415 1466 se
1456 1416 1534 1465 vel
1570 1411 1813 1466 indirecte
1849 1410 2106 1464 autetiam
2135 1411 2212 1475 (ut
2239 1410 2373 1464 addit
2397 1424 2439 1463 s.
2466 1410 2704 1477 Thomas)
2733 1424 2821 1475 per
2847 1407 3091 1462 accidens,
3120 1406 3200 1460 Di·

737 1509 868 1557 recte
907 1508 956 1555 et
991 1500 1041 1552 in
1068 1514 1122 1552 se
1158 1496 1430 1552 voluntaria
1469 1503 1558 1561 est,
1601 1496 1650 1548 in
1689 1510 1834 1562 quam
1873 1501 2012 1549 actus
2050 1495 2317 1549 voluntatis
2354 1499 2525 1560 fertur,
2564 1496 2759 1560 quando
2809 1492 2987 1559 aliquis
3026 1498 3202 1559 sponte

740 1600 829 1639 sua
868 1586 975 1638 vult
1011 1584 1250 1649 quaedam
1286 1580 1529 1645 ignorare,
1556 1594 1616 1633 ne
1656 1594 1683 1632 a
1721 1579 1977 1647 proposito
2017 1595 2108 1632 suo
2146 1582 2426 1633 retrahatur
2463 1586 2513 1632 et
2550 1582 2671 1632 haec
2707 1576 2982 1643 ignorantia
3027 1575 3207 1630 dicitur

741 1683 1037 1723 Arri—:curm
1066 1666 1304 1721 indirecte
1342 1663 1617 1719 voluntaria
1656 1671 1728 1717 est
1769 1679 1854 1730 per
1891 1661 2222 1729 omissionem,
2249 1677 2358 1716 cum
2389 1661 2499 1728 quis
2525 1676 2621 1716 non
2646 1660 2846 1715 adhibet
2885 1659 3101 1714 studium
3146 1662 3209 1713 ad

746 1753 1137 1819 cognoscendum
1160 1758 1207 1804 et
1228 1755 1348 1804 haec
1375 1756 1449 1802 est
1474 1748 1745 1813 ignorantia
1773 1763 2146 1802 nauticam-ms.
2180 1768 2203 1793 ι
2226 1746 2513 1801 Voluntaria
2540 1761 2628 1812 per
2651 1746 2890 1809 accidcnS,
2917 1745 2983 1798 ait
3007 1760 3046 1798 s.
3074 1747 3204 1799 Tho·

742 1853 865 1901 maS,
888 1844 978 1901 est,
1001 1850 1111 1889 cnm
1137 1834 1248 1902 quis
1276 1834 1462 1887 directe
1488 1836 1568 1888 vel
1594 1832 1832 1887 indirecte
1858 1834 1965 1887 vult
1992 1832 2192 1898 aliquid,
2215 1833 2275 1885 ad
2298 1834 2429 1897 quod
2449 1830 2720 1896 ignorantia
2749 1830 2987 1898 sequitur.
3010 1828 3206 1883 Directe

740 1923 937 1989 quidem
975 1921 1102 1974 sicut
1139 1927 1338 1987 apparet
1375 1918 1425 1972 in
1465 1919 1622 1987 ebrio,
1650 1918 1733 1984 qui
1772 1920 1878 1971 vult
1903 1921 2150 1984 superflue
2178 1917 2344 1970 vinnm
2369 1924 2557 1983 potare,
2595 1930 2686 1983 per
2725 1917 2856 1981 quod
2884 1914 3110 1981 privatur
3134 1929 3206 1968 ra·

742 2005 892 2060 tionis
918 2021 1036 2058 usu:
1060 2003 1299 2058 indirecte
1340 2009 1501 2055 autem
1539 2017 1650 2055 cum
1688 2002 1867 2068 aliquis
1903 2001 2102 2067 negligit
2139 2002 2380 2067 repellere
2417 2000 2728 2066 insurgentes
2751 1998 2993 2067 passionis
3020 2005 3201 2061 motuS,

740 2088 828 2157 qui
865 2094 1228 2155 percrescentes
1267 2086 1414 2151 ligant
1453 2086 1658 2138 rationis
1697 2101 1840 2139 usum
1879 2085 1929 2138 in
1968 2085 2250 2152 particulari
2289 2085 2490 2150 eligibili
2516 2106 2565 2138 ι.
2603 2084 2742 2138 Conr.
2782 2099 2822 2137 s.
2860 2086 3101 2137 Thomatn
3141 2082 3205 2137 de

743 2172 910 2237 Μαῑο,
937 2189 985 2238 q.
1010 2173 1058 2224 3.
1077 2185 1122 2222 a.
1146 2173 1192 2224 8.
1216 2176 1265 2222 et
1293 2172 1340 2222 l.
1361 2174 1409 2222 2.
1432 2186 1476 2234 q.
1505 2172 1589 2222 19.
1611 2184 1654 2222 a.
1677 2171 1725 2221 6.
1750 2176 1800 2223 et
1827 2168 1983 2234 q.76.
2004 2184 2049 2221 a.
2072 2169 2120 2221 4.

832 2291 957 2365 39.
996 2296 1087 2358 De
1118 2292 1474 2378 ignorantia
1508 2293 1797 2357 affectata
1827 2292 1977 2356 haec
2000 2292 2189 2356 habet
2234 2312 2282 2356 s,
2319 2292 2592 2356 Thomas
2629 2292 2686 2355 1.
2723 2294 2783 2355 2.
2818 2311 2876 2373 q.
2913 2292 2974 2355 6.
3008 2310 3065 2355 a.
3108 2292 3204 2354 8.:

749 2422 786 2456 «
818 2398 955 2461 Hoc
987 2397 1249 2479 (scilicet
1282 2395 1446 2479 quod
1476 2395 1832 2480 ignorantia
1865 2395 1947 2458 sit
1981 2395 2363 2479 voluntaria)
2395 2394 2703 2478 contingit
2741 2393 3088 2476 dupliciter,
3123 2412 3212 2458 se-

741 2498 1012 2563 cundum
1045 2498 1200 2562 duos
1232 2497 1447 2562 modos
1487 2497 1826 2560 voluntarii
1873 2516 2059 2581 supra
2105 2497 2342 2579 positos
2389 2497 2633 2578 (nempe
2679 2495 2980 2559 directum
3013 2497 3076 2559 et
3122 2495 3211 2557 in-

740 2600 1073 2683 directum)
1106 2626 1167 2662 ».

837 2726 872 2762 «
897 2702 1035 2766 Uno
1067 2700 1271 2777 modo,
1300 2700 1445 2781 quia
1486 2703 1662 2764 actus
1694 2701 2041 2764 voluntatis
2072 2701 2268 2764 fertur
2297 2701 2362 2764 in
2392 2699 2836 2784 ignorantiam,
2873 2699 3036 2763 sicut
3067 2718 3209 2763 cum

739 2805 967 2886 aliquis
1012 2805 1297 2890 ignorare
1344 2805 1502 2881 vult,
1538 2804 1638 2868 vel
1681 2807 1755 2868 nt
1787 2804 2244 2870 excusationem
2281 2805 2518 2888 peccati
2548 2805 2776 2869 habeat
2821 2804 2919 2868 vel
2965 2804 3040 2866 ut
3086 2821 3210 2866 non

736 2907 1095 2972 retrahatur
1132 2926 1167 2971 a
1200 2907 1525 2989 peccandO,
1561 2906 1897 2970 secundum
1926 2906 2082 2970 illud
2115 2907 2245 2971 Iob.
2274 2906 2444 2971 XXI.
2476 2908 2578 2971 14.
2604 2905 2932 2970 scientiam
2963 2905 3211 2976 viarum

741 3015 993 3073 tuarum
1022 3008 1329 3073 nolumus,
1356 3010 1439 3074 Et
1475 3010 1626 3073 haec
1656 3009 1884 3074 dicitur
1911 3009 2266 3092 ignorantia
2296 3009 2592 3087 affectata
2615 3036 2677 3072 ».
2702 3010 2784 3073 Et
2813 3027 3029 3073 rursus
3059 3010 3118 3071 1.
3146 3009 3208 3071 2.

736 3134 796 3196 q.
838 3113 939 3177 76.
975 3132 1031 3176 a.
1067 3113 1165 3176 3.:
1199 3137 1235 3170 «
1266 3112 1409 3176 Alio
1457 3111 1641 3176 modo
1689 3113 1896 3194 potest
1942 3110 2005 3174 id
2043 3111 2397 3195 contingere
2444 3111 2638 3193 (quod
2683 3111 3040 3196 ignorantia
3084 3127 3208 3173 non
3293 3175 3311 3194 ‚

738 3218 1013 3300 excuset)
1051 3236 1123 3280 ex
1168 3218 1343 3298 parte
1392 3214 1585 3297 ipsius
1618 3214 2041 3298 ignorantiae3
2076 3213 2223 3296 quia
2255 3214 2490 3279 scilicet
2527 3215 2663 3298 ipsa
2709 3213 3068 3298 ignorantia
3116 3213 3211 3277 est

739 3318 1095 3382 voluntaria
1143 3318 1241 3381 vel
1287 3316 1534 3393 directe,
1571 3316 1734 3380 sicut
1780 3335 1922 3380 cum
1954 3315 2179 3399 aliquis
2211 3316 2486 3381 studiose
2525 3317 2664 3379 vult
2698 3316 2926 3380 nescire
2973 3314 3207 3397 aliqua,

739 3421 815 3482 ut
852 3419 1106 3482 liberius
1153 3420 1378 3500 peccet,
1414 3420 1512 3482 vel
1543 3418 1855 3495 indirecte,
1891 3419 2053 3482 sicut
2092 3439 2234 3482 cum
2267 3419 2492 3500 aliquis
2524 3421 2772 3501 propter
2802 3418 3081 3482 laborem
3113 3417 3212 3481 vel

741 3521 992 3601 propter
1039 3518 1195 3582 alias
1244 3519 1676 3601 occupationes
1724 3520 1990 3604 negligit
2036 3519 2342 3584 addiscere
2388 3519 2471 3596 id,
2505 3539 2612 3602 per
2657 3518 2822 3601 quod
2870 3539 2906 3584 a
2953 3521 3209 3602 peccato

740 3618 1158 3683 retraheretur
1189 3644 1250 3682 >›.

828 3720 909 3782 Et
954 3739 1186 3794 rursus,
1223 3719 1296 3782 de
1344 3719 1529 3782 lllalo
1576 3741 1633 3802 q.
1670 3722 1731 3784 3.
1770 3741 1824 3784 a.
1862 3722 1958 3785 8.:
2001 3746 2035 3779 «
2069 3722 2204 3786 Hoc
2237 3724 2448 3787 autem
2481 3721 2674 3805 (quod
2721 3721 3080 3807 ignorantia
3129 3722 3211 3787 sit

735 3822 1118 3905 voluntaria)
1152 3821 1461 3907 contingit
1494 3822 1847 3905 tripliciter:
1879 3824 1946 3886 1Ο
1979 3823 2226 3904 quidem
2262 3824 2506 3906 quando
2541 3823 2767 3905 aliquis
2807 3823 3036 3888 directe
3071 3825 3211 3888 vult

726 3925 1014 4011 ignorare
1047 3924 1371 3988 scientiam
1411 3924 1655 4002 salutis,
1690 3945 1764 3988 ne
1801 3925 2158 3989 retrahatur
2190 3945 2225 3990 a
2259 3928 2530 4009 peccatO,
2567 3925 2727 4008 quod
2765 3928 2937 3990 amat
2969 3952 3031 3990 ».

819 4029 1040 4110 Itaque
1074 4046 1196 4091 non
1223 4030 1315 4091 est
1349 4027 1659 4103 affectata,
1688 4027 1743 4090 si
1774 4027 1912 4109 quis
1951 4027 2191 4091 omittit
2214 4028 2624 4113 diligentiam,
2653 4028 2810 4111 quia·
2831 4030 3018 4112 putat
3051 4029 3211 4094 satis

731 4147 796 4192 se
828 4148 957 4192 rem
989 4147 1184 4202 nosse,
1220 4128 1367 4192 licet
1397 4129 1461 4191 in
1495 4129 1611 4192 hoc
1659 4131 1819 4192 erret
1851 4129 2245 4211 culpabiliter
2276 4150 2346 4194 ex
2378 4131 2763 4213 praecedenti
2795 4131 3203 4215 negligentia.

822 4227 961 4292 Non
997 4248 1140 4312 ergo
1174 4230 1529 4312 ignorantia
1570 4231 1858 4294 affectata
1908 4231 2219 4315 significat
2256 4233 2676 4317 ignorantiam
2715 4233 3101 4311 simulatam,
3136 4236 3212 4298 ut

736 4329 925 4393 dictio
983 4329 1295 4394 insinuare
1358 4334 1583 4413 posset,
1636 4330 1740 4395 sed
1802 4332 2223 4417 ignorantiam
2278 4333 2552 4400 studiose
2608 4336 2974 4417 quaesitam.
3027 4332 3212 4401 Certe

738 4430 888 4494 Pius
936 4430 1043 4494 VI.
1080 4431 1177 4512 (in
1226 4432 1456 4496 litteris
1503 4433 1590 4496 acl
1634 4432 2185 4514 Arcln'efflscopum
2230 4436 2623 4520 Praqensem
2675 4439 2775 4501 11.
2811 4436 2958 4501 Iulii
3009 4437 3208 4502 1789.

737 4530 933 4616 (latis)
966 4533 1148 4598 dicit:
1192 4561 1226 4592 ‹<
1259 4533 1617 4612 affectatum
1648 4536 2058 4602 communiter
2103 4538 2477 4623 intelligitur
2509 4538 2806 4623 quidquid
2839 4537 3209 4618 studiosiuS,
