3529 5158
341 385 486 461 [493]
523 402 694 448 QUAB
731 401 1167 443 Anvmn‘rssurm
1207 402 1583 444 xrzcmssAmA
1624 403 1709 442 AD
1749 403 2086 452 Paeonum,
2124 404 2660 444 mmmnm’a‘riva
2703 390 2811 443 465

340 499 524 563 tract.
566 500 667 562 10.
702 497 777 562 de
822 498 1144 563 Voluntar.
1180 498 1335 582 disp.
1373 502 1456 578 2.,
1492 521 1550 563 11.
1591 501 1722 564 16.;
1757 526 1793 558 «
1826 500 1985 565 Cum
2017 501 2506 578 interpretamur
2544 501 2814 582 aliquem

341 600 498 665 velle
533 600 838 679 omittere,
873 602 1278 684 supponimus
1313 603 1600 666 omittere
1648 602 2000 665 voluntarie
2031 600 2113 678 id,
2157 601 2234 664 ad
2267 601 2432 683 quod
2473 603 2720 665 tenetur
2751 628 2812 665 ».

341 702 424 765 Et
455 702 732 766 subdunt
764 723 821 766 n.
863 704 964 767 19.
992 704 1108 768 hoc
1133 705 1498 787 exemplum.
1526 704 1764 769 Volitio
1791 704 1975 768 realis
2009 702 2346 786 (formalis)
2375 703 2558 766 unius
2593 702 2815 767 obiecti

341 804 565 869 fundat
609 806 1146 889 interpretativam
1194 806 1615 890 (volitionem)
1654 807 1946 883 alterius3
1983 826 2038 869 v.
2089 825 2182 888 gr.
2234 824 2306 869 ex
2343 824 2414 869 eo
2463 803 2628 887 quod
2676 805 2815 886 quis

341 906 689 972 formaliter
715 909 866 972 velit
895 908 1105 972 ludere
1130 911 1425 992 tempore,
1453 928 1575 991 quo
1601 910 1786 992 urget
1811 908 2208 991 praeceptum
2234 906 2522 971 audiendi
2547 926 2813 985 sacrum,

341 1009 825 1092 interpretamur
857 1011 1011 1075 velle
1042 1031 1165 1076 non
1200 1012 1411 1075 audire
1444 1031 1688 1076 sacrum
1726 1037 1788 1074 ».

430 1113 638 1194 Atque
676 1114 817 1176 hinc
854 1116 967 1191 est,
1008 1114 1173 1195 quod
1205 1115 1309 1178 cit.
1352 1116 1535 1178 tract.
1576 1115 1675 1176 13.
1712 1112 1787 1175 de
1819 1112 2071 1176 Peccat.
2107 1112 2262 1194 disp.
2303 1112 2404 1175 10.
2448 1133 2507 1175 n.
2554 1113 2698 1175 144.
2736 1113 2814 1176 ad

343 1214 797 1280 advertentiam
819 1217 1358 1299 interpretativam
1383 1216 1852 1300 praerequirant
1877 1215 2330 1279 advertentiam
2355 1214 2680 1278 formalem
2705 1235 2815 1277 seu

342 1315 652 1380 actualem
670 1338 692 1395 ,·
723 1319 869 1400 quia
910 1338 1124 1401 nempe
1162 1338 1283 1383 non
1321 1319 1484 1383 esset
1520 1318 1876 1382 voluntaria
1909 1317 2382 1393 inadvertentia,
2418 1316 2537 1380 nisi
2585 1336 2815 1400 cogno-

343 1437 574 1483 scerem
600 1420 1045 1504 obligationem
1068 1421 1443 1485 advertendi.
1472 1422 1572 1484 Ita
1596 1421 1718 1484 illi:
1746 1444 1781 1478 ⁴<
1798 1419 2244 1484 Voluntarium
2266 1419 2815 1501 interpretativum

344 1523 755 1604 praerequirit
801 1524 1145 1607 potentiam
1184 1526 1248 1588 et
1279 1524 1752 1608 obligationem;
1787 1523 1945 1586 nulli
1992 1523 2156 1587 enim
2200 1521 2553 1604 imputatur
2594 1522 2666 1583 ut
2713 1540 2816 1586 vo-

344 1624 622 1688 luntaria
656 1627 906 1690 omissio
947 1629 1142 1703 actus,
1178 1646 1361 1709 quem
1398 1627 1587 1690 libere
1634 1626 1849 1689 elicere
1897 1643 2019 1688 non
2066 1625 2337 1706 potest...
2374 1621 2491 1686 Sed
2532 1621 2681 1686 dum
2728 1623 2818 1686 in-

346 1728 634 1794 tellectus
668 1731 906 1794 nullam
952 1732 1141 1796 habet
1180 1732 1503 1796 formalem
1540 1730 1908 1813 (actualem)
1946 1729 2417 1804 advertentiam,
2459 1747 2581 1792 non
2619 1729 2818 1792 verifi-

347 1833 545 1906 catur,
581 1832 744 1913 quod
785 1836 896 1897 aut
927 1835 1126 1917 possit
1154 1834 1343 1898 libere
1382 1833 1695 1897 advertere
1743 1833 1856 1896 aut
1893 1831 2059 1913 quod
2098 1831 2176 1894 ad
2206 1830 2268 1894 id
2307 1832 2613 1894 teneatur.
2649 1831 2813 1915 Ergo

348 1932 802 1998 inadvertentia
836 1935 922 1998 ibi
953 1938 1195 2018 reperta
1235 1954 1355 2000 non
1389 1938 1595 2018 potest
1626 1955 1755 1999 esse
1787 1934 2161 2010 voluntaria,
2190 1935 2380 2015 atque
2429 1931 2579 1997 adeo
2617 1953 2814 2014 neque

347 2034 461 2098 dici
495 2034 887 2100 advertentia
924 2038 1400 2116 interpretativa
1430 2065 1492 2100 ».
1533 2038 1764 2101 Eadem
1796 2037 1998 2120 legere
2031 2039 2125 2100 est
2165 2036 2229 2099 in
2266 2033 2551 2115 Theoloq.
2587 2034 2817 2098 morali

347 2138 678 2202 eorundem
727 2136 1085 2204 Salmantic.
1137 2142 1319 2204 tract.
1356 2142 1459 2204 20.
1501 2160 1633 2223 cap.
1681 2140 1783 2203 13.
1818 2159 1877 2202 n.
1925 2140 2005 2210 7.,
2040 2138 2148 2202 ubi
2176 2139 2327 2201 haec
2359 2138 2814 2203 transscribunt

350 2261 380 2305 e
416 2260 530 2306 suo
562 2262 748 2306 cursu
788 2243 1177 2322 scholastico,
1211 2264 1396 2326 quem
1434 2245 1729 2326 allegant.

436 2344 602 2428 Ergo
629 2345 1013 2409 advertentia
1037 2347 1160 2410 ista
1185 2346 1657 2428 interpretativa
1683 2349 1778 2408 est
1803 2344 1951 2427 quid
1977 2343 2399 2406 voluntarium
2424 2363 2495 2408 ac
2527 2343 2810 2408 liberum.

349 2447 560 2530 Neque
594 2447 654 2510 id
687 2447 936 2526 mirum,
963 2468 1105 2513 cum
1145 2448 1659 2512 Salmanticenses
1692 2448 1875 2511 tract.
1910 2447 2013 2510 cit.
2047 2448 2147 2509 10.
2175 2446 2248 2509 de
2292 2445 2537 2511 Volunt.
2566 2447 2720 2528 disp.
2754 2447 2811 2510 1.

350 2572 406 2615 n.
446 2550 547 2614 19.
585 2551 1011 2616 voluntarium
1044 2551 1584 2632 interpretativum
1616 2569 1725 2633 pro
1759 2549 1972 2615 eodem
2004 2547 2318 2629 definiant,
2355 2568 2426 2613 ac
2461 2568 2574 2615 nos
2607 2548 2817 2614 defini-

350 2656 551 2718 vimus
585 2653 976 2719 indirectum.

433 2752 615 2828 493.
648 2757 777 2821 Nec
810 2758 992 2822 aliter
1024 2757 1379 2842 Gazzaniga
1412 2758 1665 2841 (dignus
1696 2757 1821 2835 ille,
1857 2776 2040 2839 quem
2073 2755 2440 2820 Ianseniana
2474 2775 2545 2819 ac
2586 2756 2814 2821 Febro-

349 2861 532 2924 niana
578 2860 769 2924 factio
809 2861 925 2924 sub
973 2861 1232 2943 Iosepho
1272 2861 1354 2924 ΙΙ.
1389 2861 1453 2923 ’111
1491 2857 1910 2924 Professorem
1956 2859 2332 2944 Theologiae
2379 2858 2442 2922 in
2480 2859 2815 2923 Academia
2887 2902 2900 2911 -

347 2961 681 3027 Viennensi
713 2983 857 3045 prae
906 2964 1191 3028 omnibus
1238 2962 1521 3046 eligeret)
1554 2963 1711 3026 hanc
1744 2962 2194 3026 advertentiam
2243 2961 2458 3024 definit
2495 2960 2568 3023 de
2600 2961 2811 3023 Aetib.

348 3062 599 3129 human.
626 3065 782 3148 disp.
810 3067 869 3128 2.
899 3085 1029 3148 cap.
1060 3068 1120 3129 2.
1139 3086 1200 3128 n.
1228 3066 1363 3128 31.:
1399 3090 1433 3123 «
1457 3064 1841 3141 Notandum,
1869 3064 2091 3145 inquit,
2127 3062 2581 3126 advertentiam
2608 3066 2816 3125 actua-

347 3166 468 3231 lem
507 3170 657 3232 tunc
690 3187 838 3245 esse,
874 3167 1119 3249 quando
1154 3170 1299 3233 actu
1331 3167 1726 3251 cognoscitur
1758 3167 1887 3232 sive
1920 3166 2081 3229 clare
2114 3165 2242 3229 sive
2282 3165 2536 3228 obscure
2568 3164 2814 3227 malitia

348 3270 639 3348 actionis;
676 3269 1005 3333 virtualem
1037 3289 1180 3334 vero
1229 3290 1336 3333 seu
1388 3270 1923 3349 interpretativam
1954 3269 2017 3333 in
2064 3286 2135 3333 eo
2167 3287 2316 3346 esse,
2357 3268 2465 3349 qui
2498 3268 2705 3349 potest
2751 3268 2815 3331 et

349 3370 531 3434 debet
570 3373 877 3437 malitiam
911 3373 1109 3455 operis
1157 3391 1520 3456 cognoscere
1568 3376 1630 3436 et
1670 3373 2004 3451 advertere,
2040 3372 2144 3436 sed
2176 3390 2248 3435 ex
2276 3368 2662 3453 neylz‘yentia
2697 3389 2817 3433 sua

348 3470 651 3554 culpabo-'li
680 3476 827 3539 actu
857 3494 978 3538 non
1016 3474 1286 3539 advertit
1318 3500 1378 3539 ».

435 3575 594 3643 Cum
626 3596 772 3662 ergo
807 3578 1052 3642 nomine
1082 3576 1506 3641 advertentiae
1544 3577 1840 3642 virtualis
1875 3598 1985 3642 seu
2015 3578 2525 3659 interpretativae
2551 3577 2660 3641 alii
2683 3576 2815 3658 qui-

349 3679 487 3744 dem
520 3680 879 3764 intelligant
908 3680 1428 3744 inadvertentiam
1452 3701 1524 3745 ex
1556 3681 1865 3746 oblivione
1895 3682 2169 3746 naturali
2202 3684 2264 3745 et
2294 3681 2814 3746 inconsiderantia

348 3784 729 3867 inculpabili,
768 3784 875 3848 alii
908 3804 1050 3849 vero
1085 3783 1603 3848 inadvertentiam
1637 3804 1708 3847 ex
1738 3784 2293 3849 inconsideratione
2328 3804 2398 3847 ac
2435 3784 2816 3867 negligentia

349 3887 673 3969 culpabili;
701 3887 857 3950 nihil
882 3889 1109 3951 mirum
1136 3887 1248 3963 est,
1277 3885 1441 3967 quod
1466 3886 1771 3949 eiusmodi
1801 3885 2340 3967 interpretativam
2366 3882 2818 3946 advertentiam

350 3989 428 4053 ad
451 3992 774 4072 peccatum
799 3990 1077 4053 sufficere
1103 3989 1195 4053 illi
1220 3987 1470 4070 quidem
1496 3988 1740 4069 negent,
1783 3988 1888 4050 isti
1923 3989 2132 4049 autem
2160 3985 2493 4047 affirment.
2521 3983 2609 4046 At
2633 3983 2821 4047 simul

347 4093 753 4157 manifestum
778 4096 891 4169 est,
916 4112 1232 4175 perperam
1261 4092 1417 4154 alios
1444 4090 1584 4153 aliis
1610 4088 1806 4152 veluti
1832 4088 2176 4152 contrarios
2203 4085 2472 4159 traduci;
2491 4104 2638 4147 nam
2662 4083 2820 4148 duae

350 4194 494 4260 illae
541 4196 884 4260 sententiae
926 4195 1294 4259 amicissime
1339 4194 1688 4269 cohaerent,
1721 4192 1849 4255 imo
1899 4190 2098 4253 altera
2139 4189 2320 4252 alteri
2368 4186 2682 4251 innititur.

438 4295 619 4370 494.
671 4297 738 4362 Si
786 4301 997 4362 autem
1043 4299 1116 4361 de
1163 4316 1350 4362 causa
1396 4295 1785 4379 inquiramus
1831 4294 2018 4358 hujus
2065 4290 2461 4367 confusioni3‚
2507 4290 2584 4353 ob
2630 4308 2820 4371 quam

353 4403 558 4485 plures
597 4404 815 4466 contra
849 4420 1051 4464 aerem
1098 4404 1445 4485 pugnantes
1493 4402 1555 4465 et
1602 4401 1850 4481 tempus
1896 4396 2016 4479 ipsi
2063 4394 2371 4460 inutiliter
2416 4392 2728 4457 triverunt
2759 4396 2823 4455 et

351 4504 617 4569 inaniter
664 4504 925 4568 lectores
958 4502 1021 4564 in
1054 4521 1213 4566 vana
1260 4504 1619 4586 quaestione
1667 4499 2098 4576 detinuerunt3
2133 4499 2283 4561 haec
2330 4495 2593 4559 adscribi
2640 4512 2818 4577 posse

511 4644 800 4688 Batauum.
832 4667 884 4675 —
917 4643 1082 4685 Mor-al.
1114 4643 1247 4686 Torn.
1279 4642 1321 4685 Ι.
2600 4636 2655 4676 30
