3529 5158
945 385 1434 430 PROPOSITIONUM
1471 387 1917 428 DAMNATARUM.
1957 388 1997 426 A
2035 386 2136 427 P10
2175 387 2254 427 VI.
2687 387 2817 429 nvn

378 490 564 547 notet
610 487 800 546 velut
844 488 1127 547 abusum
1172 490 1596 549 auctoritatis
1644 488 2000 567 Ecclesiae,
2034 505 2230 549 usum
2269 489 2415 549 eins
2460 489 2816 564 potestatis

378 580 686 651 acceptae
731 593 772 635 a
815 577 978 654 Dec,
1028 594 1162 653 qua
1206 578 1313 638 usi
1359 581 1520 638 sunt
1559 581 1629 638 et
1676 578 1946 653 ipsimet
1989 578 2293 656 apostoli,
2343 578 2417 637 in
2464 577 2823 653 disciplina

378 665 705 725 exteriore
750 666 1222 727 constituenda
1267 670 1337 727 et
1383 667 1774 727 sancienda:

1406 757 1780 817 Haeretica.

467 929 525 987 5.
561 924 714 999 Qua
741 928 936 1001 parte
966 926 1285 1005 insinuat,
1319 927 1684 988 Ecclesiam
1717 943 1853 987 non
1885 928 2130 988 habere
2169 928 2638 988 auctoritatem
2670 927 2827 988 sub-

375 1014 680 1075 iectionis
734 1014 875 1075 suis
934 1015 1221 1077 decretis
1281 1017 1647 1093 exigendae
1703 1017 1899 1077 aliter
1945 1034 2146 1092 quam
2193 1034 2311 1092 per
2356 1016 2594 1095 media,
2643 1032 2816 1091 quae

377 1103 675 1179 pendent
719 1122 762 1165 a
804 1105 1267 1183 persuasione;

468 1192 811 1267 Quatenus
858 1194 1184 1272 intendat,
1228 1184 1590 1256 Ecclesiam
1635 1213 1762 1254 non
1810 1194 2031 1255 habere
2076 1195 2375 1255 collatam
2430 1194 2552 1254 sibi
2597 1212 2639 1251 a
2684 1192 2821 1253 Deo

364 1287 741 1358 potestatem
778 1302 904 1344 non
947 1284 1151 1344 solum
1196 1284 1512 1362 diriyendi
1546 1302 1669 1361 per
1699 1284 1968 1345 consilia
2013 1289 2072 1345 et
2101 1284 2444 1361 suasiones,
2477 1284 2584 1344 sed
2628 1282 2821 1342 etiam

376 1370 627 1432 iubendi
659 1390 783 1449 per
830 1374 984 1449 leyes
1027 1391 1103 1432 ac
1148 1373 1356 1434 devios
1387 1380 1894 1450 contumacesque
1929 1374 2235 1434 eaeteriore
2265 1373 2502 1433 iudwio
2535 1389 2609 1431 ac
2641 1373 2816 1431 salu-

377 1459 587 1520 bribus
620 1463 846 1538 poenis
883 1463 1200 1522 coercendi
1231 1468 1416 1539 atque
1451 1463 1723 1540 eoyendi.

464 1550 566 1609 Ex
613 1551 862 1611 Bened.
897 1551 1089 1611 XIV.
1128 1552 1200 1611 in
1229 1551 1419 1612 brevi
1452 1552 1561 1611 Ad
1597 1552 1890 1611 assiduas
1935 1553 2097 1611 anni
2147 1554 2340 1612 1755.
2386 1550 2816 1629 PrimatibuS,

376 1640 918 1716 Archiepiscopis
946 1644 1018 1701 et
1048 1640 1398 1717 Episcopis
1437 1640 1654 1716 Regni
1690 1641 1921 1700 Polou.

624 1728 959 1791 Inducens
990 1731 1060 1789 in
1092 1734 1384 1807 systema
1413 1730 1582 1790 alias
1611 1730 2000 1789 damnatum
2039 1733 2117 1788 ut
2150 1728 2575 1788 haereticum.

806 1996 992 2045 IURA
1028 1997 1407 2044 EPISOOPIS
1437 1997 1785 2044 PRAETER
1815 1996 1950 2044 FAS
1984 1996 2405 2044 ATTRIBUTA

731 2200 917 2260 Deer.
952 2201 1027 2259 de
1057 2201 1192 2260 ord.
1228 2200 1288 2278 ξ.
1330 2202 1435 2260 25.

461 2293 520 2351 6.
551 2290 877 2351 Doctrina
923 2288 1194 2367 Synodi,
1244 2306 1377 2364 qua
1413 2289 1782 2365 profitetur,
1812 2304 2189 2364 persuasum
2222 2288 2342 2347 sibi
2380 2305 2522 2365 esse,
2557 2287 2817 2365 Episco-

358 2397 515 2458 pum
547 2379 850 2456 accepisse
880 2396 922 2437 a
943 2376 1193 2438 Christo
1224 2378 1439 2437 omnia
1469 2378 1620 2437 iura
1652 2377 2006 2437 necessaria
2010 2396 2136 2455 pro
2161 2378 2318 2437 bono
2342 2378 2642 2454 reyimine
2666 2395 2817 2437 suae

369 2469 683 2544 dioecesis,
1380 2513 1390 2523 .

457 2558 750 2620 Perinde
793 2574 872 2619 ac
916 2557 973 2618 si
1018 2556 1105 2619 ad
1150 2557 1402 2617 bonum
1444 2557 1741 2634 regimen
1775 2556 2099 2633 cuiusque
2145 2557 2466 2620 dioecesis
2516 2573 2817 2620 necessa-

369 2649 508 2711 riae
553 2665 688 2709 non
733 2648 872 2708 sint
908 2648 1282 2723 superiores
1327 2646 1783 2708 ordinationes
1813 2649 2196 2721 spectantes
2228 2647 2372 2708 sive
2401 2647 2487 2708 ad
2521 2648 2716 2708 fidem
2751 2652 2820 2709 et

370 2755 602 2815 mores,
643 2738 789 2798 sive
818 2736 903 2796 ad
935 2737 1312 2813 generalem
1342 2736 1787 2814 disciplinam,
1822 2753 2103 2810 quarum
2140 2737 2247 2797 ius
2277 2742 2383 2799 est
2413 2754 2619 2814 penes
2642 2754 2819 2798 sum-

368 2844 508 2889 mos
556 2826 914 2888 Pontifices
959 2829 1030 2887 et
1075 2825 1376 2887 Concilia
1407 2826 1745 2902 generalia
1775 2842 1897 2900 pro
1948 2827 2261 2889 universa
2309 2827 2636 2888 Ecclesia:

1014 2915 1470 2994 Schismatica,
1510 2915 1596 2976 ad
1628 2915 1850 2976 minus
1885 2933 2182 2979 erronea.

460 3088 517 3145 7.
553 3085 728 3145 Item
772 3084 843 3143 in
888 3100 966 3144 eo
1010 3084 1190 3159 quod
1236 3085 1545 3145 hortatur
1591 3085 1998 3161 Episcopum
2046 3089 2130 3147 ad
2155 3090 2656 3163 prosequendam
2703 3107 2818 3147 na-

367 3175 525 3233 viter
575 3173 1018 3250 perfectiorem
1079 3174 1528 3234 ecclesiasticae
1591 3175 1965 3251 disciplinae
2025 3176 2531 3234 constitutionem
2589 3176 2813 3252 idque,

365 3269 588 3322 eontra
632 3280 842 3322 omnes
887 3263 1246 3322 contrarias
1299 3263 1792 3340 consuetud-ines,
1848 3262 2279 3338 eoeemptiones,
2337 3263 2812 3338 reservatione-s,

363 3367 520 3428 quae
550 3351 972 3411 adversantur
1002 3351 1158 3412 bono
1190 3353 1405 3412 ordini
1435 3351 1728 3411 dioecesis
1738 3370 1763 3424 ,·
1799 3350 2034 3409 maio-ri
2063 3349 2308 3426 aloriae
2338 3350 2464 3410 Dei
2496 3356 2554 3410 et
2579 3351 2814 3411 maiori

367 3441 1118 3518 wdffleationifldelium,

454 3531 586 3591 Per
615 3529 684 3590 id
718 3531 896 3605 quod
935 3531 1274 3607 supponit,
1309 3529 1641 3606 Episcopo
1678 3529 1781 3589 fas
1826 3544 1973 3589 esse
2016 3528 2288 3605 proprio
2321 3546 2441 3589 suo
2472 3530 2724 3591 iudicio
2746 3533 2817 3591 et

365 3619 697 3679 arbitratu
744 3623 1038 3679 statuere
1083 3623 1152 3680 et
1198 3620 1549 3680 decernere
1595 3622 1828 3680 contra
1871 3619 2414 3698 consuetudines,
2448 3620 2814 3696 exemptio-

366 3724 501 3786 nes,
550 3708 1058 3786 reservationes,
1108 3710 1253 3769 sive
1296 3725 1469 3784 quae
1503 3709 1575 3767 in
1608 3709 1928 3769 universa
1959 3709 2277 3788 Ecclesia,
2328 3710 2470 3770 sive
2501 3711 2705 3769 etiam
2739 3708 2814 3769 in

364 3813 767 3873 unaquaque
810 3797 1161 3875 provincia
1205 3799 1417 3858 locum
1470 3798 1739 3877 habent,
1775 3798 1827 3858 si
1840 3815 1922 3858 ue
1945 3797 2145 3857 venia
2175 3800 2245 3857 et
2277 3798 2672 3858 interventu
2704 3817 2815 3859 su-

364 3887 643 3961 perioris
688 3887 1135 3948 hierarchicae
1165 3886 1536 3966 potestatis,
1570 3905 1611 3947 a
1642 3905 1779 3964 qua
1808 3887 2122 3947 inductae
2153 3890 2315 3947 sunt
2345 3890 2466 3947 aut
2497 3886 2816 3962 probatae

364 3979 430 4036 et
478 3977 616 4038 vim
648 3975 819 4052 legis
850 3977 1189 4037 obtinent:

446 4066 786 4126 Inducens
833 4066 904 4126 in
960 4066 1247 4127 schisma
1304 4070 1372 4125 et
1426 4066 1930 4127 subversionem
1986 4064 2378 4125 hierarchici
2444 4063 2812 4142 regiminis,

364 4169 655 4217 erronea.

450 4319 508 4378 8.
558 4317 735 4376 Item
781 4317 959 4391 quod
1006 4322 1075 4377 et
1121 4316 1252 4376 sibi
1296 4333 1687 4392 persuasum
1731 4334 1878 4378 esse
1923 4317 2039 4396 ait,
2073 4318 2223 4377 iura
2260 4317 2562 4396 Episcopi
2592 4336 2630 4378 α
2660 4319 2808 4379 Iesu

368 4402 614 4465 Christo
663 4410 916 4482 accepta
949 4423 1077 4482 pro
1122 4405 1530 4482 gubernanda
1576 4405 1861 4466 Ecclesia
1907 4423 2016 4467 nee
2062 4408 2333 4467 alterari
2364 4426 2473 4469 nec
2519 4408 2815 4484 impediri

352 4511 532 4569 posse
591 4500 671 4570 et,
722 4494 833 4554 ubi
876 4494 1207 4571 eontiqerit
1253 4494 1475 4555 horum
1520 4495 1756 4555 iuriam
1807 4496 2173 4555 exercitium
2236 4498 2455 4572 quavis
2501 4497 2576 4557 de
2622 4513 2816 4558 causa

345 4581 552 4658 fuisse
596 4584 1051 4660 interruptum,
1075 4601 1262 4660 posse
1306 4601 1543 4659 semper
1588 4583 1969 4661 Episcopum
2003 4603 2077 4644 ac
2108 4585 2322 4645 debere
2351 4586 2420 4645 in
2452 4585 2809 4661 originaria
