3529 5158
344 357 494 433 [693]
790 375 1063 417 via-mam
1099 373 1438 415 ‘rizans-mss
1474 374 1595 414 PER
1634 373 1936 415 6661116116
1975 375 2037 416 m
2077 375 2366 417 monum
2708 365 2811 419 601

351 471 446 534 est
483 488 651 555 ergo,
692 489 850 552 quae
897 472 985 535 sic
1032 475 1358 557 aggravat,
1399 474 1471 535 ut
1517 489 1745 536 novam
1792 470 2054 554 speciem
2102 473 2508 537 constituat...
2561 478 2712 558 puta
2761 476 2812 540 si

353 572 576 655 aliquis
608 573 905 654 loquatur
937 574 1194 638 verbum
1227 576 1556 647 (otiosum)
1590 575 1888 651 iocosum,
1924 577 1997 637 ut
2037 577 2329 656 provocet
2368 575 2447 639 ad
2493 576 2811 641 libidinem

351 674 446 739 vel
480 674 557 738 ad
597 674 827 739 odium.
868 674 934 740 Si
967 676 1178 740 autem
1210 676 1298 740 sic
1330 680 1655 761 aggravat,
1696 676 1863 758 quod
1894 694 2015 741 non
2039 677 2385 741 constituat
2416 697 2643 743 novam
2683 700 2813 763 pec-

349 777 473 841 cati
520 778 803 861 speciem,
852 797 975 842 non
1022 780 1229 861 potest
1278 798 1620 863 aggravare
1666 779 1729 842 in
1779 778 2092 842 infinitum
2138 778 2417 843 faciendo
2464 779 2537 843 de
2585 782 2812 846 veniali

347 881 640 957 mortale;
677 883 822 964 quia
871 901 1107 966 semper
1151 884 1352 948 maior
1388 884 1483 947 est
1530 883 1828 967 gravitaS,
1863 901 2020 965 quae
2068 884 2162 947 est
2209 902 2280 947 ex
2327 885 2562 967 peccati
2609 885 2808 968 specie

346 1004 533 1067 quam
580 1003 737 1066 quae
785 988 879 1049 est
926 1005 997 1049 ex
1044 986 1511 1050 circumstantia
1560 985 1823 1067 speciem
1870 1004 1991 1049 non
2040 986 2458 1051 constituente
2496 1013 2556 1050 ».

435 1080 608 1155 692.
644 1086 883 1151 Auctor
919 1088 1190 1169 quinque
1235 1086 1451 1152 modos
1493 1088 1792 1171 assignat,
1834 1087 2059 1169 quibus
2092 1087 2330 1152 veniale
2365 1108 2470 1171 per
2509 1089 2806 1169 accidenS,

341 1186 501 1252 idest
533 1188 610 1252 ob
651 1189 1207 1265 circumstantiam,
1235 1208 1393 1272 quae
1419 1189 1590 1253 addit
1628 1207 1886 1273 gravem
1920 1188 2229 1253 malitiam
2254 1188 2532 1256 diversae
2564 1194 2806 1276 speciei,

340 1289 473 1354 fieri
509 1292 715 1373 potest
747 1291 1030 1356 mortale.
1066 1291 1238 1355 Adde
1269 1312 1341 1356 ex
1378 1290 1551 1376 Gury
1594 1292 1649 1374 ξ.
1697 1292 1843 1354 153.
1885 1291 2326 1356 conscientiam
2363 1313 2702 1359 erroneam.

430 1392 674 1457 Primae
720 1397 846 1457 tres
893 1395 1163 1458 rationes
1212 1393 1585 1458 sufficienter
1621 1393 1697 1457 ab
1730 1393 2001 1457 Auctore
2034 1398 2499 1477 proponuntur:
2536 1414 2657 1461 non
2691 1398 2803 1471 est,

339 1513 449 1559 cur
485 1495 722 1560 diutius
761 1495 846 1559 ibi
883 1497 1305 1561 immoremur.

431 1596 648 1676 Quoad
685 1600 1003 1678 quartum,
1037 1616 1236 1661 sermo
1270 1597 1513 1673 redibit,
1549 1597 1657 1661 ubi
1688 1596 1761 1660 de
1801 1595 2122 1661 Scandalo.

430 1697 648 1777 Quoad
689 1701 748 1761 5.
789 1700 1026 1762 Auctor
1055 1700 1253 1781 reipsa
1288 1699 1578 1782 proponit
1624 1697 1969 1762 doctrinam
2002 1698 2074 1763 de
2108 1700 2361 1764 vitanda
2395 1704 2672 1785 proxima
2712 1724 2806 1769 oc»-

337 1804 587 1867 casione
633 1802 871 1885 peccati
901 1803 1205 1868 mortalis,
1257 1822 1415 1884 quae
1460 1805 1667 1866 tamen
1709 1803 1970 1877 occasio,
2020 1804 2072 1867 si
2119 1823 2214 1868 res
2261 1805 2322 1868 in
2361 1825 2426 1870 se
2474 1809 2802 1889 spectetur,

336 1904 424 1968 sit
459 1905 708 1967 tantum
739 1907 1060 1986 peccatum
1092 1903 1330 1968 veniale
1362 1904 1474 1967 aut
1507 1922 1659 1986 opus
1697 1904 2065 1980 indifferens,
2093 1906 2191 1969 uti
2223 1909 2316 1970 est
2350 1927 2405 1970 v,
2441 1928 2533 1991 gr.
2561 1909 2805 1974 curiosa

330 2006 543 2081 lectiO,
579 2006 819 2070 curiosa
856 2006 1295 2081 confabulatiO,
1331 2006 1611 2070 curiosus
1644 2009 1929 2090 aspectus
1963 2009 2090 2072 sive
2125 2027 2524 2092 personarum
2559 2012 2687 2075 sive
2719 2013 2805 2094 pi-

330 2109 570 2177 cturae,
607 2106 800 2171 aditio
842 2108 1092 2181 theatri,
1127 2109 1382 2172 choreae
1421 2108 1565 2175 etc:
1602 2128 1759 2190 quae
1798 2111 2007 2174 tamen
2041 2111 2137 2174 vel
2168 2130 2241 2175 ex
2288 2129 2351 2174 se
2399 2112 2496 2174 vel
2544 2112 2804 2177 relative

332 2210 464 2274 sint
502 2211 741 2274 occasio
776 2210 1075 2293 proxima..
1110 2209 1285 2274 Unde
1317 2208 1584 2275 Sanc-hez
1612 2210 1852 2276 Moral.
1886 2212 1993 2276 lib.
2036 2214 2091 2275 1.
2127 2232 2258 2296 cap.
2297 2214 2355 2276 8.
2392 2234 2451 2277 11.
2492 2216 2548 2277 1.
2578 2215 2802 2280 thesim

332 2311 501 2376 hisce
532 2312 735 2376 verbis
770 2313 974 2377 effert:
1018 2337 1052 2371 «
1084 2312 1220 2376 Hac
1243 2314 1307 2377 in
1333 2332 1396 2377 re
1420 2314 1836 2378 certissimum
1869 2316 1983 2391 est,
2013 2333 2187 2397 opuS,
2216 2334 2287 2378 ex
2318 2334 2382 2380 se
2414 2316 2652 2380 veniale
2692 2320 2804 2382 aut

328 2413 700 2482 indifferens,
736 2416 797 2478 in
831 2416 1095 2479 mortale
1128 2415 1411 2494 transire,
1440 2416 1490 2479 si
1532 2435 1793 2498 operans
1820 2418 2127 2481 occasioni
2157 2418 2246 2481 ita
2279 2419 2595 2499 proximae
2627 2439 2803 2503 expo-

330 2520 545 2593 natur,
579 2519 652 2581 ut
683 2537 826 2582 eum
859 2519 922 2582 in
956 2516 1185 2581 morali
1213 2539 1285 2581 ac
1312 2520 1605 2598 proximo
1638 2519 1927 2602 peccandi
1972 2520 2323 2585 mortaliter
2363 2521 2633 2604 periculo
2666 2542 2804 2588 con-

330 2621 629 2685 stituat...
671 2621 845 2684 Tunc
878 2624 1087 2685 autem
1120 2622 1429 2706 contingit
1465 2622 1616 2686 haec
1652 2621 1910 2687 moralis
1957 2624 2235 2706 proxima
2269 2625 2508 2689 occasio
2549 2624 2646 2690 vel
2686 2627 2802 2691 hoc

331 2723 570 2788 morale
618 2724 967 2806 proximum
1016 2724 1379 2807 periculum,
1415 2724 1661 2807 quando
1695 2743 1767 2788 ex
1805 2743 1918 2790 suo
1960 2744 2181 2810 genere
2215 2728 2453 2791 occasio
2488 2728 2635 2793 talis
2684 2731 2796 2808 est,

326 2827 407 2889 ut
444 2827 793 2908 frequenter
824 2825 1102 2890 homines
1136 2826 1355 2890 similis
1380 2827 1749 2891 conditionis
1784 2827 1857 2890 ad
1895 2829 2215 2911 peccatum
2246 2829 2511 2894 mortale
2543 2830 2799 2896 inducat

326 2929 429 2992 vel
454 2930 867 3012 experimento
893 2930 1152 3007 constet,
1172 2930 1235 2993 in
1273 2931 1388 2993 hoc
1413 2930 1659 2995 homine
1692 2930 1884 2994 talem
1909 2931 2193 2994 effectum
2221 2931 2528 3008 habere...,
2545 2934 2708 2997 sicut
2744 2935 2798 2998 is

328 3031 605 3114 periculo
648 3030 856 3094 damni
888 3032 1249 3115 temporalis
1273 3033 1621 3097 incurrendi
1648 3033 1975 3115 exponitur
2006 3034 2114 3113 qui
2139 3033 2503 3116 aggreditur
2537 3053 2691 3115 opus
2726 3054 2795 3099 eo

323 3137 606 3216 tempore
639 3137 702 3198 et
737 3132 873 3198 loco
906 3137 969 3198 et
1001 3134 1234 3198 talibus
1267 3134 1770 3202 circumstantiis.
1799 3137 1872 3197 111
1905 3134 2004 3196 vix
2037 3133 2193 3196 illud
2218 3134 2515 3198 damnum
2541 3134 2796 3200 evadere

324 3237 541 3300 valeat
577 3262 638 3300 ».

422 3333 591 3407 693.
626 3338 895 3402 Additur
923 3340 1060 3402 11616
1097 3339 1400 3421 quaestio,
1439 3358 1514 3401 an
1550 3339 1825 3422 graviter
1873 3341 2078 3421 peccet
2111 3338 2235 3413 ille,
2271 3340 2410 3419 quis
2451 3358 2515 3402 se
2546 3341 2795 3422 exponit

320 3441 601 3525 periculo
628 3443 877 3506 tantum
889 3441 1214 3522 probabili
1243 3441 1532 3525 peccandi
1556 3441 1927 3506 mortaliter.
1955 3441 2037 3504 Et
2070 3461 2118 3505 s.
2146 3441 2329 3525 Alph.
2359 3463 2417 3506 n.
2448 3443 2550 3505 63.
2579 3444 2794 3508 contra

316 3544 502 3618 61106,
538 3563 694 3626 quos
733 3544 984 3627 allegat,
1020 3544 1188 3621 dicit,
1216 3545 1466 3607 omn-ino
1502 3542 1849 3610 tenendam.
1877 3544 2041 3626 quod
2073 3546 2350 3629 graviter
2381 3547 2588 3628 peccet
2610 3545 2794 3630 idque

314 3647 714 3712 sentiendum
747 3647 837 3711 ait
869 3666 1011 3710 cum
1042 3647 1481 3724 Busembaum,
1517 3646 1719 3719 Croix‚
1755 3647 2047 3723 Elizalde,
2082 3647 2391 3714 Cardenas
2423 3651 2486 3714 et
2519 3651 2677 3714 aliia.

413 3749 606 3814 Plane
637 3751 856 3815 fateor.
890 3770 1072 3833 penes
1110 3749 1419 3814 Cardenas
1468 3749 1640 3814 Cris-i
1674 3753 1729 3814 1.
1757 3751 1914 3834 disp.
1961 3752 2061 3815 18.
2097 3771 2229 3835 cap.
2260 3753 2319 3815 6.
2349 3754 2449 3817 vix
2473 3752 2792 3834 quidpiam

312 3852 559 3930 haberi,
610 3852 771 3935 quod
822 3872 945 3916 non
993 3854 1076 3916 sit
1124 3854 1352 3917 abusus
1400 3853 1653 3935 quidam
1708 3857 1847 3918 tum
1896 3854 2347 3918 auctoritatum
2396 3857 2532 3916 tum
2582 3855 2793 3935 aequi—

310 3955 746 4020 vocationum.

414 4059 516 4122 Ita
551 4059 834 4123 abutitur
867 4058 1067 4123 verbis
1116 4059 1311 4124 Lessii
1343 4059 1515 4141 (ibid.
1550 4080 1609 4123 n.
1647 4061 1784 4130 59.)
1815 4060 1922 4142 qui
1970 4059 2076 4122 lib.
2116 4060 2178 4122 4.
2214 4078 2344 4142 cap.
2381 4060 2442 4122 3.
2484 4079 2543 4122 n.
2580 4059 2685 4122 98.
2719 4060 2794 4122 de

308 4181 415 4238 60,
452 4162 561 4243 qui
598 4163 662 4226 in
709 4162 807 4226 sui
856 4162 1043 4226 officii
1082 4183 1139 4227 v.
1180 4183 1273 4246 gr.
1309 4163 1582 4247 chirurgi
1633 4163 1744 4225 aut
1791 4162 2146 4227 confessarii
2195 4165 2309 4226 etc.
2359 4161 2648 4226 exercitio
2682 4181 2792 4245 pa-

307 4264 525 4327 tiatur
572 4264 1001 4347 pollutionem,
1053 4264 1309 4342 dixerat,
1361 4283 1480 4328 non
1531 4264 1726 4328 teneri
1773 4264 1849 4327 ad
1896 4264 2366 4346 relinquendum
2408 4264 2681 4328 officium
2730 4267 2792 4328 et

304 4364 531 4430 addit:
576 4391 609 4424 ‹
644 4365 781 4430 Hoc
814 4368 1021 4430 tamen
1070 4367 1560 4451 intelligendum,
1602 4368 1655 4430 si
1688 4367 1853 4431 absit
1899 4365 2133 4428 morale
2173 4366 2516 4449 periculum
2547 4384 2793 4431 consen-

299 4486 492 4533 sus...
544 4466 610 4531 Si
657 4469 862 4532 subsit
908 4468 1138 4531 morale
1188 4469 1547 4552 periculum.
1583 4470 1673 4533 ita
1719 4472 1795 4533 ut
1841 4487 1963 4532 non
2011 4468 2298 4545 confidat,
2350 4488 2412 4532 se
2461 4470 2614 4533 satis
2663 4469 2790 4534 fore

296 4571 592 4646 firmum,
629 4571 877 4635 tenetur
907 4590 1156 4635 causam
1192 4573 1418 4647 vitare:
1456 4574 1780 4658 non-enim
1815 4573 1892 4637 ob
1931 4572 2128 4636 ullam
2162 4592 2291 4636 rem
2334 4575 2541 4655 potest
2573 4592 2637 4637 se
2667 4573 2792 4652 for·
