<?xml version="1.0" encoding="UTF-8"?>
<!DOCTYPE html PUBLIC "-//W3C//DTD XHTML 1.0 Transitional//EN"
    "http://www.w3.org/TR/xhtml1/DTD/xhtml1-transitional.dtd">
<html xmlns="http://www.w3.org/1999/xhtml" xml:lang="en" lang="en">
 <head>
  <title>
</title>
<meta http-equiv="Content-Type" content="text/html;charset=utf-8" />
  <meta name='ocr-system' content='tesseract 3.04.00' />
  <meta name='ocr-capabilities' content='ocr_page ocr_carea ocr_par ocr_line ocrx_word'/>
</head>
<body>
  <div class='ocr_page' id='page_1' title='image "./opustheologicum00palmgoog/opustheologicum00palmgoog_0660.png"; bbox 0 0 3529 5158; ppageno 0'>
   <div class='ocr_carea' id='block_1_1' title="bbox 371 349 2834 424">
    <p class='ocr_par' dir='ltr' id='par_1_1' title="bbox 371 349 2834 424">
     <span class='ocr_line' id='line_1_1' title="bbox 371 349 2834 424; baseline 0.002 -19"><span class='ocrx_word' id='word_1_1' title='bbox 371 349 514 424; x_wconf 86' lang='grc'><strong>[636]</strong></span> <span class='ocrx_word' id='word_1_2' title='bbox 604 366 618 381; x_wconf 89' lang='grc'><em>·</em></span> <span class='ocrx_word' id='word_1_3' title='bbox 683 365 805 406; x_wconf 64' lang='lat' dir='ltr'>uuo</span> <span class='ocrx_word' id='word_1_4' title='bbox 844 365 983 406; x_wconf 72' lang='lat' dir='ltr'>rc&#39;ru</span> <span class='ocrx_word' id='word_1_5' title='bbox 1022 365 1257 407; x_wconf 71' lang='lat' dir='ltr'>pnuams</span> <span class='ocrx_word' id='word_1_6' title='bbox 1295 365 1610 408; x_wconf 66' lang='lat' dir='ltr'>occmmw.</span> <span class='ocrx_word' id='word_1_7' title='bbox 1650 367 2019 410; x_wconf 63' lang='lat' dir='ltr'>nmaauaas</span> <span class='ocrx_word' id='word_1_8' title='bbox 2057 369 2357 410; x_wconf 60' lang='lat' dir='ltr'>sanamus</span> <span class='ocrx_word' id='word_1_9' title='bbox 2394 369 2524 411; x_wconf 77' lang='lat' dir='ltr'>me.</span> <span class='ocrx_word' id='word_1_10' title='bbox 2728 356 2834 410; x_wconf 78' lang='grc'>567</span> 
     </span>
    </p>
   </div>
   <div class='ocr_carea' id='block_1_2' title="bbox 367 456 2849 4641">
    <p class='ocr_par' dir='ltr' id='par_1_2' title="bbox 372 456 2843 953">
     <span class='ocr_line' id='line_1_2' title="bbox 461 456 2837 549; baseline 0 -18"><span class='ocrx_word' id='word_1_11' title='bbox 461 456 638 530; x_wconf 77' lang='lat'>834.</span> <span class='ocrx_word' id='word_1_12' title='bbox 678 462 967 526; x_wconf 74' lang='lat' dir='ltr'>Praestat</span> <span class='ocrx_word' id='word_1_13' title='bbox 999 462 1210 527; x_wconf 88' lang='lat' dir='ltr'>autem</span> <span class='ocrx_word' id='word_1_14' title='bbox 1241 463 1384 545; x_wconf 89' lang='lat' dir='ltr'>post</span> <span class='ocrx_word' id='word_1_15' title='bbox 1416 463 1767 546; x_wconf 83' lang='lat' dir='ltr'>expositum</span> <span class='ocrx_word' id='word_1_16' title='bbox 1799 465 2038 528; x_wconf 85' lang='lat' dir='ltr'>statum</span> <span class='ocrx_word' id='word_1_17' title='bbox 2071 466 2421 549; x_wconf 77' lang='lat' dir='ltr'>generalem</span> <span class='ocrx_word' id='word_1_18' title='bbox 2453 467 2837 547; x_wconf 76' lang='lat' dir='ltr'>quaestionis</span> 
     </span>
     <span class='ocr_line' id='line_1_3' title="bbox 372 564 2838 650; baseline 0.002 -21"><span class='ocrx_word' id='word_1_19' title='bbox 372 565 668 647; x_wconf 73' lang='lat' dir='ltr'>inspicere</span> <span class='ocrx_word' id='word_1_20' title='bbox 712 564 1041 629; x_wconf 89' lang='lat' dir='ltr'>nonnullas</span> <span class='ocrx_word' id='word_1_21' title='bbox 1089 565 1517 640; x_wconf 66' lang='lat' dir='ltr'>resolutiones„</span> <span class='ocrx_word' id='word_1_22' title='bbox 1553 586 1707 648; x_wconf 87' lang='lat' dir='ltr'>quas</span> <span class='ocrx_word' id='word_1_23' title='bbox 1755 567 2009 632; x_wconf 89' lang='lat' dir='ltr'>subiicit</span> <span class='ocrx_word' id='word_1_24' title='bbox 2044 587 2092 631; x_wconf 88' lang='lat' dir='ltr'>s.</span> <span class='ocrx_word' id='word_1_25' title='bbox 2127 567 2334 650; x_wconf 86' lang='lat' dir='ltr'>Alph.,</span> <span class='ocrx_word' id='word_1_26' title='bbox 2376 569 2451 631; x_wconf 88' lang='lat' dir='ltr'>ut</span> <span class='ocrx_word' id='word_1_27' title='bbox 2494 567 2838 646; x_wconf 81' lang='lat' dir='ltr'>videamus,</span> 
     </span>
     <span class='ocr_line' id='line_1_4' title="bbox 375 666 2842 752; baseline 0.001 -21"><span class='ocrx_word' id='word_1_28' title='bbox 375 687 453 731; x_wconf 90' lang='lat' dir='ltr'>an</span> <span class='ocrx_word' id='word_1_29' title='bbox 483 666 896 731; x_wconf 90' lang='lat' dir='ltr'>necessarium</span> <span class='ocrx_word' id='word_1_30' title='bbox 927 666 1013 730; x_wconf 88' lang='lat' dir='ltr'>sit</span> <span class='ocrx_word' id='word_1_31' title='bbox 1042 667 1168 731; x_wconf 87' lang='lat' dir='ltr'>illis</span> <span class='ocrx_word' id='word_1_32' title='bbox 1200 667 1547 732; x_wconf 87' lang='lat' dir='ltr'>adhaerere.</span> <span class='ocrx_word' id='word_1_33' title='bbox 1583 668 1815 752; x_wconf 84' lang='lat' dir='ltr'>Agitur</span> <span class='ocrx_word' id='word_1_34' title='bbox 1860 669 2045 747; x_wconf 88' lang='lat' dir='ltr'>enim,</span> <span class='ocrx_word' id='word_1_35' title='bbox 2082 688 2159 733; x_wconf 92' lang='lat' dir='ltr'>an</span> <span class='ocrx_word' id='word_1_36' title='bbox 2198 670 2441 734; x_wconf 89' lang='lat' dir='ltr'>constet</span> <span class='ocrx_word' id='word_1_37' title='bbox 2481 669 2554 735; x_wconf 90' lang='lat' dir='ltr'>de</span> <span class='ocrx_word' id='word_1_38' title='bbox 2587 670 2842 735; x_wconf 86' lang='lat' dir='ltr'>necessi-</span> 
     </span>
     <span class='ocr_line' id='line_1_5' title="bbox 376 769 2843 856; baseline 0.002 -23"><span class='ocrx_word' id='word_1_39' title='bbox 376 771 505 833; x_wconf 78' lang='lat' dir='ltr'>tate</span> <span class='ocrx_word' id='word_1_40' title='bbox 557 769 933 852; x_wconf 83' lang='lat' dir='ltr'>exprimendi</span> <span class='ocrx_word' id='word_1_41' title='bbox 978 769 1130 833; x_wconf 88' lang='lat' dir='ltr'>haec</span> <span class='ocrx_word' id='word_1_42' title='bbox 1180 769 1246 833; x_wconf 92' lang='lat' dir='ltr'>in</span> <span class='ocrx_word' id='word_1_43' title='bbox 1299 769 1699 847; x_wconf 88' lang='lat' dir='ltr'>confessione,</span> <span class='ocrx_word' id='word_1_44' title='bbox 1751 774 1940 853; x_wconf 72' lang='lat' dir='ltr'>atque</span> <span class='ocrx_word' id='word_1_45' title='bbox 1996 772 2147 836; x_wconf 88' lang='lat' dir='ltr'>adeo</span> <span class='ocrx_word' id='word_1_46' title='bbox 2204 772 2629 856; x_wconf 87' lang='lat' dir='ltr'>interrogandi</span> <span class='ocrx_word' id='word_1_47' title='bbox 2682 774 2843 837; x_wconf 90' lang='lat' dir='ltr'>circa</span> 
     </span>
     <span class='ocr_line' id='line_1_6' title="bbox 374 871 1036 953; baseline -0.003 -16"><span class='ocrx_word' id='word_1_48' title='bbox 374 871 586 937; x_wconf 87' lang='lat' dir='ltr'>eadem</span> <span class='ocrx_word' id='word_1_49' title='bbox 631 871 1036 953; x_wconf 90' lang='lat' dir='ltr'>poenitentes.</span> 
     </span>
    </p>

    <p class='ocr_par' dir='ltr' id='par_1_3' title="bbox 372 973 2839 1245">
     <span class='ocr_line' id='line_1_7' title="bbox 461 973 2839 1059; baseline 0.001 -20"><span class='ocrx_word' id='word_1_50' title='bbox 461 973 561 1039; x_wconf 88' lang='lat' dir='ltr'>Sic</span> <span class='ocrx_word' id='word_1_51' title='bbox 592 993 738 1059; x_wconf 90' lang='lat' dir='ltr'>ergo</span> <span class='ocrx_word' id='word_1_52' title='bbox 772 994 820 1039; x_wconf 90' lang='lat' dir='ltr'>s.</span> <span class='ocrx_word' id='word_1_53' title='bbox 840 975 1197 1058; x_wconf 87' lang='lat' dir='ltr'>Alphonsus</span> <span class='ocrx_word' id='word_1_54' title='bbox 1227 977 1335 1041; x_wconf 93' lang='lat' dir='ltr'>lib.</span> <span class='ocrx_word' id='word_1_55' title='bbox 1366 978 1425 1040; x_wconf 88' lang='lat'>5.</span> <span class='ocrx_word' id='word_1_56' title='bbox 1453 997 1513 1041; x_wconf 92' lang='lat' dir='ltr'>n.</span> <span class='ocrx_word' id='word_1_57' title='bbox 1552 977 1695 1040; x_wconf 88' lang='lat'><strong>46..</strong></span> <span class='ocrx_word' id='word_1_58' title='bbox 1681 999 1695 1012; x_wconf 92' lang='lat'><strong>·</strong></span> <span class='ocrx_word' id='word_1_59' title='bbox 1731 1000 1766 1034; x_wconf 86' lang='lat'><strong>«</strong></span> <span class='ocrx_word' id='word_1_60' title='bbox 1794 976 1956 1041; x_wconf 89' lang='lat' dir='ltr'>Hinc</span> <span class='ocrx_word' id='word_1_61' title='bbox 1985 976 2267 1054; x_wconf 85' lang='lat' dir='ltr'>infertur,</span> <span class='ocrx_word' id='word_1_62' title='bbox 2302 976 2547 1041; x_wconf 85' lang='lat' dir='ltr'>diversa</span> <span class='ocrx_word' id='word_1_63' title='bbox 2583 995 2839 1042; x_wconf 91' lang='lat' dir='ltr'>numero</span> 
     </span>
     <span class='ocr_line' id='line_1_8' title="bbox 373 1070 2840 1162; baseline 0.001 -21"><span class='ocrx_word' id='word_1_64' title='bbox 373 1079 621 1161; x_wconf 89' lang='lat' dir='ltr'>peccata</span> <span class='ocrx_word' id='word_1_65' title='bbox 659 1078 1047 1142; x_wconf 78' lang='lat' dir='ltr'>committere</span> <span class='ocrx_word' id='word_1_66' title='bbox 1077 1098 1240 1157; x_wconf 91' lang='lat' dir='ltr'>eum,</span> <span class='ocrx_word' id='word_1_67' title='bbox 1275 1079 1384 1160; x_wconf 93' lang='lat' dir='ltr'>qui</span> <span class='ocrx_word' id='word_1_68' title='bbox 1414 1098 1538 1144; x_wconf 92' lang='lat' dir='ltr'>uno</span> <span class='ocrx_word' id='word_1_69' title='bbox 1574 1079 1705 1143; x_wconf 90' lang='lat' dir='ltr'>ictu</span> <span class='ocrx_word' id='word_1_70' title='bbox 1736 1078 1943 1160; x_wconf 89' lang='lat' dir='ltr'>plures</span> <span class='ocrx_word' id='word_1_71' title='bbox 1981 1070 2291 1143; x_wconf 90' lang='lat' dir='ltr'>homines</span> <span class='ocrx_word' id='word_1_72' title='bbox 2294 1079 2536 1157; x_wconf 89' lang='lat' dir='ltr'>occidit,</span> <span class='ocrx_word' id='word_1_73' title='bbox 2572 1079 2670 1144; x_wconf 91' lang='lat' dir='ltr'>vel</span> <span class='ocrx_word' id='word_1_74' title='bbox 2706 1080 2840 1162; x_wconf 91' lang='lat' dir='ltr'>plu-</span> 
     </span>
     <span class='ocr_line' id='line_1_9' title="bbox 372 1180 942 1245; baseline -0.002 0"><span class='ocrx_word' id='word_1_75' title='bbox 372 1182 540 1245; x_wconf 90' lang='lat' dir='ltr'>ribus</span> <span class='ocrx_word' id='word_1_76' title='bbox 577 1180 849 1245; x_wconf 81' lang='lat' dir='ltr'>detrahit</span> <span class='ocrx_word' id='word_1_77' title='bbox 880 1205 942 1244; x_wconf 84' lang='lat'>».</span> 
     </span>
    </p>

    <p class='ocr_par' dir='ltr' id='par_1_4' title="bbox 369 1282 2839 1774">
     <span class='ocr_line' id='line_1_10' title="bbox 456 1282 2838 1366; baseline -0 -19"><span class='ocrx_word' id='word_1_78' title='bbox 456 1283 650 1347; x_wconf 87' lang='lat' dir='ltr'>Porro</span> <span class='ocrx_word' id='word_1_79' title='bbox 688 1282 797 1363; x_wconf 90' lang='lat' dir='ltr'>qui</span> <span class='ocrx_word' id='word_1_80' title='bbox 844 1300 969 1355; x_wconf 83' lang='grc'><strong>11011</strong></span> <span class='ocrx_word' id='word_1_81' title='bbox 1013 1282 1295 1347; x_wconf 81' lang='lat' dir='ltr'>admittit</span> <span class='ocrx_word' id='word_1_82' title='bbox 1342 1283 1750 1366; x_wconf 80' lang='lat' dir='ltr'>praemissam</span> <span class='ocrx_word' id='word_1_83' title='bbox 1797 1282 2148 1366; x_wconf 87' lang='lat' dir='ltr'>generalem</span> <span class='ocrx_word' id='word_1_84' title='bbox 2195 1283 2562 1361; x_wconf 80' lang='lat' dir='ltr'>doctrinam,</span> <span class='ocrx_word' id='word_1_85' title='bbox 2601 1303 2678 1347; x_wconf 90' lang='lat' dir='ltr'>ne</span> <span class='ocrx_word' id='word_1_86' title='bbox 2723 1283 2838 1347; x_wconf 89' lang='lat' dir='ltr'>has</span> 
     </span>
     <span class='ocr_line' id='line_1_11' title="bbox 370 1384 2835 1468; baseline 0 -18"><span class='ocrx_word' id='word_1_87' title='bbox 370 1385 618 1468; x_wconf 90' lang='lat' dir='ltr'>quidem</span> <span class='ocrx_word' id='word_1_88' title='bbox 641 1385 1062 1450; x_wconf 82' lang='lat' dir='ltr'>conclusiones</span> <span class='ocrx_word' id='word_1_89' title='bbox 1085 1385 1396 1450; x_wconf 86' lang='lat' dir='ltr'>admittet.</span> <span class='ocrx_word' id='word_1_90' title='bbox 1424 1385 1509 1449; x_wconf 87' lang='lat' dir='ltr'>Et</span> <span class='ocrx_word' id='word_1_91' title='bbox 1538 1384 1745 1467; x_wconf 88' lang='lat' dir='ltr'>quoad</span> <span class='ocrx_word' id='word_1_92' title='bbox 1779 1385 2145 1450; x_wconf 89' lang='lat' dir='ltr'>occisionem</span> <span class='ocrx_word' id='word_1_93' title='bbox 2184 1385 2460 1468; x_wconf 90' lang='lat' dir='ltr'>plurium</span> <span class='ocrx_word' id='word_1_94' title='bbox 2489 1386 2835 1461; x_wconf 88' lang='lat' dir='ltr'>hominum,</span> 
     </span>
     <span class='ocr_line' id='line_1_12' title="bbox 369 1480 2839 1572; baseline 0 -20"><span class='ocrx_word' id='word_1_95' title='bbox 369 1489 572 1552; x_wconf 89' lang='lat' dir='ltr'>minus</span> <span class='ocrx_word' id='word_1_96' title='bbox 605 1488 725 1553; x_wconf 87' lang='lat' dir='ltr'>erit</span> <span class='ocrx_word' id='word_1_97' title='bbox 754 1487 1162 1565; x_wconf 79' lang='lat' dir='ltr'>difficultatis,</span> <span class='ocrx_word' id='word_1_98' title='bbox 1199 1488 1337 1552; x_wconf 90' lang='lat' dir='ltr'>tum</span> <span class='ocrx_word' id='word_1_99' title='bbox 1375 1488 1523 1569; x_wconf 88' lang='lat' dir='ltr'>quia</span> <span class='ocrx_word' id='word_1_100' title='bbox 1556 1506 1736 1551; x_wconf 88' lang='lat' dir='ltr'>rarus</span> <span class='ocrx_word' id='word_1_101' title='bbox 1775 1487 1894 1552; x_wconf 89' lang='lat' dir='ltr'>erit</span> <span class='ocrx_word' id='word_1_102' title='bbox 1925 1487 2024 1552; x_wconf 89' lang='lat' dir='ltr'>hic</span> <span class='ocrx_word' id='word_1_103' title='bbox 2061 1506 2262 1564; x_wconf 87' lang='grc'><strong>033113,</strong></span> <span class='ocrx_word' id='word_1_104' title='bbox 2303 1488 2452 1569; x_wconf 87' lang='grc'><strong>(11131</strong></span> <span class='ocrx_word' id='word_1_105' title='bbox 2490 1480 2718 1572; x_wconf 83' lang='lat' dir='ltr'>a‘gatur</span> <span class='ocrx_word' id='word_1_106' title='bbox 2764 1488 2839 1552; x_wconf 92' lang='lat' dir='ltr'>de</span> 
     </span>
     <span class='ocr_line' id='line_1_13' title="bbox 370 1589 2838 1674; baseline -0.001 -20"><span class='ocrx_word' id='word_1_107' title='bbox 370 1592 501 1656; x_wconf 92' lang='lat' dir='ltr'>solo</span> <span class='ocrx_word' id='word_1_108' title='bbox 550 1590 848 1656; x_wconf 89' lang='lat' dir='ltr'>desiderio</span> <span class='ocrx_word' id='word_1_109' title='bbox 884 1611 941 1654; x_wconf 87' lang='lat' dir='ltr'>v.</span> <span class='ocrx_word' id='word_1_110' title='bbox 975 1610 1067 1673; x_wconf 91' lang='lat' dir='ltr'>gr.</span> <span class='ocrx_word' id='word_1_111' title='bbox 1105 1590 1432 1655; x_wconf 79' lang='lat' dir='ltr'>occidendi</span> <span class='ocrx_word' id='word_1_112' title='bbox 1463 1591 1669 1653; x_wconf 89' lang='lat' dir='ltr'>totam</span> <span class='ocrx_word' id='word_1_113' title='bbox 1717 1589 2024 1653; x_wconf 88' lang='lat' dir='ltr'>familiam</span> <span class='ocrx_word' id='word_1_114' title='bbox 2069 1590 2436 1674; x_wconf 90' lang='lat' dir='ltr'>inimicam),</span> <span class='ocrx_word' id='word_1_115' title='bbox 2486 1591 2624 1653; x_wconf 90' lang='lat' dir='ltr'>tum</span> <span class='ocrx_word' id='word_1_116' title='bbox 2671 1590 2838 1672; x_wconf 90' lang='lat' dir='ltr'>quia,</span> 
     </span>
     <span class='ocr_line' id='line_1_14' title="bbox 369 1689 2191 1774; baseline -0.002 -17"><span class='ocrx_word' id='word_1_117' title='bbox 369 1694 423 1757; x_wconf 89' lang='lat' dir='ltr'>si</span> <span class='ocrx_word' id='word_1_118' title='bbox 459 1693 600 1774; x_wconf 87' lang='lat' dir='ltr'>quis</span> <span class='ocrx_word' id='word_1_119' title='bbox 633 1692 876 1768; x_wconf 87' lang='lat' dir='ltr'>occidit,</span> <span class='ocrx_word' id='word_1_120' title='bbox 910 1693 1129 1773; x_wconf 90' lang='lat' dir='ltr'>sponte</span> <span class='ocrx_word' id='word_1_121' title='bbox 1160 1690 1340 1767; x_wconf 86' lang='lat' dir='ltr'>dicet,</span> <span class='ocrx_word' id='word_1_122' title='bbox 1375 1692 1532 1771; x_wconf 92' lang='lat' dir='ltr'>quot</span> <span class='ocrx_word' id='word_1_123' title='bbox 1562 1690 1843 1754; x_wconf 88' lang='lat' dir='ltr'>homines</span> <span class='ocrx_word' id='word_1_124' title='bbox 1883 1689 2191 1755; x_wconf 89' lang='lat' dir='ltr'>occiderit.</span> 
     </span>
    </p>

    <p class='ocr_par' dir='ltr' id='par_1_5' title="bbox 367 1790 2842 2987">
     <span class='ocr_line' id='line_1_15' title="bbox 462 1790 2838 1875; baseline -0.004 -10"><span class='ocrx_word' id='word_1_125' title='bbox 462 1790 637 1864; x_wconf 77' lang='lat'>835.</span> <span class='ocrx_word' id='word_1_126' title='bbox 664 1794 752 1857; x_wconf 85' lang='lat' dir='ltr'>At</span> <span class='ocrx_word' id='word_1_127' title='bbox 774 1792 1026 1875; x_wconf 88' lang='lat' dir='ltr'>gravior</span> <span class='ocrx_word' id='word_1_128' title='bbox 1050 1794 1145 1855; x_wconf 89' lang='lat' dir='ltr'>est</span> <span class='ocrx_word' id='word_1_129' title='bbox 1168 1810 1348 1856; x_wconf 88' lang='lat' dir='ltr'>casus</span> <span class='ocrx_word' id='word_1_130' title='bbox 1381 1791 1587 1873; x_wconf 88' lang='lat' dir='ltr'>quoad</span> <span class='ocrx_word' id='word_1_131' title='bbox 1624 1791 2072 1857; x_wconf 88' lang='lat' dir='ltr'>detractionem</span> <span class='ocrx_word' id='word_1_132' title='bbox 2094 1817 2108 1868; x_wconf 90' lang='lat'><strong>;</strong></span> <span class='ocrx_word' id='word_1_133' title='bbox 2137 1792 2211 1856; x_wconf 91' lang='lat' dir='ltr'>de</span> <span class='ocrx_word' id='word_1_134' title='bbox 2242 1811 2365 1873; x_wconf 93' lang='lat' dir='ltr'>quo</span> <span class='ocrx_word' id='word_1_135' title='bbox 2404 1811 2554 1857; x_wconf 89' lang='lat' dir='ltr'>casu</span> <span class='ocrx_word' id='word_1_136' title='bbox 2577 1812 2626 1857; x_wconf 90' lang='lat' dir='ltr'>s.</span> <span class='ocrx_word' id='word_1_137' title='bbox 2653 1793 2838 1875; x_wconf 89' lang='lat' dir='ltr'>Alph.</span> 
     </span>
     <span class='ocr_line' id='line_1_16' title="bbox 370 1893 2839 1975; baseline -0 -14"><span class='ocrx_word' id='word_1_138' title='bbox 370 1896 610 1961; x_wconf 89' lang='lat' dir='ltr'>subdit:</span> <span class='ocrx_word' id='word_1_139' title='bbox 638 1920 672 1954; x_wconf 84' lang='lat'><strong>«</strong></span> <span class='ocrx_word' id='word_1_140' title='bbox 698 1895 872 1959; x_wconf 89' lang='lat' dir='ltr'>Idem</span> <span class='ocrx_word' id='word_1_141' title='bbox 902 1893 1246 1971; x_wconf 89' lang='lat' dir='ltr'>dicendum,</span> <span class='ocrx_word' id='word_1_142' title='bbox 1273 1894 1327 1957; x_wconf 91' lang='lat' dir='ltr'>si</span> <span class='ocrx_word' id='word_1_143' title='bbox 1358 1894 1467 1975; x_wconf 91' lang='lat' dir='ltr'>qui</span> <span class='ocrx_word' id='word_1_144' title='bbox 1499 1894 1829 1959; x_wconf 86' lang='lat' dir='ltr'>intendit...</span> <span class='ocrx_word' id='word_1_145' title='bbox 1862 1893 2166 1959; x_wconf 87' lang='lat' dir='ltr'>infamare</span> <span class='ocrx_word' id='word_1_146' title='bbox 2197 1896 2402 1959; x_wconf 88' lang='lat' dir='ltr'>totam</span> <span class='ocrx_word' id='word_1_147' title='bbox 2440 1895 2745 1960; x_wconf 85' lang='lat' dir='ltr'>familiam</span> <span class='ocrx_word' id='word_1_148' title='bbox 2777 1920 2839 1960; x_wconf 83' lang='lat'>».</span> 
     </span>
     <span class='ocr_line' id='line_1_17' title="bbox 368 1996 2842 2082; baseline -0 -19"><span class='ocrx_word' id='word_1_149' title='bbox 368 1998 530 2063; x_wconf 86' lang='lat' dir='ltr'>Cum</span> <span class='ocrx_word' id='word_1_150' title='bbox 578 1997 980 2062; x_wconf 87' lang='lat' dir='ltr'>detractionis</span> <span class='ocrx_word' id='word_1_151' title='bbox 1013 2016 1193 2060; x_wconf 89' lang='lat' dir='ltr'>casus</span> <span class='ocrx_word' id='word_1_152' title='bbox 1225 2015 1346 2061; x_wconf 92' lang='lat' dir='ltr'>non</span> <span class='ocrx_word' id='word_1_153' title='bbox 1380 1996 1463 2060; x_wconf 89' lang='lat' dir='ltr'>sit</span> <span class='ocrx_word' id='word_1_154' title='bbox 1492 2016 1692 2074; x_wconf 90' lang='lat' dir='ltr'>rarus,</span> <span class='ocrx_word' id='word_1_155' title='bbox 1719 2014 1899 2061; x_wconf 88' lang='lat' dir='ltr'>nosse</span> <span class='ocrx_word' id='word_1_156' title='bbox 1923 1996 2073 2060; x_wconf 88' lang='lat' dir='ltr'>bene</span> <span class='ocrx_word' id='word_1_157' title='bbox 2107 1998 2370 2080; x_wconf 87' lang='lat' dir='ltr'>oportet,</span> <span class='ocrx_word' id='word_1_158' title='bbox 2395 1997 2842 2082; x_wconf 88' lang='lat' dir='ltr'>obligationem</span> 
     </span>
     <span class='ocr_line' id='line_1_18' title="bbox 367 2099 2842 2183; baseline -0 -19"><span class='ocrx_word' id='word_1_159' title='bbox 367 2100 746 2183; x_wconf 82' lang='lat' dir='ltr'>exprimendi</span> <span class='ocrx_word' id='word_1_160' title='bbox 775 2119 1104 2164; x_wconf 89' lang='lat' dir='ltr'>numerum</span> <span class='ocrx_word' id='word_1_161' title='bbox 1144 2117 1548 2182; x_wconf 89' lang='lat' dir='ltr'>personarum</span> <span class='ocrx_word' id='word_1_162' title='bbox 1597 2099 1673 2162; x_wconf 90' lang='lat' dir='ltr'>ab</span> <span class='ocrx_word' id='word_1_163' title='bbox 1722 2099 2008 2181; x_wconf 87' lang='lat' dir='ltr'>opposita</span> <span class='ocrx_word' id='word_1_164' title='bbox 2055 2100 2359 2164; x_wconf 90' lang='lat' dir='ltr'>sententia</span> <span class='ocrx_word' id='word_1_165' title='bbox 2406 2099 2621 2183; x_wconf 89' lang='lat' dir='ltr'>negari</span> <span class='ocrx_word' id='word_1_166' title='bbox 2653 2102 2842 2182; x_wconf 88' lang='lat' dir='ltr'>atque</span> 
     </span>
     <span class='ocr_line' id='line_1_19' title="bbox 370 2188 2839 2287; baseline 0 -19"><span class='ocrx_word' id='word_1_167' title='bbox 370 2203 519 2268; x_wconf 90' lang='lat' dir='ltr'>adeo</span> <span class='ocrx_word' id='word_1_168' title='bbox 568 2222 678 2268; x_wconf 90' lang='lat' dir='ltr'>nec</span> <span class='ocrx_word' id='word_1_169' title='bbox 710 2188 959 2285; x_wconf 80' lang='lat' dir='ltr'>probari</span> <span class='ocrx_word' id='word_1_170' title='bbox 1007 2200 1453 2284; x_wconf 83' lang='lat' dir='ltr'>obligationem</span> <span class='ocrx_word' id='word_1_171' title='bbox 1499 2201 1922 2284; x_wconf 86' lang='lat' dir='ltr'>interrogandi</span> <span class='ocrx_word' id='word_1_172' title='bbox 1969 2201 2033 2265; x_wconf 93' lang='lat' dir='ltr'>in</span> <span class='ocrx_word' id='word_1_173' title='bbox 2072 2199 2480 2267; x_wconf 88' lang='lat' dir='ltr'>Confessario.</span> <span class='ocrx_word' id='word_1_174' title='bbox 2516 2200 2616 2266; x_wconf 89' lang='lat' dir='ltr'>Sic</span> <span class='ocrx_word' id='word_1_175' title='bbox 2660 2202 2839 2287; x_wconf 88' lang='lat' dir='ltr'>Lugo</span> 
     </span>
     <span class='ocr_line' id='line_1_20' title="bbox 369 2302 2842 2388; baseline -0 -18"><span class='ocrx_word' id='word_1_176' title='bbox 369 2306 521 2388; x_wconf 88' lang='lat' dir='ltr'>disp.</span> <span class='ocrx_word' id='word_1_177' title='bbox 562 2305 664 2368; x_wconf 87' lang='lat'>16.</span> <span class='ocrx_word' id='word_1_178' title='bbox 699 2326 759 2368; x_wconf 91' lang='lat' dir='ltr'>n.</span> <span class='ocrx_word' id='word_1_179' title='bbox 799 2306 969 2369; x_wconf 83' lang='lat'>135.:</span> <span class='ocrx_word' id='word_1_180' title='bbox 989 2328 1024 2363; x_wconf 85' lang='lat'><strong>«</strong></span> <span class='ocrx_word' id='word_1_181' title='bbox 1057 2305 1130 2368; x_wconf 85' lang='lat' dir='ltr'>In</span> <span class='ocrx_word' id='word_1_182' title='bbox 1155 2306 1406 2387; x_wconf 87' lang='lat' dir='ltr'>peccato</span> <span class='ocrx_word' id='word_1_183' title='bbox 1441 2302 1843 2368; x_wconf 88' lang='lat' dir='ltr'>detractionis</span> <span class='ocrx_word' id='word_1_184' title='bbox 1875 2303 1966 2368; x_wconf 89' lang='lat' dir='ltr'>ita</span> <span class='ocrx_word' id='word_1_185' title='bbox 1998 2322 2177 2385; x_wconf 88' lang='lat' dir='ltr'>saepe</span> <span class='ocrx_word' id='word_1_186' title='bbox 2209 2303 2300 2381; x_wconf 84' lang='lat' dir='ltr'>fit,</span> <span class='ocrx_word' id='word_1_187' title='bbox 2328 2306 2403 2368; x_wconf 94' lang='lat' dir='ltr'>ut</span> <span class='ocrx_word' id='word_1_188' title='bbox 2425 2323 2548 2369; x_wconf 93' lang='lat' dir='ltr'>non</span> <span class='ocrx_word' id='word_1_189' title='bbox 2580 2305 2842 2387; x_wconf 84' lang='lat' dir='ltr'>explicet</span> 
     </span>
     <span class='ocr_line' id='line_1_21' title="bbox 371 2405 2841 2490; baseline -0 -19"><span class='ocrx_word' id='word_1_190' title='bbox 371 2407 689 2490; x_wconf 87' lang='lat' dir='ltr'>poenitens</span> <span class='ocrx_word' id='word_1_191' title='bbox 737 2424 1048 2489; x_wconf 77' lang='lat' dir='ltr'>personaS,</span> <span class='ocrx_word' id='word_1_192' title='bbox 1088 2424 1245 2488; x_wconf 90' lang='lat' dir='ltr'>quas</span> <span class='ocrx_word' id='word_1_193' title='bbox 1277 2405 1459 2471; x_wconf 86' lang='lat' dir='ltr'>unica</span> <span class='ocrx_word' id='word_1_194' title='bbox 1492 2405 1873 2471; x_wconf 88' lang='lat' dir='ltr'>detractione</span> <span class='ocrx_word' id='word_1_195' title='bbox 1909 2406 2114 2483; x_wconf 86' lang='lat' dir='ltr'>laesit,</span> <span class='ocrx_word' id='word_1_196' title='bbox 2149 2409 2223 2470; x_wconf 89' lang='lat' dir='ltr'>ut</span> <span class='ocrx_word' id='word_1_197' title='bbox 2254 2407 2308 2470; x_wconf 90' lang='lat' dir='ltr'>si</span> <span class='ocrx_word' id='word_1_198' title='bbox 2345 2407 2622 2471; x_wconf 88' lang='lat' dir='ltr'>detrahit</span> <span class='ocrx_word' id='word_1_199' title='bbox 2663 2406 2841 2471; x_wconf 87' lang='lat' dir='ltr'>fami-</span> 
     </span>
     <span class='ocr_line' id='line_1_22' title="bbox 371 2508 2841 2591; baseline -0 -17"><span class='ocrx_word' id='word_1_200' title='bbox 371 2511 490 2574; x_wconf 89' lang='lat' dir='ltr'>liae</span> <span class='ocrx_word' id='word_1_201' title='bbox 538 2509 635 2572; x_wconf 91' lang='lat' dir='ltr'>vel</span> <span class='ocrx_word' id='word_1_202' title='bbox 681 2509 915 2585; x_wconf 89' lang='lat' dir='ltr'>domui,</span> <span class='ocrx_word' id='word_1_203' title='bbox 950 2527 1071 2573; x_wconf 89' lang='grc'><strong>11011</strong></span> <span class='ocrx_word' id='word_1_204' title='bbox 1120 2508 1403 2591; x_wconf 81' lang='lat' dir='ltr'>explicat,</span> <span class='ocrx_word' id='word_1_205' title='bbox 1438 2510 1594 2591; x_wconf 90' lang='lat' dir='ltr'>quot</span> <span class='ocrx_word' id='word_1_206' title='bbox 1641 2508 1868 2573; x_wconf 87' lang='lat' dir='ltr'>sintin</span> <span class='ocrx_word' id='word_1_207' title='bbox 1913 2509 2026 2572; x_wconf 85' lang='lat' dir='ltr'>illa</span> <span class='ocrx_word' id='word_1_208' title='bbox 2072 2508 2312 2572; x_wconf 85' lang='lat' dir='ltr'>familia</span> <span class='ocrx_word' id='word_1_209' title='bbox 2351 2509 2448 2574; x_wconf 85' lang='lat' dir='ltr'>vel</span> <span class='ocrx_word' id='word_1_210' title='bbox 2496 2509 2679 2573; x_wconf 91' lang='lat' dir='ltr'>domo</span> <span class='ocrx_word' id='word_1_211' title='bbox 2728 2511 2841 2573; x_wconf 87' lang='lat' dir='ltr'>aut</span> 
     </span>
     <span class='ocr_line' id='line_1_23' title="bbox 373 2612 2841 2698; baseline -0.001 -19"><span class='ocrx_word' id='word_1_212' title='bbox 373 2613 712 2698; x_wconf 82' lang='lat' dir='ltr'>Religione,</span> <span class='ocrx_word' id='word_1_213' title='bbox 747 2613 852 2677; x_wconf 91' lang='lat' dir='ltr'>sed</span> <span class='ocrx_word' id='word_1_214' title='bbox 901 2613 978 2677; x_wconf 90' lang='lat' dir='ltr'>ad</span> <span class='ocrx_word' id='word_1_215' title='bbox 1025 2632 1342 2677; x_wconf 91' lang='lat' dir='ltr'>summum</span> <span class='ocrx_word' id='word_1_216' title='bbox 1389 2612 1558 2689; x_wconf 89' lang='lat' dir='ltr'>dicit,</span> <span class='ocrx_word' id='word_1_217' title='bbox 1593 2631 1657 2677; x_wconf 90' lang='grc'>30</span> <span class='ocrx_word' id='word_1_218' title='bbox 1704 2612 2042 2676; x_wconf 80' lang='lat' dir='ltr'>detraxisse</span> <span class='ocrx_word' id='word_1_219' title='bbox 2088 2613 2365 2696; x_wconf 89' lang='lat' dir='ltr'>graviter</span> <span class='ocrx_word' id='word_1_220' title='bbox 2404 2613 2591 2677; x_wconf 88' lang='lat' dir='ltr'>alicui</span> <span class='ocrx_word' id='word_1_221' title='bbox 2639 2613 2841 2678; x_wconf 88' lang='lat' dir='ltr'>ordini</span> 
     </span>
     <span class='ocr_line' id='line_1_24' title="bbox 371 2713 2838 2801; baseline -0.001 -20"><span class='ocrx_word' id='word_1_222' title='bbox 371 2716 688 2801; x_wconf 87' lang='lat' dir='ltr'>Religioso</span> <span class='ocrx_word' id='word_1_223' title='bbox 744 2734 853 2778; x_wconf 79' lang='lat' dir='ltr'>nec</span> <span class='ocrx_word' id='word_1_224' title='bbox 898 2713 1158 2778; x_wconf 77' lang='lat' dir='ltr'>solliciti</span> <span class='ocrx_word' id='word_1_225' title='bbox 1201 2734 1417 2778; x_wconf 78' lang='lat' dir='ltr'>sumus</span> <span class='ocrx_word' id='word_1_226' title='bbox 1462 2715 1535 2778; x_wconf 92' lang='lat' dir='ltr'>de</span> <span class='ocrx_word' id='word_1_227' title='bbox 1581 2713 2022 2798; x_wconf 87' lang='lat' dir='ltr'>interrogando</span> <span class='ocrx_word' id='word_1_228' title='bbox 2070 2713 2297 2778; x_wconf 85' lang='lat' dir='ltr'>Ordine</span> <span class='ocrx_word' id='word_1_229' title='bbox 2341 2715 2405 2779; x_wconf 92' lang='lat' dir='ltr'>in</span> <span class='ocrx_word' id='word_1_230' title='bbox 2453 2715 2838 2798; x_wconf 86' lang='lat' dir='ltr'>particulari,</span> 
     </span>
     <span class='ocr_line' id='line_1_25' title="bbox 371 2816 2842 2902; baseline -0.001 -18"><span class='ocrx_word' id='word_1_231' title='bbox 371 2819 535 2902; x_wconf 90' lang='lat' dir='ltr'>quod</span> <span class='ocrx_word' id='word_1_232' title='bbox 568 2820 717 2882; x_wconf 88' lang='lat' dir='ltr'>tunc</span> <span class='ocrx_word' id='word_1_233' title='bbox 747 2818 995 2882; x_wconf 89' lang='lat' dir='ltr'>deberet</span> <span class='ocrx_word' id='word_1_234' title='bbox 1024 2817 1176 2891; x_wconf 89' lang='lat' dir='ltr'>fieri,</span> <span class='ocrx_word' id='word_1_235' title='bbox 1204 2818 1281 2882; x_wconf 88' lang='lat' dir='ltr'>ad</span> <span class='ocrx_word' id='word_1_236' title='bbox 1305 2816 1797 2902; x_wconf 86' lang='lat' dir='ltr'>cognoscendum</span> <span class='ocrx_word' id='word_1_237' title='bbox 1822 2817 2044 2882; x_wconf 90' lang='lat' dir='ltr'>melius</span> <span class='ocrx_word' id='word_1_238' title='bbox 2076 2837 2405 2882; x_wconf 90' lang='lat' dir='ltr'>numerum</span> <span class='ocrx_word' id='word_1_239' title='bbox 2437 2836 2842 2901; x_wconf 89' lang='lat' dir='ltr'>personarum</span> 
     </span>
     <span class='ocr_line' id='line_1_26' title="bbox 369 2922 781 2987; baseline -0.005 -2"><span class='ocrx_word' id='word_1_240' title='bbox 369 2922 683 2987; x_wconf 88' lang='lat' dir='ltr'>laesarum</span> <span class='ocrx_word' id='word_1_241' title='bbox 721 2945 781 2983; x_wconf 90' lang='lat'>».</span> 
     </span>
    </p>

    <p class='ocr_par' dir='ltr' id='par_1_6' title="bbox 369 3021 2844 3816">
     <span class='ocr_line' id='line_1_27' title="bbox 457 3021 2842 3108; baseline -0.001 -20"><span class='ocrx_word' id='word_1_242' title='bbox 457 3022 636 3104; x_wconf 81' lang='lat' dir='ltr'>Quod</span> <span class='ocrx_word' id='word_1_243' title='bbox 683 3023 892 3087; x_wconf 87' lang='lat' dir='ltr'>tamen</span> <span class='ocrx_word' id='word_1_244' title='bbox 939 3023 1057 3087; x_wconf 87' lang='lat' dir='ltr'>rite</span> <span class='ocrx_word' id='word_1_245' title='bbox 1102 3023 1576 3108; x_wconf 90' lang='lat' dir='ltr'>intelligendum</span> <span class='ocrx_word' id='word_1_246' title='bbox 1623 3022 1697 3086; x_wconf 89' lang='lat' dir='ltr'>de</span> <span class='ocrx_word' id='word_1_247' title='bbox 1743 3022 1932 3085; x_wconf 76' lang='lat' dir='ltr'>unica</span> <span class='ocrx_word' id='word_1_248' title='bbox 1979 3021 2380 3094; x_wconf 74' lang='lat' dir='ltr'>detractione,</span> <span class='ocrx_word' id='word_1_249' title='bbox 2429 3041 2588 3102; x_wconf 89' lang='lat' dir='ltr'>quae</span> <span class='ocrx_word' id='word_1_250' title='bbox 2634 3023 2842 3104; x_wconf 87' lang='lat' dir='ltr'>plures</span> 
     </span>
     <span class='ocr_line' id='line_1_28' title="bbox 369 3111 2839 3206; baseline -0.002 -17"><span class='ocrx_word' id='word_1_251' title='bbox 369 3126 596 3190; x_wconf 90' lang='lat' dir='ltr'>laedat.</span> <span class='ocrx_word' id='word_1_252' title='bbox 621 3123 804 3202; x_wconf 90' lang='lat' dir='ltr'>Nam,</span> <span class='ocrx_word' id='word_1_253' title='bbox 833 3125 906 3188; x_wconf 88' lang='lat' dir='ltr'>ut</span> <span class='ocrx_word' id='word_1_254' title='bbox 937 3125 1142 3206; x_wconf 88' lang='lat' dir='ltr'>inquit</span> <span class='ocrx_word' id='word_1_255' title='bbox 1173 3123 1538 3188; x_wconf 86' lang='lat' dir='ltr'>Tamburini</span> <span class='ocrx_word' id='word_1_256' title='bbox 1570 3111 1852 3185; x_wconf 79' lang='lat' dir='ltr'>Method.</span> <span class='ocrx_word' id='word_1_257' title='bbox 1891 3120 2167 3198; x_wconf 54' lang='lat' dir='ltr'>Censes&amp;</span> <span class='ocrx_word' id='word_1_258' title='bbox 2192 3122 2300 3184; x_wconf 90' lang='lat' dir='ltr'>lib.</span> <span class='ocrx_word' id='word_1_259' title='bbox 2331 3124 2389 3183; x_wconf 81' lang='lat'>2.</span> <span class='ocrx_word' id='word_1_260' title='bbox 2419 3140 2551 3204; x_wconf 89' lang='lat' dir='ltr'>cap.</span> <span class='ocrx_word' id='word_1_261' title='bbox 2582 3124 2641 3184; x_wconf 89' lang='lat'>9.</span> <span class='ocrx_word' id='word_1_262' title='bbox 2667 3143 2727 3185; x_wconf 92' lang='lat' dir='ltr'>n.</span> <span class='ocrx_word' id='word_1_263' title='bbox 2755 3122 2839 3185; x_wconf 84' lang='lat'>4.:</span> 
     </span>
     <span class='ocr_line' id='line_1_29' title="bbox 378 3214 2843 3300; baseline 0 -14"><span class='ocrx_word' id='word_1_264' title='bbox 378 3253 413 3286; x_wconf 82' lang='lat'><strong>‹</strong></span> <span class='ocrx_word' id='word_1_265' title='bbox 447 3227 511 3293; x_wconf 86' lang='lat' dir='ltr'>Si</span> <span class='ocrx_word' id='word_1_266' title='bbox 542 3229 607 3292; x_wconf 91' lang='lat' dir='ltr'>in</span> <span class='ocrx_word' id='word_1_267' title='bbox 637 3226 852 3293; x_wconf 89' lang='lat' dir='ltr'>eadem</span> <span class='ocrx_word' id='word_1_268' title='bbox 889 3227 1390 3292; x_wconf 88' lang='lat' dir='ltr'>confabulatione</span> <span class='ocrx_word' id='word_1_269' title='bbox 1422 3244 1587 3289; x_wconf 92' lang='lat' dir='ltr'>nunc</span> <span class='ocrx_word' id='word_1_270' title='bbox 1623 3225 1811 3287; x_wconf 89' lang='lat' dir='ltr'>Petro</span> <span class='ocrx_word' id='word_1_271' title='bbox 1849 3223 2160 3300; x_wconf 88' lang='lat' dir='ltr'>detrahas,</span> <span class='ocrx_word' id='word_1_272' title='bbox 2200 3214 2497 3287; x_wconf 78' lang='lat' dir='ltr'>modoad</span> <span class='ocrx_word' id='word_1_273' title='bbox 2533 3223 2843 3286; x_wconf 83' lang='lat' dir='ltr'>infaman-</span> 
     </span>
     <span class='ocr_line' id='line_1_30' title="bbox 372 3324 2844 3408; baseline -0.002 -15"><span class='ocrx_word' id='word_1_274' title='bbox 372 3330 522 3393; x_wconf 90' lang='lat' dir='ltr'>dum</span> <span class='ocrx_word' id='word_1_275' title='bbox 566 3329 835 3393; x_wconf 90' lang='lat' dir='ltr'>Paulum</span> <span class='ocrx_word' id='word_1_276' title='bbox 881 3347 1225 3393; x_wconf 90' lang='lat' dir='ltr'>sermonem</span> <span class='ocrx_word' id='word_1_277' title='bbox 1263 3329 1589 3393; x_wconf 87' lang='lat' dir='ltr'>convertas</span> <span class='ocrx_word' id='word_1_278' title='bbox 1622 3326 1737 3390; x_wconf 90' lang='lat' dir='ltr'>etc.</span> <span class='ocrx_word' id='word_1_279' title='bbox 1774 3324 2017 3389; x_wconf 87' lang='lat' dir='ltr'>diversa</span> <span class='ocrx_word' id='word_1_280' title='bbox 2063 3324 2231 3388; x_wconf 89' lang='lat' dir='ltr'>mala</span> <span class='ocrx_word' id='word_1_281' title='bbox 2277 3325 2350 3388; x_wconf 91' lang='grc'>(10</span> <span class='ocrx_word' id='word_1_282' title='bbox 2397 3324 2661 3408; x_wconf 91' lang='lat' dir='ltr'>singulis</span> <span class='ocrx_word' id='word_1_283' title='bbox 2707 3343 2844 3407; x_wconf 82' lang='lat' dir='ltr'>pro-</span> 
     </span>
     <span class='ocr_line' id='line_1_31' title="bbox 370 3426 2843 3514; baseline -0.003 -17"><span class='ocrx_word' id='word_1_284' title='bbox 370 3432 595 3506; x_wconf 79' lang='lat' dir='ltr'>ferens;</span> <span class='ocrx_word' id='word_1_285' title='bbox 630 3431 853 3496; x_wconf 92' lang='lat' dir='ltr'>debent</span> <span class='ocrx_word' id='word_1_286' title='bbox 884 3430 1142 3514; x_wconf 84' lang='lat' dir='ltr'>exprimi</span> <span class='ocrx_word' id='word_1_287' title='bbox 1188 3432 1313 3494; x_wconf 89' lang='lat' dir='ltr'>tres</span> <span class='ocrx_word' id='word_1_288' title='bbox 1351 3429 1764 3493; x_wconf 89' lang='lat' dir='ltr'>detractiones</span> <span class='ocrx_word' id='word_1_289' title='bbox 1804 3426 2195 3511; x_wconf 85' lang='lat' dir='ltr'>singillatim.</span> <span class='ocrx_word' id='word_1_290' title='bbox 2235 3427 2410 3491; x_wconf 89' lang='lat' dir='ltr'>Licet</span> <span class='ocrx_word' id='word_1_291' title='bbox 2440 3427 2604 3492; x_wconf 88' lang='lat' dir='ltr'>enim</span> <span class='ocrx_word' id='word_1_292' title='bbox 2650 3427 2843 3491; x_wconf 90' lang='lat' dir='ltr'>conti-</span> 
     </span>
     <span class='ocr_line' id='line_1_32' title="bbox 369 3529 2841 3610; baseline -0.002 -13"><span class='ocrx_word' id='word_1_293' title='bbox 369 3535 586 3599; x_wconf 87' lang='lat' dir='ltr'>nuatio</span> <span class='ocrx_word' id='word_1_294' title='bbox 647 3533 761 3598; x_wconf 85' lang='lat' dir='ltr'>fiat</span> <span class='ocrx_word' id='word_1_295' title='bbox 820 3533 1361 3610; x_wconf 75' lang='lat' dir='ltr'>confabulationiS,</span> <span class='ocrx_word' id='word_1_296' title='bbox 1411 3530 1816 3609; x_wconf 79' lang='lat' dir='ltr'>nihilominus</span> <span class='ocrx_word' id='word_1_297' title='bbox 1873 3549 2128 3595; x_wconf 91' lang='lat' dir='ltr'>numero</span> <span class='ocrx_word' id='word_1_298' title='bbox 2192 3529 2483 3595; x_wconf 88' lang='lat' dir='ltr'>differunt</span> <span class='ocrx_word' id='word_1_299' title='bbox 2538 3529 2841 3595; x_wconf 90' lang='lat' dir='ltr'>eiusmodi</span> 
     </span>
     <span class='ocr_line' id='line_1_33' title="bbox 371 3634 2844 3717; baseline -0.002 -15"><span class='ocrx_word' id='word_1_300' title='bbox 371 3637 803 3714; x_wconf 86' lang='lat' dir='ltr'>detractiones,</span> <span class='ocrx_word' id='word_1_301' title='bbox 839 3638 1003 3701; x_wconf 90' lang='lat' dir='ltr'>sicut</span> <span class='ocrx_word' id='word_1_302' title='bbox 1034 3636 1273 3701; x_wconf 85' lang='lat' dir='ltr'>differre</span> <span class='ocrx_word' id='word_1_303' title='bbox 1305 3636 1574 3701; x_wconf 86' lang='lat' dir='ltr'>diximus</span> <span class='ocrx_word' id='word_1_304' title='bbox 1607 3636 1732 3698; x_wconf 90' lang='lat' dir='ltr'>tres</span> <span class='ocrx_word' id='word_1_305' title='bbox 1766 3634 2021 3717; x_wconf 89' lang='lat' dir='ltr'>copulas</span> <span class='ocrx_word' id='word_1_306' title='bbox 2059 3654 2202 3699; x_wconf 89' lang='lat' dir='ltr'>cum</span> <span class='ocrx_word' id='word_1_307' title='bbox 2234 3634 2446 3700; x_wconf 88' lang='lat' dir='ltr'>eadem</span> <span class='ocrx_word' id='word_1_308' title='bbox 2478 3634 2574 3699; x_wconf 80' lang='lat' dir='ltr'>vel</span> <span class='ocrx_word' id='word_1_309' title='bbox 2600 3634 2844 3698; x_wconf 88' lang='lat' dir='ltr'>diversa</span> 
     </span>
     <span class='ocr_line' id='line_1_34' title="bbox 371 3737 1903 3816; baseline -0.001 -14"><span class='ocrx_word' id='word_1_310' title='bbox 371 3740 619 3816; x_wconf 85' lang='lat' dir='ltr'>femina,</span> <span class='ocrx_word' id='word_1_311' title='bbox 653 3739 1066 3804; x_wconf 87' lang='lat' dir='ltr'>continuatim</span> <span class='ocrx_word' id='word_1_312' title='bbox 1099 3739 1311 3803; x_wconf 89' lang='lat' dir='ltr'>eadem</span> <span class='ocrx_word' id='word_1_313' title='bbox 1343 3741 1521 3803; x_wconf 90' lang='grc'><strong>110010</strong></span> <span class='ocrx_word' id='word_1_314' title='bbox 1554 3737 1804 3802; x_wconf 86' lang='lat' dir='ltr'>habitas</span> <span class='ocrx_word' id='word_1_315' title='bbox 1842 3763 1903 3800; x_wconf 79' lang='lat'>».</span> 
     </span>
    </p>

    <p class='ocr_par' dir='ltr' id='par_1_7' title="bbox 369 3837 2846 4129">
     <span class='ocr_line' id='line_1_35' title="bbox 458 3837 2844 3927; baseline -0.003 -21"><span class='ocrx_word' id='word_1_316' title='bbox 458 3842 675 3927; x_wconf 90' lang='lat' dir='ltr'>Pergit</span> <span class='ocrx_word' id='word_1_317' title='bbox 706 3860 755 3906; x_wconf 92' lang='grc'><strong>3.</strong></span> <span class='ocrx_word' id='word_1_318' title='bbox 796 3841 1152 3924; x_wconf 84' lang='lat' dir='ltr'>Alphonsus</span> <span class='ocrx_word' id='word_1_319' title='bbox 1185 3862 1244 3905; x_wconf 95' lang='lat' dir='ltr'>n.</span> <span class='ocrx_word' id='word_1_320' title='bbox 1280 3840 1417 3904; x_wconf 88' lang='lat'><strong>46.:</strong></span> <span class='ocrx_word' id='word_1_321' title='bbox 1452 3865 1487 3898; x_wconf 82' lang='lat'><strong>‹</strong></span> <span class='ocrx_word' id='word_1_322' title='bbox 1520 3840 1737 3922; x_wconf 85' lang='lat' dir='ltr'>(Item)</span> <span class='ocrx_word' id='word_1_323' title='bbox 1770 3839 1880 3921; x_wconf 90' lang='lat' dir='ltr'>qui</span> <span class='ocrx_word' id='word_1_324' title='bbox 1916 3840 2097 3904; x_wconf 90' lang='lat' dir='ltr'>unico</span> <span class='ocrx_word' id='word_1_325' title='bbox 2133 3843 2278 3903; x_wconf 89' lang='lat' dir='ltr'>actu</span> <span class='ocrx_word' id='word_1_326' title='bbox 2312 3838 2491 3921; x_wconf 88' lang='lat' dir='ltr'>optat</span> <span class='ocrx_word' id='word_1_327' title='bbox 2524 3837 2600 3900; x_wconf 87' lang='lat' dir='ltr'>ad</span> <span class='ocrx_word' id='word_1_328' title='bbox 2638 3837 2844 3919; x_wconf 87' lang='lat' dir='ltr'>plures</span> 
     </span>
     <span class='ocr_line' id='line_1_36' title="bbox 371 3940 2846 4027; baseline -0.001 -20"><span class='ocrx_word' id='word_1_329' title='bbox 371 3945 629 4010; x_wconf 87' lang='lat' dir='ltr'>feminas</span> <span class='ocrx_word' id='word_1_330' title='bbox 662 3945 963 4022; x_wconf 88' lang='lat' dir='ltr'>accedere,</span> <span class='ocrx_word' id='word_1_331' title='bbox 995 3945 1091 4008; x_wconf 85' lang='lat' dir='ltr'>vel</span> <span class='ocrx_word' id='word_1_332' title='bbox 1124 3944 1356 4027; x_wconf 88' lang='lat' dir='ltr'>pluries</span> <span class='ocrx_word' id='word_1_333' title='bbox 1382 3944 1459 4007; x_wconf 88' lang='lat' dir='ltr'>ad</span> <span class='ocrx_word' id='word_1_334' title='bbox 1491 3943 1745 4006; x_wconf 86' lang='lat' dir='ltr'>eandem</span> <span class='ocrx_word' id='word_1_335' title='bbox 1779 3942 2092 4018; x_wconf 83' lang='lat' dir='ltr'>feminam,</span> <span class='ocrx_word' id='word_1_336' title='bbox 2122 3944 2248 4006; x_wconf 91' lang='lat' dir='ltr'>et...</span> <span class='ocrx_word' id='word_1_337' title='bbox 2275 3943 2453 4005; x_wconf 89' lang='lat' dir='ltr'>tanto</span> <span class='ocrx_word' id='word_1_338' title='bbox 2487 3940 2709 4024; x_wconf 88' lang='lat' dir='ltr'>magis,</span> <span class='ocrx_word' id='word_1_339' title='bbox 2736 3940 2846 4021; x_wconf 86' lang='lat' dir='ltr'>qui</span> 
     </span>
     <span class='ocr_line' id='line_1_37' title="bbox 369 4044 2270 4129; baseline -0.002 -20"><span class='ocrx_word' id='word_1_340' title='bbox 369 4045 586 4111; x_wconf 89' lang='lat' dir='ltr'>eadem</span> <span class='ocrx_word' id='word_1_341' title='bbox 618 4048 797 4112; x_wconf 89' lang='lat' dir='ltr'>nocte</span> <span class='ocrx_word' id='word_1_342' title='bbox 829 4047 1059 4129; x_wconf 91' lang='lat' dir='ltr'>pluries</span> <span class='ocrx_word' id='word_1_343' title='bbox 1092 4046 1347 4111; x_wconf 87' lang='lat' dir='ltr'>eandem</span> <span class='ocrx_word' id='word_1_344' title='bbox 1380 4044 1675 4109; x_wconf 88' lang='lat' dir='ltr'>feminam</span> <span class='ocrx_word' id='word_1_345' title='bbox 1712 4046 2174 4128; x_wconf 89' lang='lat' dir='ltr'>cognosceret...</span> <span class='ocrx_word' id='word_1_346' title='bbox 2209 4069 2270 4106; x_wconf 82' lang='lat'>».</span> 
     </span>
    </p>

    <p class='ocr_par' dir='ltr' id='par_1_8' title="bbox 371 4144 2843 4538">
     <span class='ocr_line' id='line_1_38' title="bbox 457 4144 2842 4231; baseline -0.004 -14"><span class='ocrx_word' id='word_1_347' title='bbox 457 4144 636 4217; x_wconf 76' lang='lat'>838.</span> <span class='ocrx_word' id='word_1_348' title='bbox 679 4148 896 4228; x_wconf 77' lang='lat' dir='ltr'>Quoad</span> <span class='ocrx_word' id='word_1_349' title='bbox 927 4150 1332 4231; x_wconf 86' lang='lat' dir='ltr'>posteriorem</span> <span class='ocrx_word' id='word_1_350' title='bbox 1378 4148 1543 4212; x_wconf 93' lang='lat' dir='ltr'>hunc</span> <span class='ocrx_word' id='word_1_351' title='bbox 1573 4165 1790 4211; x_wconf 88' lang='lat' dir='ltr'>casum</span> <span class='ocrx_word' id='word_1_352' title='bbox 1821 4146 1994 4210; x_wconf 88' lang='lat' dir='ltr'>nulla</span> <span class='ocrx_word' id='word_1_353' title='bbox 2028 4146 2211 4210; x_wconf 90' lang='lat' dir='ltr'>debet</span> <span class='ocrx_word' id='word_1_354' title='bbox 2242 4164 2373 4209; x_wconf 84' lang='lat' dir='ltr'>esse</span> <span class='ocrx_word' id='word_1_355' title='bbox 2403 4144 2842 4210; x_wconf 80' lang='lat' dir='ltr'>controversia.</span> 
     </span>
     <span class='ocr_line' id='line_1_39' title="bbox 371 4247 2843 4334; baseline -0.002 -18"><span class='ocrx_word' id='word_1_356' title='bbox 371 4250 592 4330; x_wconf 82' lang='lat' dir='ltr'>Quoad</span> <span class='ocrx_word' id='word_1_357' title='bbox 625 4251 893 4333; x_wconf 90' lang='lat' dir='ltr'>priorem</span> <span class='ocrx_word' id='word_1_358' title='bbox 925 4271 1068 4315; x_wconf 85' lang='lat' dir='ltr'>vero</span> <span class='ocrx_word' id='word_1_359' title='bbox 1103 4270 1257 4334; x_wconf 90' lang='lat' dir='ltr'>opus</span> <span class='ocrx_word' id='word_1_360' title='bbox 1290 4254 1405 4328; x_wconf 89' lang='lat' dir='ltr'>est,</span> <span class='ocrx_word' id='word_1_361' title='bbox 1432 4252 1506 4314; x_wconf 93' lang='lat' dir='ltr'>ut</span> <span class='ocrx_word' id='word_1_362' title='bbox 1542 4249 1661 4314; x_wconf 86' lang='lat' dir='ltr'>rite</span> <span class='ocrx_word' id='word_1_363' title='bbox 1693 4268 1792 4312; x_wconf 92' lang='lat' dir='ltr'>res</span> <span class='ocrx_word' id='word_1_364' title='bbox 1831 4247 2241 4333; x_wconf 88' lang='lat' dir='ltr'>intelligatur.</span> <span class='ocrx_word' id='word_1_365' title='bbox 2269 4247 2458 4311; x_wconf 82' lang='lat' dir='ltr'>Aliud</span> <span class='ocrx_word' id='word_1_366' title='bbox 2490 4248 2584 4311; x_wconf 88' lang='lat' dir='ltr'>est</span> <span class='ocrx_word' id='word_1_367' title='bbox 2607 4266 2843 4329; x_wconf 90' lang='lat' dir='ltr'>nempe,</span> 
     </span>
     <span class='ocr_line' id='line_1_40' title="bbox 372 4348 2843 4434; baseline -0.001 -18"><span class='ocrx_word' id='word_1_368' title='bbox 372 4354 423 4417; x_wconf 89' lang='lat' dir='ltr'>si</span> <span class='ocrx_word' id='word_1_369' title='bbox 456 4370 660 4418; x_wconf 89' lang='lat' dir='ltr'>sermo</span> <span class='ocrx_word' id='word_1_370' title='bbox 688 4352 775 4415; x_wconf 89' lang='lat' dir='ltr'>sit</span> <span class='ocrx_word' id='word_1_371' title='bbox 804 4353 877 4416; x_wconf 89' lang='lat' dir='ltr'>de</span> <span class='ocrx_word' id='word_1_372' title='bbox 903 4353 1165 4431; x_wconf 79' lang='grc'><strong>301111113,</strong></span> <span class='ocrx_word' id='word_1_373' title='bbox 1191 4353 1298 4434; x_wconf 88' lang='lat' dir='ltr'>qui</span> <span class='ocrx_word' id='word_1_374' title='bbox 1323 4353 1583 4418; x_wconf 88' lang='lat' dir='ltr'>interius</span> <span class='ocrx_word' id='word_1_375' title='bbox 1608 4350 2143 4428; x_wconf 79' lang='lat' dir='ltr'>consummantur,</span> <span class='ocrx_word' id='word_1_376' title='bbox 2173 4349 2362 4426; x_wconf 86' lang='lat' dir='ltr'>aliud,</span> <span class='ocrx_word' id='word_1_377' title='bbox 2390 4350 2443 4413; x_wconf 90' lang='lat' dir='ltr'>si</span> <span class='ocrx_word' id='word_1_378' title='bbox 2477 4349 2550 4414; x_wconf 89' lang='lat' dir='ltr'>de</span> <span class='ocrx_word' id='word_1_379' title='bbox 2582 4348 2843 4426; x_wconf 78' lang='lat' dir='ltr'>actibuS,</span> 
     </span>
     <span class='ocr_line' id='line_1_41' title="bbox 372 4454 1856 4538; baseline -0.001 -19"><span class='ocrx_word' id='word_1_380' title='bbox 372 4456 479 4536; x_wconf 90' lang='lat' dir='ltr'>qui</span> <span class='ocrx_word' id='word_1_381' title='bbox 513 4455 592 4519; x_wconf 91' lang='lat' dir='ltr'>ad</span> <span class='ocrx_word' id='word_1_382' title='bbox 631 4455 997 4519; x_wconf 83' lang='lat' dir='ltr'>exteriorem</span> <span class='ocrx_word' id='word_1_383' title='bbox 1030 4455 1316 4520; x_wconf 84' lang='lat' dir='ltr'>effectum</span> <span class='ocrx_word' id='word_1_384' title='bbox 1356 4454 1856 4538; x_wconf 88' lang='lat' dir='ltr'>progrediuntur.</span> 
     </span>
    </p>

    <p class='ocr_par' dir='ltr' id='par_1_9' title="bbox 462 4554 2849 4641">
     <span class='ocr_line' id='line_1_42' title="bbox 462 4554 2849 4641; baseline -0.002 -20"><span class='ocrx_word' id='word_1_385' title='bbox 462 4557 545 4621; x_wconf 87' lang='lat' dir='ltr'>Et</span> <span class='ocrx_word' id='word_1_386' title='bbox 575 4557 781 4639; x_wconf 89' lang='lat' dir='ltr'>quoad</span> <span class='ocrx_word' id='word_1_387' title='bbox 828 4558 1170 4635; x_wconf 89' lang='lat' dir='ltr'>interiores,</span> <span class='ocrx_word' id='word_1_388' title='bbox 1212 4559 1319 4640; x_wconf 88' lang='lat' dir='ltr'>qui</span> <span class='ocrx_word' id='word_1_389' title='bbox 1357 4559 1419 4621; x_wconf 88' lang='grc'>111</span> <span class='ocrx_word' id='word_1_390' title='bbox 1458 4558 1725 4641; x_wconf 90' lang='lat' dir='ltr'>simplici</span> <span class='ocrx_word' id='word_1_391' title='bbox 1777 4556 2004 4621; x_wconf 87' lang='lat' dir='ltr'>affectu</span> <span class='ocrx_word' id='word_1_392' title='bbox 2050 4560 2112 4622; x_wconf 93' lang='grc'>01</span> <span class='ocrx_word' id='word_1_393' title='bbox 2164 4555 2610 4638; x_wconf 90' lang='lat' dir='ltr'>complacentia</span> <span class='ocrx_word' id='word_1_394' title='bbox 2658 4554 2849 4618; x_wconf 88' lang='grc'><strong>001111-</strong></span> 
     </span>
    </p>
   </div>
  </div>
 </body>
</html>
