3529 5158
690 319 799 374 626
1195 327 1408 369 macr.
1450 327 1528 369 ιν.
1568 328 1652 366 Dm
1690 325 1995 368 PnccA‘ris.
2036 323 2234 367 captrr
2271 324 2360 366 111.
2401 324 2542 366 nun.
2581 326 2661 366 w.
3014 310 3162 386 [785]

693 449 869 494 secus
917 447 987 491 ac
1032 426 1202 491 videt
1250 445 1313 489 se
1360 424 1522 487 male
1572 443 1772 507 agere,
1808 423 1956 486 dum
2003 422 2066 485 in
2115 422 2206 485 ira
2253 421 2581 485 contundit
2628 422 2874 506 pugnis,
2924 422 3160 505 rumpit

696 551 865 607 vasa,
906 530 1107 593 cultro
1140 528 1284 593 ferit
1316 529 1431 591 etc.
1473 526 1638 609 Ergo
1674 525 1880 589 omnia
1914 525 2063 589 haec
2094 527 2265 588 extra
2300 524 2558 588 chorum
2590 524 2901 588 dicuntur.
2927 523 3010 587 Et
3038 544 3165 589 me-

694 636 817 698 rito
850 652 898 696 s.
936 632 1290 715 Alphonsus
1324 631 1488 693 hisce
1526 628 1822 692 doctrinis
1855 646 1978 692 non
2028 627 2320 691 adhaeret
2363 647 2423 689 n.
2465 627 2565 689 78.
2603 626 2679 689 ad
2727 628 2909 691 resol.
2951 626 3011 690 3.
3053 647 3162 691 nec

695 756 808 801 nos
840 754 1169 819 possumus
1204 732 1482 797 accedere
1520 732 1635 805 illi,
1670 731 1819 794 dum
1859 730 2028 808 dicit,
2064 749 2127 794 se
2165 749 2284 795 non
2322 730 2544 793 audere
2577 729 3162 794 Salmanticensium

699 839 1050 922 opinionem
1082 837 1279 902 dicere
1316 834 1808 917 improbabilem.

788 937 962 1012 735.
998 940 1320 1017 Addimus,
1349 938 1864 1002 Salmanticenses
1897 936 2207 999 incassum
2241 954 2491 1000 vocasse
2525 937 2583 999 in
2625 935 3002 1019 praesidium
3035 956 3167 999 sen-

700 1044 933 1108 tentiae
972 1061 1120 1106 suae
1152 1041 1547 1105 Dominicum
1582 1038 1731 1103 Soto
1773 1039 1924 1119 (vid.
1954 1039 2116 1102 verb.
2153 1038 2283 1102 eius
2316 1059 2450 1121 sup.
2493 1059 2549 1101 n.
2591 1038 2799 1120 733.):
2833 1058 2976 1102 nam
3009 1037 3162 1103 Soto

700 1166 823 1211 non
855 1146 927 1208 de
960 1145 1143 1208 ebriis
1184 1146 1295 1207 aut
1329 1142 1678 1206 amentibus
1707 1141 1974 1216 disserit,
2012 1141 2115 1205 sed
2148 1140 2220 1204 de
2254 1142 2420 1205 sanis
2461 1143 2666 1204 mente
2713 1145 2773 1204 et
2824 1141 2994 1211 dicit,
3036 1158 3169 1223 pec-

702 1254 915 1315 catum
946 1249 1357 1314 contumeliae
1394 1266 1515 1311 non
1567 1247 1795 1324 adesse,
1837 1248 1890 1312 si
1927 1249 2170 1311 nullum
2220 1248 2497 1311 animum
2543 1248 2823 1312 laedendi
2872 1249 3170 1312 honorem

705 1353 964 1417 alterius
989 1351 1351 1425 habuerint;
1380 1350 1544 1431 quod
1569 1350 1659 1426 fit,
1689 1350 1934 1431 quando
1962 1351 2100 1432 quis
2132 1369 2252 1413 non
2282 1351 2571 1426 advertit,
2607 1352 2791 1415 verba
2821 1369 2954 1414 esse
2988 1350 3168 1413 alieni

704 1458 956 1521 honoris
994 1455 1261 1518 laesiva:
1298 1453 1457 1517 unde
1491 1453 1681 1529 addit,
1718 1454 1955 1537 culpari
2005 1473 2126 1529 eos,
2164 1455 2272 1536 qui
2303 1454 2365 1518 id
2403 1454 2638 1519 faciant
2677 1475 2748 1518 ex
2786 1455 3170 1539 negligentia

705 1558 1062 1623 advertendi
1112 1560 1227 1621 etc.
1277 1558 1468 1620 Porro
1518 1558 1930 1620 contumeliae
1968 1556 2276 1621 ebriorum
2325 1576 2447 1621 non
2497 1558 2644 1620 sunt
2689 1556 3033 1631 eiusmodi;
3069 1555 3170 1619 sed

704 1663 852 1726 licet
890 1663 955 1725 hi
992 1659 1261 1724 habeant
1310 1659 1586 1723 animum
1633 1658 1910 1722 laedendi
1945 1661 2082 1732 etc„
2124 1662 2497 1723 excusantur
2529 1658 2780 1739 (saltem
2814 1658 3170 1737 actualiter)

706 1769 820 1829 aut
867 1765 1013 1846 quia
1069 1783 1191 1827 non
1249 1763 1477 1825 habent
1525 1762 1872 1825 dominium
1934 1781 2190 1827 suorum
2255 1764 2529 1840 actuum,
2582 1765 2693 1826 aut
2740 1762 2889 1843 quia
2938 1764 3041 1845 (ut
3087 1760 3172 1823 ait

707 1868 1006 1949 Sanchez)
1039 1868 1222 1931 verba
1257 1885 1490 1941 eorum,
1526 1866 1743 1929 effectu
1776 1864 2055 1929 laedendi
2087 1868 2315 1929 carent.
2355 1866 2527 1930 Unde
2559 1884 2607 1929 s.
2641 1865 2825 1948 Alph.
2868 1865 3075 1929 solum
3107 1885 3175 1927 ex

706 1970 931 2034 fiducia
981 1968 1562 2033 Salmanticensium
1610 1969 1747 2031 istis
1799 1968 2079 2032 adiunxit
2118 1966 2289 2042 Soto,
2326 1968 2500 2031 cuius
2549 1967 2750 2050 reipsa
2798 1967 3008 2031 locum
3055 1986 3172 2031 non

710 2075 965 2157 allegat.

1785 2253 1948 2315 DUB.
1989 2252 2099 2315 VI.

1718 2390 1888 2470 Quid
1928 2392 2015 2454 sit
2059 2393 2177 2454 ira.

822 2554 925 2608 XC.
948 2556 1093 2619 Resp.
1118 2556 1201 2605 Est
1229 2550 1533 2605 inordinatus
1559 2548 1805 2616 appetitus
1833 2549 2090 2603 vindictae.
2114 2553 2251 2619 Quae
2277 2550 2586 2616 inordinatio,
2611 2555 2874 2607 secundum
2912 2568 2952 2608 s,
2980 2556 3177 2621 Tuom„

711 2640 974 2705 dupliciter
1001 2637 1104 2691 fleri
1137 2643 1322 2703 potest:
1352 2639 1394 2686 1.
1420 2651 1478 2688 ex
1504 2642 1639 2701 parte
1668 2634 1799 2687 modi
1825 2634 2083 2697 irascendi,
2106 2643 2159 2689 ul
2189 2651 2230 2687 v.
2260 2651 2332 2700 gr.
2356 2635 2397 2688 si
2423 2636 2622 2690 nimium
2649 2636 2856 2691 interius
2884 2640 3179 2692 exardescas

712 2728 790 2777 vel
831 2722 1050 2776 exterius
1090 2737 1175 2788 per
1215 2721 1345 2784 signa
1387 2720 1529 2772 nimis
1570 2719 1854 2785 patefacias:
1892 2723 1940 2771 2.
1981 2735 2041 2772 ex
2084 2727 2220 2786 parte
2262 2721 2455 2784 obiecti,
2500 2729 2550 2774 ul
2593 2721 2633 2774 si
2677 2720 2939 2776 vindictam
2982 2732 3182 2790 appetas

715 2810 855 2874 plane
894 2807 1123 2859 iniustam
1161 2808 1223 2856 ob
1262 2819 1455 2857 causam
1502 2807 1576 2856 vel
1607 2803 1647 2855 si
1673 2802 1802 2855 iusto
1843 2804 2091 2865 maiorem,
2122 2819 2167 2855 v.
2195 2820 2263 2868 gr.
2291 2808 2504 2870 optando
2544 2805 2739 2859 Inimico
2783 2814 3012 2870 mortem,
3040 2823 3180 2873 quam

712 2906 807 2946 non
848 2898 922 2945 est
959 2890 1179 2954 meritus,
1210 2893 1288 2943 vel
1329 2891 1660 2954 exequendam
1695 2889 1889 2955 propria
1929 2889 2235 2951 auctoritate,
2263 2891 2342 2943 vel
2381 2890 2607 2956 denique,
2645 2889 2760 2944 licet
2799 2890 3018 2945 vindicta
3056 2891 3182 2945 iusta

711 2977 791 3043 sit,
818 2991 913 3030 non
953 2981 1110 3029 tamen
1151 2989 1255 3027 eam
1295 2982 1497 3041 appetas
1525 2980 1573 3025 ut
1614 2973 1807 3035 iustam,
1834 2976 1918 3025 secl
1962 2981 2012 3025 ut
2050 2973 2324 3028 satiativam
2361 2975 2509 3027 animi
2551 2975 2619 3028 tui
2657 2975 2905 3030 malevoli.

800 3093 972 3167 738.
1010 3097 1098 3162 Ut
1130 3098 1246 3160 rite
1280 3097 1436 3159 hanc
1475 3095 1808 3158 materiam
1840 3094 2173 3178 intelligas
2210 3095 2523 3180 distingue
2560 3097 2720 3160 iram
2754 3103 2947 3179 prout
2979 3100 3179 3182 passio

712 3203 827 3276 est,
857 3203 918 3264 et
944 3202 1129 3282 prout
1157 3199 1399 3262 vitium.
1430 3198 1640 3261 Primo
1667 3216 1849 3260 sensu
1884 3198 1976 3260 est
2003 3197 2347 3261 indifferens
2376 3200 2449 3262 ad
2470 3200 2698 3263 bonum
2727 3200 2824 3263 vel
2858 3202 3100 3265 malum
3124 3207 3184 3266 et

712 3324 818 3388 per
843 3323 906 3368 se
934 3303 1009 3366 ad
1035 3304 1266 3366 bonum
1287 3302 1599 3366 ordinata:
1623 3300 1888 3363 secundo
1915 3300 2266 3364 inordinata
2293 3305 2387 3365 est
2412 3306 2474 3366 et
2498 3302 2684 3379 mala,
2703 3305 2774 3366 ut
2801 3307 2978 3386 patet
3005 3324 3077 3368 ex
3102 3323 3182 3368 se.

804 3407 957 3469 Rem
1007 3405 1175 3468 brevi
1224 3405 1310 3466 sic
1359 3424 1406 3466 s.
1459 3403 1730 3466 Thomas
1781 3402 1972 3466 tradit
2007 3404 2066 3466 2.
2098 3405 2154 3465 2.
2185 3423 2240 3484 q.
2283 3404 2428 3467 158.
2458 3408 2573 3468 art.
2609 3408 2694 3469 1.:
2738 3431 2772 3464 «
2805 3406 2906 3470 Ira
2943 3409 3186 3491 proprie

715 3508 1022 3590 loquendo
1073 3511 1167 3570 est
1202 3508 1404 3589 passio
1440 3505 1741 3586 quaedam
1797 3507 2109 3588 appetitus
2144 3507 2443 3583 sensitivi,
2481 3527 2514 3570 a
2555 3529 2678 3589 qua
2712 3509 2805 3572 vis
2855 3509 3186 3572 irascibilis

715 3611 1217 3674 denominatur...
1250 3609 1361 3671 Est
1389 3611 1598 3670 autem
1632 3608 2140 3670 considerandum
2175 3609 2334 3672 circa
2369 3610 2682 3691 passiones
2717 3611 2981 3688 animae,
3023 3612 3186 3694 quod

714 3712 1044 3795 dupliciter
1083 3714 1289 3793 potest
1325 3711 1385 3774 in
1420 3711 1506 3772 eis
1550 3711 1784 3773 malum
1838 3710 2116 3774 inveniri.
2155 3711 2290 3775 Uno
2324 3713 2505 3776 modo
2540 3731 2610 3776 ex
2651 3713 2782 3796 ipsa
2816 3715 3018 3797 specie
3059 3735 3191 3798 pas-

716 3816 1099 3896 sionis,quae
1125 3813 1371 3895 quidem
1400 3813 1825 3876 consideratur
1852 3813 2184 3876 secundum
2212 3813 2520 3878 obiectum
2546 3817 2877 3898 passionis:
2898 3817 3067 3881 sicut
3105 3819 3189 3882 in·

715 3918 879 3982 vidia
915 3916 1252 3979 seeundum
1289 3934 1467 3978 suam
1502 3915 1763 3996 speciem
1805 3915 2105 3997 importat
2138 3917 2448 3998 quoddam
2484 3918 2782 3982 malum...
2810 3918 2948 3983 Hoc
2975 3924 3185 3984 autem

718 4041 835 4085 non
870 4019 1169 4100 competit
1203 4019 1347 4092 irae,
1385 4037 1541 4098 quae
1577 4019 1671 4080 est
1710 4019 2024 4099 appetitus
2075 4018 2405 4095 vindict-affl
2449 4023 2654 4103 potest
2700 4022 2864 4085 enim
2914 4022 3178 4086 vindicta

716 4126 775 4186 ct
811 4123 957 4185 bene
992 4127 1053 4184 et
1088 4121 1249 4182 male
1286 4120 1512 4200 appeti.
1549 4121 1690 4184 Alio
1732 4120 1916 4183 modo
1959 4121 2267 4184 invenitur
2301 4123 2536 4186 malum
2568 4123 2628 4186 in
2666 4123 2878 4206 aliqua
2903 4124 3182 4208 passione

714 4225 1051 4288 secundum
1100 4224 1521 4304 quantitatem
1572 4223 1787 4304 ipsius,
1826 4223 1981 4286 idest
2023 4223 2356 4288 secundum
2405 4227 3039 4308 superabundantiam
3087 4228 3186 4292 vel

720 4327 1023 4389 defectum
1063 4325 1254 4406 ipsius
1289 4327 1351 4387 et
1389 4325 1476 4387 sic
1504 4327 1709 4406 potest
1742 4326 1980 4388 malum
2009 4327 2066 4389 in
2094 4327 2184 4389 ira
2212 4327 2491 4404 inveniri,
2519 4329 2765 4410 quando
2799 4330 2929 4394 scil.
2964 4332 3190 4414 aliquis

719 4428 1007 4490 irascitur
1041 4429 1179 4510 plus
1221 4428 1315 4490 vel
1352 4430 1559 4491 minus
1596 4431 1835 4510 praeter
1869 4430 2171 4493 rationem
2203 4433 2456 4496 rectam.
2486 4432 2548 4496 Si
2575 4436 2785 4496 autem
2811 4434 3044 4517 aliquis
3068 4436 3188 4499 ira-

720 4530 914 4593 scitur
947 4530 1283 4593 secundum
1320 4531 1619 4594 rationein
1656 4537 1909 4609 rectam,
1947 4536 2094 4618 tunc
2127 4534 2310 4598 irasci
2341 4539 2435 4600 est
2465 4536 2777 4601 laudabile
2809 4564 2870 4601 ».
