3529 5158
584 361 693 416 282
1181 374 1394 416 maor.
1433 375 1496 415 11.
1534 375 1620 415 nn
1657 373 2075 416 conscium-u.
2112 372 2313 415 cunr
2354 373 2444 415 111.
2904 357 3060 433 [2811

581 474 646 537 in
692 492 757 537 se
804 472 1148 555 aperiendo,
1184 472 1596 536 obedientiam
1625 472 1691 536 in
1722 470 2052 552 sequendo,
2099 470 2291 534 etiam
2338 469 2610 552 seposito
2659 469 2910 551 proprio
2957 469 3050 533 iu—

583 574 762 639 dicio.
796 575 878 638 Et
905 575 1084 639 iuxta
1122 593 1332 639 omnes
1369 575 1506 638 DD.
1539 576 1656 638 hoc
1685 574 1889 656 reipsa
1936 575 2032 637 est
2062 572 2314 637 unicum
2360 570 2703 637 remedium
2752 589 2823 635 ac
2867 570 3051 636 facile

582 677 664 758 (si
694 677 982 759 pareant)
1011 694 1134 758 quo
1165 676 1372 741 iuvari
1396 677 1503 739 isti
1541 676 1798 758 queunt.

672 779 850 843 Hanc
893 779 1176 864 regulam
1222 779 1504 864 suggerit
1533 778 1906 853 Antoninus,
1935 777 2102 860 apud
2125 774 2330 852 Croix,
2371 797 2429 841 11.
2466 777 2656 840 540.:
2691 800 2726 834 «
2757 775 2874 840 Est
2904 794 3049 860 ergo

584 880 805 964 quinta
848 881 1088 965 regula,
1145 881 1527 945 obedientiae
1574 880 1829 944 humilis
1883 879 2179 955 imitatio,
2235 880 2309 943 111
2353 877 2589 943 00111001
2651 877 3055 961 scrupulosus

583 983 857 1066 captivet
876 983 1262 1048 intellectum
1293 1001 1478 1047 suum
1510 982 1691 1046 dictis
1728 982 2081 1065 sapientum
2114 982 2180 1045 et
2209 979 2603 1052 obedientiae
2641 979 3052 1063 superiorum,

590 1089 1163 1169 quantumcumque
1199 1086 1527 1169 scrupulus
1563 1084 1683 1149 sibi
1715 1085 1909 1149 dictet
1939 1083 2113 1148 aliud
2140 1108 2203 1147 ι».

684 1189 768 1251 Et
811 1188 1121 1270 quomodo
1167 1188 1435 1254 formare
1480 1187 1599 1252 sibi
1643 1186 2084 1252 conscientiam
2128 1185 2366 1257 debeat,
2416 1184 2505 1249 sic
2558 1185 2740 1249 docet
2782 1182 3055 1261 LessiuS,

599 1290 762 1373 apud
795 1288 978 1354 Croix
1009 1290 1193 1355 ibid.:
1237 1315 1274 1348 «
1308 1289 1593 1371 quamvis
1639 1308 1776 1374 ego,
1811 1288 2015 1371 quoad
2062 1306 2180 1365 me,
2214 1288 2423 1371 potius
2459 1286 2800 1352 iudicarem
2832 1304 2931 1350 me
2977 1284 3059 1349 ad

598 1393 715 1457 hoc
760 1391 954 1456 teneri
998 1411 1109 1456 seu
1139 1393 1258 1457 hoc
1288 1410 1417 1456 esse
1454 1393 1777 1475 peccatum
1809 1392 1954 1463 etc:
1990 1391 2137 1472 quia
2184 1392 2391 1454 tamen
2432 1406 2608 1454 meus
2644 1387 3059 1455 confessarius

599 1495 751 1559 dicit
779 1494 1179 1572 contrarium,
1214 1513 1467 1578 possum
1514 1496 1578 1558 et
1622 1494 1764 1559 volo
1803 1492 2001 1558 facere
2046 1494 2182 1569 hoc,
2237 1490 2402 1574 quod
2446 1491 2553 1557 ille
2597 1490 2753 1556 mihi
2798 1490 2950 1555 dicit
2993 1491 3059 1554 et

600 1599 804 1663 certus
835 1617 993 1675 sum,
1032 1617 1132 1662 me
1168 1598 1320 1662 bene
1350 1597 1576 1675 facere3
1616 1597 1766 1679 qnia
1790 1598 1957 1661 Deus
1982 1596 2139 1673 vult,
2174 1598 2250 1659 ut
2285 1595 2530 1672 faciam,
2569 1594 2735 1677 quod
2767 1593 2873 1659 1110
2902 1591 3059 1659 1111111

599 1700 767 1775 dicit,
805 1718 950 1764 cum
988 1701 1117 1782 ipse
1149 1699 1304 1763 mihi
1335 1699 1420 1764 sit
1463 1699 1766 1782 interpres
1804 1699 2050 1763 divinae
2080 1697 2426 1762 voluntatis
2466 1722 2526 1760 ».

688 1802 823 1883 Quo
857 1804 1096 1885 spectat
1140 1803 1250 1866 illa
1297 1801 1603 1866 sententia
1649 1821 1698 1865 S.
1748 1800 2020 1884 Philippi
2068 1798 2259 1878 Nerii,
2310 1800 2475 1882 apud
2521 1818 2570 1864 S.
2618 1799 2805 1883 Alph.
2838 1799 2946 1865 lib.
2997 1800 3059 1863 1.
3100 1860 3121 1883 ,

598 1926 659 1970 11.
703 1907 806 1969 12.
846 1930 881 1964 ‹
919 1904 1038 1985 Qui
1082 1905 1376 1988 proficere
1419 1905 1483 1968 in
1532 1905 1634 1968 via
1681 1905 1797 1969 Dei
1842 1902 2123 1986 cupiunt,
2156 1902 2535 1968 submittant
2584 1922 2650 1968 se
2687 1902 3059 1970 confessario

599 2007 802 2084 docto,
842 2008 941 2070 cui
990 2006 1280 2071 obediant
1323 2009 1398 2071 111
1444 2008 1596 2071 Deo.
1629 2004 1751 2085 Qui
1782 2005 1874 2070 ita
1922 2006 2232 2088 operatur,
2268 2004 2344 2069 fit
2388 2022 2641 2071 securus
2682 2024 2718 2069 a
2753 2004 3060 2070 reddenda

600 2109 840 2174 ratione
886 2109 1251 2173 cunctarum
1296 2108 1615 2174 actionum
1676 2127 1934 2173 suarum
1968 2132 2028 2171 ».
2068 2107 2240 2187 Quae
2287 2110 2382 2173 est
2427 2108 2735 2174 sententia
2782 2107 3063 2173 omnium

603 2209 709 2276 SS.
744 2214 809 2276 et
837 2212 974 2275 DD.

695 2309 856 2383 231.
889 2313 1083 2378 Porro
1117 2331 1226 2397 pro
1265 2311 1668 2379 Confessariis
1699 2313 1850 2378 haec
1878 2314 2118 2378 monita
2159 2314 2412 2391 faciunt,
2447 2313 2613 2397 apud
2642 2311 2833 2379 Croix
2862 2314 2971 2378 lib.
3002 2314 3063 2377 1.

605 2436 666 2481 n.
703 2417 851 2481 529.
891 2416 1264 2499 Plerumque
1294 2416 1379 2480 sit
1407 2416 1581 2480 mitis
1618 2434 1768 2500 erga
1798 2416 2250 2499 scrupulosum,
2291 2434 2367 2480 ne
2398 2415 2630 2481 afflicto
2662 2415 3066 2481 afflictionem

607 2518 830 2584 addat:
865 2518 1233 2601 quandoque
1271 2521 1479 2584 tamen
1511 2518 1702 2584 etiam
1739 2519 1920 2583 iuvat
1965 2518 2318 2596 austeritas,
2362 2519 2437 2583 111
2482 2518 2820 2604 expugnari
2868 2517 3068 2602 possit

607 2622 911 2686 tenacitas
954 2620 1169 2685 iudicii
1199 2623 1261 2685 in
1293 2621 1667 2704 poenitente.
1701 2620 1820 2685 Sed
1849 2623 1966 2686 hoc
2011 2621 2280 2687 remedio
2329 2641 2451 2687 non
2483 2622 2722 2698 utatur,
2772 2622 2892 2688 nisi
2923 2640 3069 2686 cum

607 2722 1080 2788 mansuetudine
1116 2725 1180 2788 et
1207 2723 1497 2806 inspectis
1530 2723 1700 2806 prius
1739 2724 2024 2789 omnibus
2050 2723 2355 2789 adiunctis
2380 2742 2673 2808 personae
2709 2727 2863 2800 etc.;
2895 2743 2972 2789 ne
3002 2722 3067 2788 in

607 2825 1096 2908 desperationem
1128 2826 1410 2908 superius
1439 2825 1778 2889 indicatam
1812 2825 2116 2908 impellat.

697 2927 1122 2994 confessarius
1162 2928 1503 3013 poenitenti
1548 2929 1917 3011 respondeat
1960 2930 2250 3010 resolute,
2299 2931 2509 3006 recise,
2558 2948 2680 2995 non
2726 2930 3063 3006 haesitanS,

607 3050 731 3097 non
776 3030 1050 3096 multum
1096 3031 1500 3116 distinguens,
1537 3031 1641 3096 sed
1690 3032 1974 3097 absolute
2005 3033 2333 3097 enuntians
2381 3032 2529 3114 quid
2572 3031 2922 3096 faciendum
2958 3031 3065 3109 sit,

608 3154 847 3219 semper
890 3135 1199 3217 sequendo
1232 3134 1472 3218 partem
1505 3135 1925 3219 benigniorem
1971 3136 2035 3200 01
2081 3135 2502 3201 dubitationes
2540 3135 2952 3218 interpretans
2998 3134 3067 3198 in

608 3238 928 3303 meliorem
973 3238 1235 3320 partem.
1283 3236 1620 3319 Nunquam
1667 3237 1878 3301 autem
1925 3237 2029 3301 det
2059 3237 2365 3302 rationem
2412 3237 2512 3302 sui
2558 3236 2870 3320 responsi;
2921 3235 3073 3318 quia

611 3359 785 3405 secus
816 3340 929 3403 has
962 3339 1361 3421 scrupulosus
1397 3339 1613 3421 postea
1649 3339 1963 3403 examinat
2008 3340 2247 3421 sibique
2297 3341 2411 3404 aut
2457 3339 2677 3406 dubias
2716 3338 2918 3404 reddit
2954 3339 3072 3403 aut

612 3443 678 3505 in
723 3459 937 3504 casum
983 3459 1168 3503 suum
1212 3440 1419 3504 minus
1472 3441 1775 3522 quadrare
1829 3443 2121 3505 autumat
2166 3445 2231 3507 et
2274 3443 2363 3507 sic
2408 3462 2472 3508 se
2509 3443 2717 3528 magis
2762 3442 3067 3525 implicat.

614 3542 771 3608 Ibid.
814 3541 964 3605 530.

705 3643 845 3707 Non
893 3643 1172 3726 patiatur
1219 3644 1336 3708 sibi
1391 3647 1649 3728 proponi
1709 3664 2130 3729 quoscumque
2180 3648 2505 3730 scrupulos
2561 3649 2626 3712 et
2686 3646 2916 3725 dubia3
2966 3646 3077 3713 sed

614 3746 861 3830 quando
893 3748 1213 3813 moraliter
1244 3751 1448 3813 certus
1479 3752 1593 3826 est,
1636 3749 1797 3814 idest
1826 3749 2157 3833 prudenter
2192 3751 2463 3816 iudicare
2501 3753 2727 3836 potest,
2763 3751 2919 3816 nihil
2950 3751 3075 3816 uisi

616 3850 977 3933 scrupulum
1031 3850 1424 3926 afferendum,
1474 3851 1755 3916 dimittat
1802 3851 1881 3916 ad
1925 3853 2421 3919 communionem
2467 3853 2659 3919 etiam
2709 3873 2833 3919 non
2896 3853 3080 3919 audi·-

616 3956 773 4018 tum.
814 3953 1023 4030 Ratio,
1062 3953 1210 4035 quia
1241 3954 1357 4018 hae
1384 3954 1903 4037 interrogationes
1935 3956 1999 4019 et
2034 3955 2381 4037 frequentes
2410 3975 2698 4022 recursus
2737 3957 2813 4021 ad
2844 3956 3082 4022 confes-

611 4057 848 4121 sarium
892 4057 1040 4120 sunt
1095 4057 1290 4120 veluti
1348 4056 1553 4120 frictio
1610 4056 1857 4132 scabiei,
1907 4075 2066 4138 quae
2122 4058 2327 4140 placet
2386 4058 2654 4139 quidem,
2704 4059 2811 4123 sed
2869 4062 3076 4124 nocet.

613 4158 769 4222 Ibid.
806 4159 955 4221 531.

702 4258 1081 4340 Quandoque
1112 4261 1387 4325 suaviter
1424 4260 1700 4339 irrideat,
1737 4261 1887 4326 dum
1924 4261 2214 4344 proponit
2247 4262 2455 4347 aliqua
2502 4263 2709 4328 minus
2742 4262 3077 4346 prudentia

612 4360 802 4425 dubia
832 4361 1165 4443 iubeatque
1202 4364 1496 4447 cogitare,
1532 4363 1683 4444 quid
1713 4382 2120 4447 responsurus
2150 4365 2281 4447 ipse
2319 4367 2498 4442 esset,
2534 4364 2589 4430 si
2623 4365 2700 4430 ab
2733 4365 2855 4431 alio
2886 4366 3081 4432 inter-

614 4465 941 4546 rogaretur
971 4463 1345 4545 mandetque
1376 4463 1646 4548 idipsum
1679 4465 1897 4530 facere.
1934 4467 2090 4531 Ibid.
2134 4467 2282 4530 532.

706 4567 919 4649 Quoad
959 4571 1269 4634 monitum
1299 4571 1374 4634 A.
1410 4571 1484 4635 de
1529 4573 1921 4656 generalibus
1953 4573 2185 4658 regulis
2226 4572 2558 4648 tradendis,
2589 4574 2678 4639 sic
2713 4593 2762 4639 s.
2803 4574 3087 4657 Alphon-
