3529 5158
316 382 456 463 [182]
691 396 1044 438 cnan‘rnno
1077 398 1164 438 nn
1201 397 1566 442 nonnarum
1601 402 1727 444 cmu
1766 404 2058 446 oprmoma
2096 407 2423 449 Paomimm
2677 397 2782 452 179

319 495 586 559 tentiam
609 498 828 559 contra
860 495 1175 578 propriam
1201 496 1584 578 opinionem;
1613 518 1811 581 neque
1844 501 2194 568 existimare
2218 505 2506 570 debemus
2538 510 2783 572 nostras

324 598 594 664 rationes
627 617 760 662 esse
798 597 1354 662 demonstrationes
1403 599 1732 673 evidentes,
1768 621 1927 682 quae
1958 605 2276 687 oppositae
2315 609 2617 690 opinionis
2650 630 2784 693 pro-

322 701 716 766 babilitatem
747 700 1032 766 auferant
1060 725 1121 764 ».

405 804 489 867 Et
518 802 757 868 Palaus
789 802 864 865 de
905 801 1121 866 Conse.
1148 802 1302 885 disp.
1339 804 1399 866 2.
1426 824 1483 886 p.
1514 805 1573 868 2.
1600 824 1659 869 n.
1689 806 1781 870 3.:
1823 834 1857 865 «
1891 808 2060 873 Inter
2089 813 2437 894 probabiles
2470 815 2784 899 opiniones

323 906 493 971 nulla
518 906 710 970 datur
739 902 1098 985 formaliter
1128 904 1327 969 tutior
1352 906 1414 987 et
1437 908 1708 971 securior
1740 909 1956 974 altera.
1983 911 2207 979 Omnes
2231 917 2393 981 enim
2426 918 2572 981 sunt
2596 937 2787 1000 aeque

322 1026 593 1072 securae.
621 1006 940 1072 Securitas
973 1007 1138 1071 enim
1163 1006 1471 1089 opinionis
1494 1009 1560 1071 in
1584 1028 1655 1073 eo
1695 1010 1819 1074 sita
1850 1015 1964 1089 est,
1990 1017 2065 1078 ut
2097 1034 2355 1099 operans
2380 1039 2449 1083 ex
2472 1019 2583 1083 illa
2614 1020 2787 1085 nullo

327 1109 510 1175 modo
545 1111 750 1174 Deum
797 1108 1084 1174 offendat.
1119 1106 1275 1172 Cum
1323 1129 1470 1193 ergo
1520 1130 1777 1193 operans
1824 1133 1895 1178 ex
1942 1117 2226 1199 opinione
2262 1123 2566 1203 probabili
2612 1123 2785 1188 nullo

329 1213 511 1278 modo
551 1215 756 1277 Deum
805 1210 1091 1289 offendat,
1126 1211 1411 1289 efficitur,
1454 1232 1645 1294 aeque
1692 1234 1977 1282 securum
2016 1237 2163 1297 esse,
2199 1241 2270 1287 ac
2316 1224 2368 1287 si
2399 1244 2471 1288 ex
2503 1224 2787 1308 opinione

324 1315 632 1379 securiore
681 1316 1040 1397 operaretur
1069 1338 1130 1376 ».
1179 1314 1260 1377 Et
1304 1314 1451 1377 ibid.
1491 1335 1551 1378 n.
1587 1318 1682 1379 2.:
1738 1342 1774 1375 «
1808 1316 1873 1381 Si
1921 1321 2145 1386 teneris
2191 1325 2365 1406 sequi
2413 1326 2781 1409 opinionem,

329 1437 486 1499 quae
511 1417 629 1480 tibi
655 1416 1035 1500 probabilior
1065 1419 1323 1498 apparet
1345 1436 1541 1499 neque
1564 1420 1739 1500 potes
1766 1439 1835 1483 ex
1860 1422 2164 1503 probabili
2189 1426 2453 1491 aliorum
2480 1430 2785 1494 sententia

321 1519 583 1603 operari,
617 1518 789 1582 mille
820 1517 1124 1600 scrupulis
1158 1518 1386 1601 agitari
1423 1519 1603 1583 debes
1634 1523 1696 1584 et
1729 1522 1993 1606 singulis
2025 1526 2192 1591 horis
2228 1528 2599 1615 obligaberis
2631 1551 2785 1614 opus

329 1622 589 1693 variare,
631 1640 773 1684 cum
818 1621 944 1683 iam
977 1620 1086 1683 uni
1117 1620 1410 1702 opinioni,
1451 1623 1527 1684 ut
1556 1623 1977 1705 probabiliori,
2012 1626 2344 1694 adhaereas
2375 1632 2503 1696 iam
2549 1636 2788 1697 eontra-

333 1724 478 1797 riae,
521 1726 596 1787 ut
644 1722 796 1786 bene
843 1721 1127 1804 expendit
1162 1720 1340 1786 Salas
1379 1723 1481 1785 Tr.
1517 1725 1577 1787 8.
1610 1723 1766 1808 disp.
1800 1725 1962 1791 unic.
1997 1732 2143 1792 sect.
2177 1731 2238 1793 3.
2272 1752 2332 1795 n.
2367 1734 2471 1797 68.

407 1824 514 1889 Sic
546 1827 611 1889 et
640 1825 944 1898 BecanuS,
984 1824 1105 1888 duo
1147 1824 1440 1889 adhibens
1479 1825 1799 1909 principia,
1835 1829 2242 1895 extrinsecum
2280 1855 2491 1909 unum,
2520 1836 2787 1901 alterum

326 1929 731 1994 intrinsecum
769 1928 845 1990 de
874 1928 1020 1991 Act.
1055 1926 1220 1990 hum.
1252 1947 1384 2010 cap.
1419 1929 1480 1991 4.
1516 1948 1573 2010 q.
1602 1930 1662 1993 9.
1698 1949 1756 1993 n.
1794 1931 1892 1994 3.:
1934 1957 1967 1989 «
2000 1931 2256 2012 Quando
2296 1940 2442 2001 sunt
2472 1938 2629 2004 duae
2663 1941 2789 2022 opi-

325 2034 542 2097 niones
575 2051 770 2113 aeque
802 2030 1149 2114 probabiles
1197 2030 1357 2095 circa
1401 2031 1551 2095 facti
1597 2033 1988 2099 honestatem
2036 2039 2149 2101 aut
2192 2041 2645 2124 turpitudinem
2677 2045 2789 2106 aut

329 2136 802 2222 obligationem,
861 2136 1012 2199 tunc
1064 2133 1328 2198 liberum
1382 2136 1477 2198 est
1530 2136 1704 2217 sequi
1758 2137 2128 2204 alterutram
2184 2143 2550 2225 opinionem,
2601 2164 2789 2227 quam

331 2241 545 2306 velis...
579 2239 708 2303 Est
749 2239 1091 2303 eomnnmis
1135 2239 1463 2301 sententia.
1497 2238 1580 2301 Et
1623 2239 1957 2321 probatum
2007 2243 2153 2323 quia
2198 2244 2263 2308 in
2309 2246 2427 2309 tali
2472 2266 2619 2311 casu
2664 2266 2787 2312 non

325 2347 419 2408 est
449 2344 639 2419 ratio,
682 2362 792 2407 cur
824 2361 1016 2406 unam
1047 2341 1256 2424 potius
1288 2341 1460 2423 sequi
1492 2360 1733 2405 necesse
1764 2342 1870 2416 sit,
1902 2363 2091 2425 qnam
2125 2346 2386 2413 alteram
2418 2375 2479 2411 ».
2504 2349 2587 2413 Et
2616 2370 2676 2414 n.
2703 2351 2786 2414 4.:

342 2474 373 2505 «
411 2448 608 2512 Porro
644 2446 888 2510 axioma
917 2442 1095 2508 illud.
1128 2443 1214 2506 In
1242 2442 1452 2506 dubiis
1486 2445 1676 2506 tutior
1691 2465 1858 2524 pars
1903 2450 1997 2509 est
2030 2448 2337 2530 εἶτ’ρθηᾱα,
2370 2452 2614 2533 quando
2664 2471 2793 2536 spe-

342 2549 614 2614 culative
647 2546 897 2630 quidem
944 2545 1167 2611 dubius
1198 2544 1396 2628 (quis)
1427 2548 1540 2623 est,
1575 2547 1680 2611 sed
1727 2549 1937 2613 tamen
1982 2551 2251 2634 practice
2282 2558 2487 2620 certus
2520 2556 2632 2630 est,
2666 2573 2789 2622 non

301 2657 541 2738 ‚urget
593 2651 773 2731 Quod
818 2654 969 2715 tunc
1013 2649 1107 2722 fit,
1155 2647 1402 2730 quando
1449 2649 1521 2722 is,
1571 2650 1678 2732 qui
1725 2653 2104 2734 speculative
2150 2655 2374 2722 dubius
2422 2660 2534 2734 est,
2584 2661 2791 2742 potest

343 2776 409 2820 ex
452 2755 643 2820 certis
693 2753 1008 2836 principiis
1045 2751 1332 2835 practicis
1365 2750 1597 2826 elicere,
1632 2756 1963 2837 utramque
1992 2759 2232 2839 partem
2278 2759 2340 2823 in
2374 2761 2547 2845 praxi
2580 2764 2787 2826 tutam

327 2878 452 2925 esse
483 2885 544 2921 »-

413 2958 573 3032 182.
609 2960 783 3024 Haec
817 2958 1038 3040 itaque
1069 2960 1133 3021 et
1166 2956 1288 3021 alia
1321 2957 1625 3022 eiusmodi
1655 2961 1803 3023 sunt
1834 2960 2059 3025 altiora
2091 2964 2411 3048 principia,
2446 2966 2671 3047 quibus
2699 2967 2790 3031 in-

337 3064 558 3128 nititur
592 3062 874 3127 doctrina
912 3060 988 3124 de
1013 3059 1375 3132 adhibenda,
1403 3077 1513 3124 ceu
1535 3059 1881 3125 honestatis
1912 3065 2149 3147 regula,
2177 3067 2461 3148 opinione
2484 3067 2790 3149 probabili

332 3170 392 3232 et
425 3167 654 3249 quibus
688 3165 948 3230 debetur
984 3161 1286 3226 certitudo
1316 3161 1657 3225 honestatis
1688 3163 1750 3225 in
1784 3164 2041 3247 agendo.
2074 3165 2245 3244 Quae
2278 3186 2456 3250 saepe
2495 3188 2530 3231 a
2564 3170 2788 3233 Docto-

341 3269 503 3334 ribus
543 3267 1168 3352 praetermittuntur3
1218 3264 1364 3345 quia
1411 3265 1562 3327 nota
1609 3267 2060 3346 supponuntur,
2095 3266 2244 3332 dum
2274 3271 2571 3353 promunt
2600 3289 2790 3351 quan-

338 3371 475 3435 dam
524 3372 718 3435 aliam
763 3369 1073 3434 rationem
1120 3366 1484 3450 proximam,
1518 3366 1865 3430 cuiusmodi
1909 3369 2021 3444 est,
2063 3371 2227 3450 quod
2274 3373 2453 3436 utens
2502 3372 2788 3456 opinione

331 3473 634 3556 probabili
665 3470 1020 3553 prudenter
1061 3472 1231 3550 agat.

413 3576 514 3640 Ita
545 3596 607 3640 v.
628 3596 723 3660 gr.
747 3574 993 3639 ¹Auctor
1021 3573 1233 3636 noster
1254 3571 1317 3634 in
1352 3589 1421 3634 ea
1455 3571 1866 3654 responsione,
1894 3573 1966 3638 de
1991 3594 2113 3656 qua
2146 3578 2553 3661 agimus3qui
2576 3582 2785 3646 tamen

335 3677 394 3742 in
417 3678 598 3743 resol.
626 3679 695 3740 1·
711 3676 883 3741 dubii
909 3676 1024 3739 III.
1044 3694 1170 3755 seq.
1191 3673 1392 3737 reddit
1417 3672 1701 3738 altiorem
1726 3676 2049 3755 rationem,
2077 3680 2244 3761 quod
2267 3679 2370 3744 lez·
2391 3702 2515 3745 non
2540 3683 2786 3766 obliyet‚

329 3783 453 3846 nisi
479 3781 872 3862 sufficienter
887 3780 1302 3858 proponatur.

412 3884 644 3949 Eodem
675 3882 883 3964 modo,
912 3900 982 3945 ac
1004 3881 1260 3954 Auctor,
1279 3899 1430 3944 usus
1463 3882 1558 3944 est
1582 3881 1983 3948 Reiffenstuel
2005 3883 2079 3947 de
2102 3887 2248 3949 Act.
2274 3881 2437 3951 hum.
2467 3889 2529 3951 et
2568 3886 2784 3953 Conse.

331 3987 404 4051 tr.
431 3987 479 4052 Ι.
507 3986 653 4051 dist.
682 3986 745 4049 3.
774 4004 833 4047 n.
854 3985 990 4048 53.:
1023 4009 1058 4042 «
1083 3983 1417 4064 Loquendo
1443 3983 1517 4048 de
1542 3984 1782 4049 actibus
1806 3986 2112 4065 humanis,
2140 3991 2443 4069 quantum
2471 3992 2545 4055 ad
2571 4010 2784 4055 eorum

334 4087 720 4154 honestatem
752 4086 1066 4169 spectatiS,
1105 4086 1298 4150 etiam
1327 4086 1391 4148 in
1424 4105 1722 4151 concursu
1755 4088 2186 4169 probabilioris
2219 4094 2282 4154 et
2313 4092 2583 4170 tutioriS,
2616 4094 2784 4158 licite

334 4191 532 4272 potest
578 4189 732 4273 eligi
780 4190 985 4272 opinio
1018 4209 1156 4251 vere
1194 4189 1460 4270 quidem,
1495 4190 1599 4253 sed
1619 4191 1826 4254 minus
1858 4191 2193 4274 probabilis
2225 4195 2551 4278 minusque
2576 4198 2781 4261 tuta...

327 4291 418 4355 Ita
464 4292 858 4357 communior
903 4291 1362 4374 Theologorum
1409 4293 1768 4375 praesertim
1813 4297 2244 4362 recentiorum.
2280 4298 2467 4365 Ratio
2501 4301 2613 4378 est,
2647 4303 2783 4365 tum

326 4393 466 4475 quia
497 4395 606 4476 qui
631 4393 815 4456 iuxta
840 4393 1188 4476 opinionem
1219 4413 1359 4457 vere
1377 4395 1769 4473 probabilem
1793 4400 2101 4480 operatur,
2128 4420 2253 4464 non
2282 4405 2500 4466 temere
2523 4405 2790 4484 sedpru·

326 4495 541 4560 denter
571 4498 914 4576 operatur:
943 4515 1091 4581 ergo
1137 4517 1260 4561 non
1306 4500 1580 4580 peccat...
1616 4499 1751 4562 tum
1784 4500 1929 4581 quia
1962 4503 2069 4583 qui
2102 4523 2164 4568 se
2205 4505 2552 4571 conformat
2598 4509 2787 4573 dicta-

323 4600 472 4664 mini
505 4597 924 4666 conscientiae
960 4619 1097 4662 vere
1117 4599 1490 4679 probabilis,
1527 4621 1649 4665 non
1682 4603 1932 4685 exponit
1962 4624 2025 4669 se
2058 4607 2172 4671 ulli
2218 4609 2490 4692 periculo
2523 4613 2638 4677 etc.
2673 4637 2733 4675 ».
