3529 5158
712 339 781 393 18
1163 350 1377 390 Tuac‘r.
1414 348 1455 388 1.
1494 348 1578 387 nn
1614 346 1872 387 acrmus
1909 346 2200 390 nuuams.
2237 347 2438 389 capua·
2474 347 2538 387 11.
2577 335 2628 403 ἓ.
2665 334 2717 387 2.
3067 333 3175 409 [22]

711 451 773 514 111
808 468 995 513 causa
1027 444 1535 529 interrogationis
1558 442 1852 526 procedit,
1880 443 2093 506 utrum
2117 461 2333 525 nempe
2363 443 2643 508 confiteri
2666 444 2765 507 vel
2790 463 3013 529 negare
3043 464 3177 508 cen-

713 553 944 628 seatm,
972 550 1079 631 qui
1102 548 1524 631 interrogatus
1547 545 1700 609 nihil
1726 544 2071 627 respondet,
2099 544 2202 609 sed
2228 547 2395 609 tacet
2418 545 2761 626 (Reiffenst.
2789 545 2868 608 ad
2891 564 3020 630 reg.
3039 546 3175 609 44111

713 654 865 716 iuris
895 654 959 715 in
993 652 1062 714 6⁰
1093 671 1152 714 n.
1187 651 1297 732 2.).

804 756 1024 835 ltaque
1057 752 1130 816 ad
1166 754 1328 816 recte
1361 749 1791 834 applicandam
1837 749 2011 812 illam
2058 749 2339 833 regulam
2386 749 2521 812 43111
2553 748 2759 830 quoad
2788 766 3172 827 consensum,

714 858 1036 938 sequentes
1068 872 1330 918 canones
1362 851 1563 917 statui
1593 852 1813 916 solent.

896 960 963 1021 1⁰
1003 958 1127 1036 Qui
1174 960 1333 1019 tacet
1360 956 1433 1019 in'
1458 953 1932 1033 favorabilibuS‚
1966 955 2312 1017 consentire
2342 952 2606 1016 videtur.
2639 953 2776 1018 Hoc
2821 955 2993 1018 extra
3040 972 3178 1018 con·

713 1061 1082 1125 troversiam
1102 1079 1239 1124 esse
1273 1059 1452 1123 debet
1484 1062 1547 1123 et
1578 1057 1726 1122 inid
1750 1058 2057 1122 consentit
2081 1057 2425 1122 communis
2449 1057 2585 1122 DD.
2611 1057 2938 1122 sententia.
2964 1058 3173 1135 Ratio,

714 1163 859 1244 quia
892 1163 955 1225 in
987 1162 1176 1225 dubio
1208 1160 1432 1225 merito
1465 1159 1529 1223 id
1560 1160 1995 1241 praesumitur,
2031 1158 2109 1223 ad
2140 1159 2307 1240 quod
2338 1159 2643 1224 naturalis
2676 1158 2918 1225 affectio
2950 1162 3014 1224 et
3045 1177 3178 1242 pro·

717 1265 927 1347 pensio
961 1283 1072 1328 nos
1104 1263 1293 1327 ducit.

893 1368 962 1428 2⁰
988 1365 1153 1428 Huic
1184 1365 1404 1429 canoni
1436 1363 1684 1445 quidem
1716 1363 1879 1427 hunc
1911 1364 2105 1427 alium
2136 1363 2551 1447 subiungunt:
2588 1363 2711 1443 Qui
2739 1383 2881 1427 vero
2904 1365 2976 1427 in
2993 1383 3178 1443 prae-

713 1465 1118 1529 iudicialibus
1162 1466 1257 1530 vel
1287 1466 1518 1529 odiosis
1552 1470 1727 1538 tacet,
1762 1484 1890 1529 non
1935 1465 2181 1528 videtur
2209 1466 2574 1529 consentire.
2608 1463 2726 1529 Sed
2772 1485 2914 1528 cum
2953 1465 3017 1529 in
3047 1465 3180 1528 iure

715 1569 893 1652 plura
926 1568 1309 1652 reperiantur
1347 1568 1642 1651 exempla,
1678 1568 1740 1632 vi
1786 1586 2052 1650 quorum
2083 1570 2293 1632 tacens
2324 1566 2515 1631 etiam
2545 1568 2609 1630 in
2641 1565 3180 1648 praeiudicialibus

715 1672 1060 1736 consentire
1092 1673 1393 1749 censetur,
1427 1671 1568 1735 hinc
1614 1672 1779 1753 aptis
1826 1670 2050 1734 finibus
2090 1669 2355 1734 secunda
2401 1669 2552 1733 haec
2598 1669 2905 1733 sententia
2946 1672 3042 1733 est
3072 1668 3182 1732 cir·

717 1773 1196 1849 cumscribenda,
1230 1773 1396 1855 quod
1426 1776 1814 1854 praestamus
1846 1772 2242 1854 sequentibus
2272 1772 2524 1855 regulis.

894 1877 967 1957 a)
1001 1874 1360 1940 Consentire
1391 1876 1603 1957 itaque
1636 1875 1776 1957 quis
1807 1878 2106 1953 censetur,
2133 1874 2378 1956 quando
2412 1874 2549 1955 quis
2581 1873 2759 1937 facile
2791 1874 3019 1956 potest,
3045 1891 3183 1937 con-

717 1976 1072 2040 tradicendo
1121 1977 1218 2039 vel
1265 1996 1542 2057 expresse
1573 1976 2005 2053 dissentiendo,
2039 1977 2332 2059 impedire
2373 1977 2470 2039 vel
2515 1976 2811 2039 damnum
2842 1976 3177 2059 proprium,

716 2078 812 2140 vel
846 2078 1107 2155 malum,
1143 2077 1221 2141 ad
1253 2077 1416 2158 quod
1450 2077 1850 2141 avertendum
1883 2080 2169 2141 teneatur
2206 2080 2268 2141 et
2299 2080 2507 2140 tamen
2539 2079 2724 2140 tacet.

806 2179 887 2242 Et
923 2178 1087 2261 quod
1121 2181 1361 2261 spectat
1393 2180 1470 2243 ad
1502 2179 1798 2244 damnum
1836 2180 2153 2263 proprium
2185 2180 2524 2244 cavendum
2556 2179 2657 2261 (de
2690 2198 2812 2261 qua
2845 2198 2908 2242 re
2941 2179 3182 2243 habetis

716 2281 971 2346 effatum
996 2281 1179 2345 illud:
1207 2279 1485 2345 Scientia
1508 2285 1570 2345 et
1582 2283 1902 2362 patientia
1924 2302 2289 2346 consensum
2311 2283 2658 2363 operatur),
2683 2284 2860 2364 patet
2883 2282 3180 2364 exemplo,

714 2389 879 2470 quod
913 2389 1270 2471 suppeditat
1298 2389 1396 2452 lex
1428 2389 1707 2471 superius
1738 2390 1935 2453 citata
1967 2408 2038 2453 ex
2070 2389 2328 2473 Digesto
2356 2388 2429 2452 de
2459 2389 2609 2466 filia,
2636 2389 2737 2452 cui
2767 2391 2943 2470 pater
2973 2387 3182 2452 dotem

715 2491 1065 2555 constituit.
1093 2491 1228 2554 Etsi
1261 2491 1424 2554 enim
1454 2492 1657 2554 minor
1687 2509 1885 2572 aequo
1919 2491 2109 2554 videri
2143 2491 2252 2555 dos
2284 2491 2499 2573 possit,
2527 2491 2580 2554 si
2610 2492 2820 2552 tamen
2854 2489 2982 2552 filia
3017 2508 3185 2573 prae-

717 2614 855 2658 sens
903 2592 1213 2656 evidenter
1242 2611 1365 2657 non
1396 2594 1852 2670 contradixerit,
1887 2594 2229 2658 consentire
2268 2595 2568 2658 censetur.
2600 2592 2790 2656 Aliud
2836 2593 3180 2675 exemplum

716 2699 1011 2780 praebent
1056 2697 1389 2778 sponsalia,
1423 2717 1583 2778 quae
1613 2702 1896 2780 parentes
1929 2718 2037 2780 pro
2069 2699 2215 2763 filiis
2262 2698 2390 2763 sive
2436 2699 2766 2781 puberibus
2813 2698 2941 2763 sive
2987 2697 3186 2782 impu-

716 2799 964 2866 beribus
996 2799 1390 2877 contrahunt,
1426 2818 1548 2881 qua
1596 2799 1667 2863 de
1712 2819 1777 2863 re
1808 2801 1873 2864 in
1903 2820 2035 2884 cap.
2067 2801 2231 2865 unic.
2267 2801 2325 2883 ς.
2359 2800 2537 2880 final.
2572 2800 2646 2864 de
2683 2799 3182 2879 Desponsatione

718 2901 1107 2980 impuberum
1136 2901 1200 2965 in
1235 2901 1303 2963 60
1327 2902 1415 2966 sic
1445 2901 1803 2966 Bonifacius
1827 2902 2033 2966 VHI.:
2067 2928 2102 2961 «
2127 2903 2318 2968 Porro
2352 2922 2424 2967 ex
2455 2902 2864 2985 sponsalibuS,
2890 2921 3051 2984 quae
3084 2920 3184 2984 pa·

717 3006 921 3068 rentes
953 3022 1062 3085 pro
1093 3003 1239 3067 filiis
1271 3004 1602 3086 puberibus
1633 3005 1732 3068 vel
1776 3005 2198 3086 impuberibus
2237 3005 2599 3086 plerumque
2635 3003 3032 3080 contrahunt,
3066 3003 3183 3086 ipsi

717 3105 852 3181 filii,
879 3105 933 3170 si
963 3125 1240 3187 expresse
1271 3106 1687 3170 consenserint
1718 3106 1816 3170 vel
1847 3106 2055 3184 tacite,
2083 3109 2156 3170 ut
2188 3107 2241 3170 si
2273 3108 2621 3188 praesentes
2646 3105 2876 3169 fuerint
2907 3124 3017 3168 nec
3047 3122 3184 3168 0011-

715 3207 1101 3284 tradixerint,
1138 3208 1496 3292 obligantur
1527 3234 1588 3270 ».
1616 3210 1715 3273 Ita
1747 3211 1811 3272 et
1855 3209 2083 3273 locatio
2132 3209 2231 3273 vel
2271 3208 2565 3273 alienatio
2613 3208 2699 3272 rei
2745 3206 3070 3284 Ecclesiae,
3105 3205 3180 3268 ad

717 3331 904 3391 quam
941 3312 1291 3391 requiratur
1320 3330 1652 3377 consensus
1682 3311 1962 3394 capituli,
1989 3311 2042 3375 si
2073 3312 2190 3376 hoc
2220 3312 2448 3377 sciente
2480 3313 2543 3375 et
2572 3329 2694 3376 11011
2726 3308 3182 3374 contradicente

718 3412 848 3480 fiat,
883 3413 1223 3476 consentire
1271 3414 1615 3495 capitulum
1661 3417 1962 3478 censetur.
1997 3415 2096 3478 Ita
2142 3415 2206 3478 in
2253 3433 2385 3497 cap.
2436 3412 2904 3484 Continebatur,
2938 3410 3040 3475 De
3086 3409 3183 3473 his

717 3532 876 3590 quae
907 3512 1074 3590 fiunt
1100 3533 1141 3574 α
1160 3512 1452 3590 praelato
1480 3515 1616 3577 sinc
1646 3534 1950 3579 consensu
1978 3515 2259 3595 capituli.

811 3611 940 3682 22.
982 3614 1050 3695 b)
1098 3614 1274 3693 Quod
1321 3635 1465 3680 vero
1512 3619 1751 3698 spectat
1800 3618 1880 3681 ad
1924 3619 2079 3683 illud
2128 3620 2404 3697 effatum,
2452 3619 2618 3700 quod
2664 3618 3180 3683 memoravimus:

720 3715 1001 3780 ch'ente'a
1022 3719 1085 3778 et
1100 3717 1418 3796 patientia
1439 3738 1803 3782 consensum
1826 3725 2139 3798 operatur,
2165 3725 2402 3786 certum
2427 3723 2521 3785 est
2544 3741 2614 3786 ex
2639 3722 2789 3798 iure,
2817 3720 3184 3803 patientiam

720 3819 1001 3882 sufficere
1035 3818 1111 3882 ad
1142 3819 1241 3883 ius
1274 3819 1455 3884 alteri
1501 3821 1831 3885 creandum
1864 3823 2057 3904 (quod
2089 3825 2337 3888 uberius
2367 3826 2677 3887 tractatur
2707 3824 2771 3887 in
2802 3822 3080 3886 tractatu
3112 3820 3184 3884 de

719 3922 969 3987 iustitia
995 3924 1057 3985 et
1079 3923 1231 4000 iure,
1259 3923 1366 3987 ubi
1390 3922 1463 3986 de
1488 3924 1941 4007 servitutibus).
1969 3926 2068 3989 Ita
2093 3924 2223 4006 leye
2253 3926 2307 3987 1.
2330 3924 2387 4006 g.
2417 3926 2475 3987 2.
2495 3923 2649 4004 De‘y.
2668 3922 2742 3986 de
2766 3920 3186 3986 Set-vitutibus

708 4025 1120 4103 praediorum
1164 4026 1543 4089 rusticorum
1573 4017 1680 4090 lib.
1715 4028 1776 4089 8.
1810 4028 1912 4091 tit.
1944 4029 2036 4090 3.:
2071 4052 2105 4084 «
2137 4027 2392 4091 traditio
2424 4026 2607 4109 plane
2637 4028 2701 4090 et
2731 4023 3036 4107 patientia
3068 4041 3188 4088 ser-

720 4127 995 4190 vitutum
1040 4127 1291 4192 inducet
1322 4129 1595 4192 officium
1627 4129 1929 4211 praetoris
1961 4155 2022 4191 ».
2057 4128 2247 4193 Cuius
2294 4130 2433 4207 loci,
2468 4146 2890 4211 quaecumque
2933 4125 3186 4190 tandem

724 4228 806 4290 sit
838 4227 1022 4291 lectio
1068 4230 1337 4311 genuina
1384 4230 1552 4310 (vide
1597 4233 1814 4295 notam
1862 4232 2228 4297 Gothofredi
2274 4232 2351 4295 ad
2391 4231 2553 4295 hunc
2598 4231 2834 4312 locum)
2866 4246 3082 4293 sensus
3114 4244 3185 4292 eo

725 4328 902 4404 redit,
941 4331 1010 4392 ut
1041 4330 1342 4411 patientia
1375 4331 1556 4412 plane
1586 4351 1708 4397 non
1739 4352 1914 4398 secus
1946 4354 2017 4398 ac
2048 4334 2382 4398 traditione
2413 4333 2778 4397 servitutem
2807 4329 3062 4395 inducat
3093 4326 3186 4392 of—

724 4429 932 4494 ficium
980 4432 1299 4512 praetoriS,
1334 4433 1433 4497 vel
1479 4434 1602 4500 alio
1650 4436 1870 4501 modo:
1904 4437 2233 4501 servitutes
2280 4435 2444 4500 tradi
2489 4432 2800 4517 patiendo.
2833 4432 2914 4496 Et
2961 4429 3186 4496 Glossa

724 4531 905 4594 verba
956 4532 1063 4596 illa
1092 4555 1106 4596 :
1155 4537 1218 4596 ct
1254 4536 1573 4613 patientia
1618 4537 1880 4621 explicat
1907 4561 1920 4602 ε
1963 4538 2126 4602 idest
2171 4538 2506 4618 Jmte'cnte'a.
2556 4534 2917 4617 Requiritur
2977 4535 3188 4597 tamen
