3529 5158
719 361 827 416 180
1181 372 1392 414 ruer.
1433 372 1497 411 11.
1536 370 1623 411 nn
1657 368 2074 412 consumit-na.
2111 369 2308 412 capu-r
2344 369 2410 411 11.
2448 369 2594 412 nnn.
2634 369 2699 409 11.
3027 352 3186 428 [182]

803 472 904 536 Ita
934 471 1088 537 Voit
1116 469 1417 535 recentior
1448 469 1569 533 vol.
1606 469 1654 532 1.
1691 489 1750 532 n.
1789 468 1921 532 77.:
1968 492 2003 526 «
2037 466 2175 533 Non
2226 470 2465 541 temere,
2498 465 2611 530 sed
2624 465 2978 547 prudenter
3021 466 3180 546 aqe‘t,

718 575 827 657 qui
872 573 1152 655 sequitur
1198 572 1567 656 opinionem,
1616 589 1775 653 quae
1821 589 1943 635 non
1988 572 2085 635 est
2129 570 2330 634 aliena
2378 589 2414 633 a
2459 571 2628 635 recta
2673 569 2946 644 ratione;
2998 568 3178 650 atqui

717 674 923 758 opinio
960 692 1097 739 vere
1127 673 1463 756 probabilis
1499 692 1621 738 non
1667 675 1763 737 est
1794 672 1995 737 aliena
2034 691 2070 735 a
2109 673 2279 735 recta
2321 671 2626 736 ratione...
2677 671 2904 753 quippe
2952 670 3178 735 nititur

716 779 854 843 tum
875 777 1056 863 gravi
1086 776 1470 854 auctoritati,
1510 777 1648 840 tum
1679 776 1859 859 gravi
1896 775 2127 839 rationi
2169 801 2231 838 ».

803 880 905 945 Ita
927 878 1224 944 Nicolaus
1253 878 1570 943 Mazzotta
1603 879 1680 942 tr.
1721 879 1779 942 1.
1812 877 1968 960 disp.
2001 879 2057 941 1.
2091 896 2151 958 q.
2172 878 2233 940 4.
2267 895 2400 959 cap.
2428 878 2530 940 4.:
2572 900 2607 934 ⁴<
2630 874 2772 940 Non
2805 879 3037 958 peccat,
3064 876 3175 957 qui

714 982 1007 1066 operatur
1041 980 1217 1045 iuxta
1263 980 1615 1064 opinionem
1657 979 1865 1044 minus
1911 963 2294 1061 probabilem
2339 978 2413 1042 de
2458 978 2710 1042 licentia
2757 977 3038 1053 actionis,
3090 997 3180 1041 re-

708 1085 860 1150 licta
897 1082 1307 1167 probabiliore
1337 1082 1586 1148 tutiore.
1637 1082 1737 1145 Ita
1784 1082 1920 1145 DD.
1960 1081 2483 1146 communissime.
2523 1080 2813 1144 Ratio....
2861 1080 3015 1161 quia
3062 1081 3175 1160 qut

707 1185 1052 1267 prudenter
1081 1187 1396 1264 operatur,
1428 1187 1821 1264 nonpeecat‚·
1853 1183 1958 1248 sed
1988 1183 2097 1265 qui
2130 1184 2421 1266 operatur
2458 1182 2795 1247 secundum
2826 1182 3180 1264 opinionem

714 1290 918 1354 minus
964 1287 1345 1371 probabilem
1377 1288 1491 1350 etc.
1526 1286 1855 1369 prudenter
1893 1288 2205 1370 operatur.
2232 1286 2397 1369 Ergo
2446 1286 2561 1349 etc.
2598 1310 2661 1348 ».

805 1392 906 1456 Ita
948 1389 1262 1454 Martinus
1292 1388 1607 1453 Bonacina
1653 1388 1831 1452 Tom.
1867 1390 1926 1451 2.
1960 1388 2117 1472 disp.
2153 1390 2212 1452 2.
2245 1407 2304 1469 q.
2347 1389 2407 1451 4.
2442 1407 2501 1469 p.
2537 1388 2596 1450 9.
2632 1407 2692 1451 n.
2732 1387 2826 1449 4.:
2872 1413 2907 1443 «
2956 1386 3181 1451 Possu-

714 1512 855 1559 mus
909 1493 1139 1574 absque
1185 1491 1433 1574 peccato
1465 1491 1637 1573 sequi
1685 1490 2036 1573 opinionem
2067 1490 2467 1573 probabilem,
2501 1489 2717 1553 relicta
2758 1488 3176 1572 probabiliore

714 1595 964 1662 tutiore.
1005 1593 1195 1658 Ratio
1228 1595 1386 1658 est...
1418 1594 1570 1675 quia
1599 1594 1710 1673 qui
1727 1592 2077 1672 prudenter
2100 1597 2161 1656 et
2193 1591 2659 1657 rationabiliter
2688 1592 2843 1673 ayzft,
2883 1610 3007 1656 non
3041 1611 3182 1674 pec-

714 1700 849 1774 cat;
897 1715 1157 1779 sequens
1195 1696 1407 1761 autem
1434 1695 1767 1761 consilium
1803 1695 2178 1778 prudentum
2208 1695 2530 1760 hominum
2562 1694 2719 1759 satis
2749 1693 3082 1776 prudenter
3113 1697 3178 1757 et

716 1797 1172 1865 rationabiliter
1203 1796 1339 1881 agit
1369 1821 1429 1861 ».

806 1899 1206 1964 Sebastianus
1251 1897 1560 1963 Giribaldi
1606 1900 1685 1962 tr.
1717 1900 1774 1961 1.
1800 1918 1933 1982 cap.
1962 1900 2022 1962 3.
2050 1919 2108 1962 n.
2144 1900 2285 1962 49.:
2343 1924 2378 1955 «
2425 1898 2609 1979 Resp.
2659 1898 2720 1961 3.
2769 1896 3016 1961 licitum
3047 1917 3181 1962 esse

717 2002 891 2084 sequi
919 2002 984 2065 in
1013 2001 1251 2083 praxi...
1286 2001 1638 2083 opinionem
1660 2002 1867 2066 minus
1905 2001 2286 2084 probabilem
2323 2003 2388 2063 et
2416 2001 2622 2065 minus
2656 2001 2927 2064 tutam...
2956 2001 3173 2065 relicta

718 2103 937 2168 tutiori
968 2103 1033 2167 et
1061 2102 1524 2186 probabiliori...
1565 2104 1754 2170 Ratio
1794 2106 1907 2182 est,
1940 2105 2152 2185 quia...
2188 2104 2295 2168 ubi
2326 2120 2448 2168 non
2496 2104 2591 2168 est
2620 2103 2950 2179 evidentia,
3002 2104 3181 2168 adest

717 2208 921 2272 solum
951 2205 1252 2291 obligatio
1276 2207 1608 2290 prudenter
1645 2207 2031 2290 operandi...;
2074 2207 2179 2272 sed
2202 2206 2310 2289 qui
2335 2206 2617 2288 sequitur
2651 2206 3006 2288 opinionem
3036 2225 3179 2272 vere

717 2310 1183 2395 probabilem...‚
1208 2310 1562 2391 prudenter
1598 2315 1912 2392 operatur.
1946 2312 2111 2396 Ergo
2146 2337 2209 2375 ».

805 2412 979 2477 Felix
1024 2412 1312 2477 Potestas
1357 2412 1589 2478 Exam.
1622 2413 1829 2479 eccles.
1858 2414 2009 2479 tom.
2055 2416 2111 2478 1.
2139 2415 2298 2497 part.
2340 2415 2395 2477 1.
2436 2434 2494 2478 n.
2537 2415 2642 2478 59.
2677 2414 2819 2477 60.:
2854 2440 2889 2471 «ι
2914 2411 3176 2492 Quando

718 2515 928 2601 agitur
957 2515 1031 2579 de
1068 2515 1202 2581 sola
1232 2516 1555 2581 honestate
1602 2517 1951 2596 actionis...,
1984 2516 2228 2581 licitum
2254 2519 2350 2582 est
2379 2517 2553 2598 sequi
2586 2516 2935 2598 opinionem
2969 2516 3179 2581 minus

717 2618 1098 2701 probabilem
1120 2619 1185 2681 et
1217 2617 1424 2682 minus
1462 2619 1689 2691 tutam,
1722 2619 1939 2683 relicta
1975 2620 2386 2702 probabiliore
2417 2620 2482 2683 et
2512 2620 2809 2684 tutiore...
2843 2618 3014 2683 Haec
3039 2638 3176 2685 sen·
3214 2698 3224 2708 ·

719 2721 916 2785 tentia
960 2739 1083 2784 non
1129 2720 1226 2784 est
1267 2719 1580 2797 moderna,
1616 2723 1689 2784 ut
1718 2721 1935 2786 dicunt
1978 2723 2275 2787 contrarii
2305 2723 2701 2806 FagnanuS...
2735 2724 2800 2785 et
2837 2720 3178 2798 Gonzalez;

717 2822 823 2887 sed
854 2821 1008 2885 satis
1041 2821 1318 2902 antiqua,
1351 2840 1541 2903 quam
1570 2822 1879 2887 innumeri
1910 2825 2043 2888 DD.
2080 2826 2213 2888 tam
2258 2827 2528 2889 recentes
2560 2844 2748 2906 quam
2781 2824 3025 2906 antiqui
3071 2825 3187 2891 do—

717 2926 919 2990 cent...
954 2924 1140 2989 Ratio
1173 2923 1529 3007 principalis
1559 2926 1716 2989 est...
1745 2925 1892 3007 quia
1922 2927 2031 3008 qui
2063 2929 2354 3010 operatur
2382 2929 2557 2992 iuxta
2590 2928 2940 3010 opinionem
2970 2928 3183 2993 minus

715 3027 1096 3111 probabilem
1127 3027 1192 3091 et
1212 3026 1419 3092 minus
1456 3028 1684 3102 tutam,
1723 3048 1850 3092 non
1883 3032 2123 3103 teme-re,
2155 3029 2269 3094 sed
2287 3029 2637 3108 prudenter
2666 3033 3026 3109 operatur...
3062 3055 3125 3093 ›.

807 3127 1253 3194 Constantinus
1284 3129 1627 3214 Roncaglia
1651 3131 1833 3195 tract.
1866 3133 1921 3195 1.
1948 3152 2007 3213 q.
2046 3133 2104 3197 1.
2130 3152 2262 3215 cap.
2292 3134 2350 3195 2.
2380 3151 2437 3213 q.
2465 3133 2563 3195 3.:
2598 3157 2633 3192 ‹<
2658 3133 2729 3196 In
2762 3135 2939 3214 parte
2961 3133 3185 3196 minus.

717 3231 1024 3317 probabili
1054 3233 1311 3316 apparet
1338 3233 1648 3298 motivum
1678 3253 1888 3318 grave,
1923 3235 2195 3316 adeoque
2218 3235 2477 3318 dignum
2502 3233 2634 3300 viro
2661 3234 2958 3317 prudente
2982 3238 3049 3299 et
3073 3255 3183 3317 per

718 3354 1095 3419 consequens
1132 3333 1376 3399 licitum
1405 3336 1501 3401 est
1529 3336 1706 3401 iuxta
1741 3337 1899 3400 illud
1930 3356 2111 3421 agere
2144 3363 2205 3400 ».

808 3439 1058 3502 Marcus
1104 3435 1366 3520 Str-uggl
1397 3438 1474 3500 tr.
1514 3439 1571 3502 1.
1612 3459 1670 3521 q.
1712 3440 1773 3502 4.
1810 3459 1867 3502 n.
1908 3440 2023 3502 18:
2080 3464 2114 3497 «
2148 3441 2219 3503 In
2266 3441 2529 3505 materia
2572 3440 2728 3505 iuris
2774 3460 2883 3505 seu
2929 3442 3183 3522 quando

717 3538 1000 3623 quaestio
1046 3537 1402 3602 immediate
1447 3539 1650 3604 solum
1697 3543 1794 3605 est
1838 3540 1911 3605 de
1957 3541 2207 3605 licentia
2240 3541 2521 3615 actioniS,
2570 3543 2815 3606 licitum
2851 3544 2966 3618 est.
3003 3545 3179 3625 sequi

717 3639 1088 3705 sententiam
1133 3639 1339 3705 minus
1386 3641 1592 3705 tutam
1644 3642 1709 3706 et
1744 3642 1951 3706 minus
2003 3643 2386 3724 probabilem
2430 3644 2494 3707 in
2543 3663 2844 3709 concursu
2891 3645 3181 3727 probabi-

717 3741 890 3806 lioris
921 3744 986 3806 et
1022 3741 1292 3807 tutioriS.
1344 3743 1442 3806 Ita
1474 3745 1979 3810 communissima
2024 3746 2434 3811 recentiorum
2482 3748 2545 3810 et
2592 3747 2869 3829 plurium
2909 3747 3185 3814 aliorum

717 3864 792 3909 ex
823 3844 990 3910 omni
1036 3846 1247 3911 schola
1291 3847 1507 3910 contra
1554 3847 1770 3911 Patres
1816 3848 2318 3914 Dominicanos...
2370 3849 2623 3913 Ratio...
2671 3868 2707 3913 a
2750 3850 2975 3932 priori;
3027 3853 3179 3933 quia

721 3967 980 4032 sequens
1025 3949 1396 4015 sententiam
1442 3967 1582 4013 vere
1627 3951 1691 4013 et
1735 3951 1897 4015 certe
1942 3951 2323 4035 probabilem
2369 3953 2558 4016 etiam
2596 3952 2659 4017 in
2690 3970 2992 4017 concursu
3038 3973 3187 4037 pro-

719 4052 1037 4117 babilioris
1084 4055 1148 4116 et
1178 4052 1449 4129 tutioris,
1469 4052 1823 4132 prudenter
1851 4058 2161 4134 operatur.
2204 4055 2367 4139 Ergo
2398 4055 2567 4119 licite
2606 4057 2742 4140 agit
2788 4057 2852 4121 et
2890 4056 3185 4122 observat

717 4154 938 4240 legem,
970 4173 1159 4236 quam
1190 4172 1435 4218 servare
1467 4155 1784 4219 tenetur...
1821 4181 1883 4219 ».

809 4258 943 4322 Imo
977 4256 1180 4320 addit:
1221 4280 1258 4313 ‹
1283 4256 1354 4319 In
1377 4256 1641 4321 materia
1671 4257 1826 4322 iuris
1856 4258 2102 4324 licitum
2132 4261 2322 4324 etiam
2346 4264 2441 4325 est
2465 4261 2638 4342 sequi
2656 4260 3029 4326 sententiam
3064 4265 3185 4327 mi·

717 4379 834 4424 nus
866 4359 1072 4421 tutam
1104 4357 1166 4420 et
1202 4373 1608 4422 ΝΟΤΑΒΠᾸΤΕΒ
1636 4360 1844 4424 minus
1890 4362 2303 4443 probabilem;
2354 4362 2687 4428 dummodo
2736 4364 2887 4428 haec
2925 4364 2988 4428 in
3037 4383 3184 4429 con·

720 4480 904 4526 cursu
927 4457 1357 4541 probabilioris
1395 4464 1646 4525 maneat
1676 4482 1816 4528 vere
1841 4464 1904 4527 et
1934 4465 2095 4528 certe
2126 4464 2526 4546 probabilis...
2561 4465 2814 4530 Ratio...
2849 4469 2945 4530 est
2961 4467 3183 4532 eadem

724 4581 883 4645 quae
913 4580 1021 4644 pro
1069 4561 1452 4644 praecedenti
1483 4564 1872 4629 conclusione
1905 4564 2025 4629 fuit
2056 4566 2249 4630 allata
2282 4593 2341 4631 ».
