3529 5158
374 358 523 440 [712]
1114 381 1412 423 noxum.
1449 379 1711 431 nwmu,
1747 378 1891 421 mus
1925 379 2137 421 mmm
2732 366 2842 421 618

384 494 760 559 consequens
799 479 913 556 est,
944 481 1024 543 ut
1056 477 1135 542 ad
1163 478 1308 543 illos
1344 478 1595 541 tantum
1623 476 1860 541 invidia
1888 475 2212 552 habeatur,
2246 476 2471 558 quibus
2493 476 2678 540 homo
2702 476 2842 541 vult

385 598 450 644 se
483 596 747 664 aequare
778 581 878 645 vel
911 581 1213 665 praeferre
1240 581 1305 644 in
1332 580 1553 666 gloria.
1581 579 1716 644 Hoc
1741 581 1954 644 autem
1984 598 2107 644 non
2141 582 2236 643 est
2258 582 2539 662 respectu
2568 579 2841 643 multum

382 701 419 746 a
451 702 515 747 se
546 681 935 748 distantium.
969 682 1198 748 Nullus
1237 683 1399 747 enim
1431 683 1549 747 nisi
1582 683 1837 747 insanus
1885 683 2094 748 studet
2132 701 2194 745 se
2243 701 2506 763 aequare
2537 682 2635 745 vel
2672 699 2841 764 prae-

379 784 536 850 ferre
568 785 630 849 in
664 786 869 870 gloria
900 786 997 863 iia,
1026 786 1134 868 qui
1166 787 1314 850 sunt
1344 786 1546 849 multo
1581 804 1651 849 eo
1676 786 1963 860 maioreS,
1991 785 2144 867 puta
2175 783 2449 867 plebeius
2486 783 2671 850 homo
2709 783 2842 869 regi

385 888 485 952 vel
522 888 712 952 etiam
743 906 849 952 rex
880 888 1137 972 plebeio,
1188 908 1373 970 quem
1419 888 1692 952 multum
1726 885 1981 951 excedit.
2019 887 2104 950 Et
2126 885 2261 950 ideo
2293 886 2390 963 iis,
2425 886 2530 967 qui
2568 886 2842 951 multum

379 988 618 1056 distant
649 991 747 1055 vel
778 990 915 1056 loco
948 990 1047 1055 vel
1093 992 1369 1074 tempore
1407 991 1503 1054 vel
1542 992 1735 1067 statu,
1776 990 1962 1053 homo
1995 1008 2115 1054 non
2147 988 2401 1063 invidet,
2451 989 2552 1052 sed
2586 989 2682 1051 his
2719 988 2838 1071 ‘qui

379 1093 528 1155 sunt
559 1093 910 1175 propinqui,
944 1092 1169 1174 quibus
1200 1112 1265 1157 se
1298 1092 1523 1156 nititur
1569 1110 1833 1173 aequare
1879 1091 1979 1154 vel
2016 1090 2336 1173 praeferre.
2370 1089 2533 1153 Nam
2565 1109 2705 1154 cum
2742 1089 2838 1154 illi

380 1194 680 1259 excedunt
717 1196 781 1259 in
812 1195 1034 1280 gloria,
1070 1194 1290 1258 accidit
1339 1194 1453 1259 hoc
1484 1196 1699 1258 contra
1734 1195 2015 1258 nostram
2052 1193 2396 1258 utilitatem
2434 1195 2497 1256 et
2527 1193 2665 1256 inde
2696 1212 2837 1257 cau-

372 1299 551 1361 satur
582 1298 845 1362 tristitia
876 1322 937 1360 ιι.

462 1400 496 1436 *
531 1399 754 1463 Differt
787 1418 936 1483 ergo
966 1398 1202 1462 invidia
1228 1397 1305 1461 ab
1331 1396 1505 1462 odio:
1543 1396 1753 1462 odium
1787 1398 1926 1462 vult
1947 1398 2185 1461 malum
2215 1397 2478 1480 proximi
2503 1399 2564 1460 et
2595 1397 2669 1460 de
2700 1396 2832 1461 eius

383 1500 543 1566 bono
582 1501 874 1566 tristatur
906 1500 1209 1577 absolute,
1242 1500 1475 1564 invidia
1508 1500 1800 1563 tristatur
1832 1499 1904 1564 de
1934 1500 2094 1564 bono
2128 1499 2390 1582 proximi
2419 1502 2701 1582 respectu
2746 1500 2835 1564 in-

380 1603 648 1668 videntis
685 1604 745 1667 h.
783 1624 834 1667 e.
876 1604 1183 1684 quatenus
1214 1606 1309 1667 est
1346 1601 1791 1665 diminutivum
1829 1603 1973 1666 boni
2004 1602 2351 1666 invidentis.

461 1701 603 1775 ⁷11.
641 1704 801 1769 Cum
851 1708 1063 1770 autem
1108 1703 1341 1768 invidia
1386 1705 1627 1767 ratione
1674 1704 1773 1767 sui
1817 1706 2030 1767 motus
2077 1705 2387 1768 contraria
2424 1704 2508 1768 sit
2553 1703 2829 1769 caritati:

377 1808 609 1874 bonum
644 1809 805 1873 enim
839 1808 1122 1893 proximi,
1157 1808 1321 1891 quod
1353 1807 1582 1871 caritas
1629 1808 1768 1871 vult
1799 1809 1862 1871 et
1907 1808 1981 1871 de
2027 1827 2148 1889 quo
2188 1808 2415 1871 caritas
2446 1806 2697 1891 gaudet,
2734 1809 2832 1871 'm-

373 1909 539 1975 vidia
572 1929 694 1975 non
728 1911 867 1975 vult
898 1912 962 1975 et
992 1909 1065 1974 de
1102 1928 1173 1975 eo
1207 1910 1531 1983 tristatur:
1560 1911 1733 1992 patet
1763 1909 1923 1991 quod
1961 1929 2031 1973 ex
2063 1929 2282 1994 genere
2313 1928 2426 1974 suo
2452 1910 2537 1974 sit
2565 1909 2829 1974 mortale

368 2015 712 2096 peccatum.
748 2011 863 2077 Sed
894 2012 1245 2095 frequenter
1276 2012 1373 2076 vel
1404 2014 1657 2094 propter
1686 2011 2207 2095 imperfectionem
2239 2012 2442 2087 actuS,
2478 2011 2576 2075 vel
2613 2012 2827 2076 levita·

367 2117 496 2179 tem
520 2116 685 2190 boni,
727 2115 799 2179 de
826 2133 948 2197 quo
973 2114 1265 2191 tristariS,
1292 2114 1410 2178 erit
1433 2117 1753 2196 peccatum
1779 2114 2035 2178 veniale.
2063 2113 2123 2178 S.
2151 2113 2422 2178 Thomas
2446 2113 2591 2178 ibid.
2633 2133 2688 2176 a.
2730 2113 2790 2177 3.

455 2218 650 2283 Porro
690 2239 832 2283 cum
866 2237 936 2284 ex
966 2218 1231 2282 tristitia
1272 2217 1343 2281 de
1375 2218 1536 2282 bono
1586 2217 1849 2299 proximi
1895 2216 2074 2300 plura
2105 2218 2254 2280 nata
2293 2217 2416 2280 sint
2456 2217 2600 2280 oriri
2648 2216 2823 2294 vitia,

373 2342 531 2405 quae
570 2322 843 2389 Thomas
876 2325 1200 2387 enumerat
1245 2341 1300 2386 a.
1335 2322 1394 2386 3.
1446 2340 1636 2403 eaque
1682 2322 1832 2384 sunt
1861 2340 2018 2404 quae
2047 2321 2320 2385 recenset
2350 2320 2485 2384 heio
2520 2321 2617 2397 A„
2650 2320 2826 2404 patet

366 2445 475 2490 cur
506 2424 749 2491 dicatur
781 2425 1005 2489 vitium
1039 2423 1322 2508 capitale.
1357 2424 1391 2461 ‘¹‘

456 2528 633 2610 Quod
665 2528 1039 2595 Postillator
1068 2530 1283 2593 monet
1328 2526 1401 2592 de
1437 2526 1722 2591 cavendis
1754 2545 1926 2610 prop.
1967 2527 2066 2590 13.
2113 2526 2214 2590 14.
2254 2526 2356 2590 15.
2390 2526 2700 2591 damnatis
2746 2524 2825 2591 ab

370 2633 579 2697 Innoc.
619 2632 752 2708 XL,
787 2649 900 2696 nos
928 2632 1057 2695 iam
1088 2629 1358 2695 vidimus
1389 2647 1492 2694 eas
1528 2629 1979 2712 propositiones
2023 2629 2325 2706 damnari,
2365 2629 2512 2711 quia
2543 2629 2641 2694 vel
2671 2629 2825 2693 desi-

369 2735 623 2801 deratur
666 2735 905 2800 malum
952 2734 1233 2818 proximi,
1284 2734 1381 2798 vel
1428 2734 1500 2797 de
1545 2734 1679 2817 ipso
1727 2734 1866 2816 quis
1913 2734 2258 2799 delectatur
2289 2734 2819 2812 irrationabiliter,

368 2840 694 2925 propterea
732 2839 897 2923 quod
929 2840 1024 2903 est
1056 2840 1271 2903 contra
1309 2837 1582 2903 ordinem
1614 2837 1915 2901 caritatis.
1950 2837 2041 2902 De
2072 2857 2195 2920 qua
2227 2858 2291 2902 re
2324 2838 2573 2903 uberius
2604 2837 2711 2903 ubi
2747 2837 2821 2902 de

360 2943 571 3008 Praec.
605 2941 922 3007 Caritatis·

469 3085 647 3139 LXIX.
674 3085 824 3150 Resp.
856 3086 905 3137 2.
944 3082 1097 3137 Filiae
1134 3081 1358 3136 similiter
1396 3096 1454 3134 cx
1495 3095 1667 3145 genere
1705 3096 1796 3133 suo
1836 3082 2067 3134 mortales
2106 3086 2217 3132 sunt
2256 3094 2310 3132 ac
2349 3087 2664 3132 numerantur
2703 3083 2811 3133 hae.

370 3173 415 3223 ⁴.
437 3170 631 3230 Odium,
653 3172 713 3224 de
739 3184 835 3234 quo
862 3181 1038 3235 supra:
1065 3171 1115 3222 2.
1147 3167 1413 3230 Detractio,
1436 3167 1495 3218 de
1522 3180 1613 3230 qua
1640 3164 1687 3217 in
1716 3180 1878 3231 praec.
1906 3166 1984 3216 8.:
2012 3167 2059 3216 3.
2088 3163 2328 3216 Gaudium
2349 3162 2397 3215 in
2425 3164 2562 3216 malis
2582 3164 2812 3230 proximi:

368 3256 419 3309 t.
443 3254 742 3320 Susurrat10‚
771 3268 894 3320 quae
921 3259 996 3306 est
1032 3251 1282 3305 oblocutio
1321 3254 1444 3303 mala
1474 3251 1533 3302 de
1574 3249 1815 3316 proximo,
1844 3251 1902 3301 ad
1940 3249 2204 3300 tollendam
2245 3245 2500 3300 amicitiam
2526 3247 2680 3314 ipsius
2705 3263 2814 3302 cum

364 3340 501 3395 aliis:
528 3355 669 3406 quam
696 3338 901 3407 proinde
940 3351 1145 3391 susurro
1184 3334 1443 3389 restituere
1483 3341 1669 3387 tenetur
1706 3340 1755 3385 et
1793 3332 1968 3385 iterum
2006 3330 2340 3395 reconciliare,
2365 3345 2460 3385 non
2488 3345 2629 3385 secus
2656 3346 2710 3385 ac
2735 3335 2814 3386 de-

358 3431 549 3479 tractor
585 3428 770 3477 tamam.
805 3423 930 3477 Vide
967 3421 1016 3475 in
1055 3434 1216 3489 praec.
1245 3423 1293 3473 8.

448 3547 608 3621 712.
642 3548 820 3629 Quod
858 3550 1098 3632 spectat
1127 3547 1204 3611 ad
1241 3547 1747 3620 susurrationem,
1775 3544 2019 3626 quaerit
2050 3564 2097 3607 S.
2138 3543 2320 3627 Alph.
2362 3543 2494 3608 heic
2527 3564 2623 3622 an,
2658 3546 2814 3611 citra

359 3653 852 3730 infamationem,
879 3651 1075 3735 possit
1093 3650 1232 3733 quis
1250 3648 1581 3713 dissolvere
1613 3647 1954 3712 amicitiam
1979 3647 2260 3724 alicuius,
2285 3648 2591 3713 narrando
2619 3651 2815 3714 amico

363 3757 640 3824 defectus
690 3755 948 3820 alterius
988 3753 1301 3818 naturales
1338 3753 1447 3815 aut
1479 3750 1729 3828 simileS,
1764 3751 1932 3816 utin
1981 3751 2254 3815 amicitia
2303 3750 2433 3814 eius
2478 3750 2684 3816 locum
2719 3752 2820 3816 ob-

360 3861 582 3927 tineat.
621 3859 829 3940 Atque
860 3857 1048 3921 habet
1094 3857 1169 3920 ut
1204 3854 1679 3938 probabiliorem
1718 3853 2090 3918 sententiam
2120 3852 2456 3916 dicentium
2487 3852 2548 3915 id
2594 3871 2716 3916 non
2747 3853 2818 3917 ti-

361 3982 502 4026 cere
546 3965 612 4026 et
656 3981 786 4025 esse
832 3959 1133 4023 iniustam
1177 3955 1739 4020 manifestationem
1784 3954 2152 4018 defectuum.
2187 3951 2305 4017 Sed
2336 3953 2411 4016 cf.
2445 3953 2699 4018 dicenda.
2743 3955 2817 4020 de

357 4064 744 4128 detractione
777 4062 892 4126 sub
925 4062 995 4124 8⁰
1023 4060 1365 4142 praecepto.

1355 4199 1812 4265 Resolutiones

426 4346 588 4400 Lxx,
620 4347 665 4397 l.
697 4342 749 4396 Si
776 4341 967 4396 tristitia
991 4341 1058 4396 sit
1094 4342 1155 4394 de
1189 4342 1318 4394 bono
1355 4338 1572 4401 atterius.
1600 4339 1649 4393 in
1674 4345 1906 4405 quantum
1934 4353 1994 4391 ex
2021 4352 2080 4391 eo
2109 4337 2197 4391 tibi
2225 4341 2300 4393 vel
2337 4338 2446 4392 aliis
2484 4338 2627 4393 times
2664 4355 2812 4394 nocu-

349 4438 591 4492 mentum,
614 4444 660 4480 ν.
687 4442 761 4492 gr.
787 4427 1011 4480 inimicus
1036 4435 1148 4480 tuus
1174 4432 1248 4479 est
1266 4431 1468 4478 evectus
1493 4426 1552 4477 ad
1574 4423 1802 4486 officium,
1826 4422 1982 4477 uttibi
2011 4420 2199 4475 facilius
2218 4423 2374 4490 possit
2400 4438 2592 4488 nocere,
2613 4438 2707 4477 non
2735 4433 2812 4478 est

352 4512 563 4578 invidia,
585 4514 671 4566 scd
692 4511 849 4574 timor,
870 4510 953 4576 qui
974 4525 1061 4578 per
1081 4524 1134 4564 se
1154 4524 1248 4562 non
1271 4517 1344 4562 est
1366 4516 1633 4576 peccatum,
1655 4508 1747 4561 nisi
1777 4507 1839 4561 sit
1857 4506 2178 4560 inordinatus.
2200 4509 2368 4572 Laym.
2389 4512 2419 4560 Ι.
2436 4512 2483 4562 2.
2510 4516 2569 4561 tr.
2593 4514 2640 4562 3.
2661 4526 2703 4562 e.
2731 4513 2810 4562 lo.

441 4624 563 4688 Est
592 4619 873 4685 doctrina
911 4618 970 4683 S.
1005 4619 1279 4682 Thomae
1302 4637 1360 4698 q.
1401 4617 1504 4680 cit.
1541 4637 1596 4682 a.
1636 4619 1692 4681 1.
1719 4619 1753 4655 *
