3529 5158
360 350 508 425 [503]
949 364 1354 407 connrnonas
1390 365 1762 413 RansrrAn
1801 367 1885 405 An
1923 365 2248 408 Placen-mr
2717 354 2822 409 471

474 459 699 526 11.Resp.
724 463 772 513 2.
795 460 868 512 Ad
890 466 1141 526 peccatum
1168 460 1480 528 requiruntur
1503 468 1606 514 tres
1630 460 1952 528 conditiones,
1975 467 2029 514 ut
2053 467 2187 528 patet
2212 476 2273 515 ex
2299 460 2452 529 prima
2478 463 2822 529 responsione:

370 549 414 599 t.
442 552 495 600 ut
519 544 583 599 sit
615 542 945 598 voluntarium
969 544 1097 599 idest
1124 552 1177 598 ut
1206 549 1290 599 flat
1314 561 1340 598 a
1368 549 1622 600 voluntate
1644 544 2005 600 consentiente:
2041 549 2091 599 2.
2122 551 2174 600 ut
2199 545 2264 599 sit
2290 545 2499 600 liberum
2525 546 2653 600 idest
2680 555 2732 601 ut
2762 547 2826 601 sit

363 630 411 685 in
448 637 693 699 potestate
730 628 995 683 voluntatis
1033 634 1191 684 tacere
1232 634 1309 684 vel
1347 645 1472 684 non:
1509 633 1556 684 3.
1587 639 1640 684 ut
1678 633 1964 685 advertatur
2002 630 2201 686 malitia.

453 751 611 826 501.
634 753 850 834 Quoad
875 754 1147 836 primum
1179 778 1214 810 «
1235 755 1307 816 ut
1330 753 1416 816 sit
1440 752 1866 816 voluntariam»
1888 777 1950 829 ιι,
1972 752 2122 817 bene
2146 772 2196 816 s.
2218 754 2401 835 Alph.
2422 773 2480 816 n.
2508 755 2566 816 5.
2593 755 2823 830 monet,

364 860 674 924 habendas
708 880 853 943 prae
887 860 1080 924 oculis
1114 860 1319 923 varias
1352 860 1580 942 species
1626 859 1990 932 voluntarii,
2025 860 2388 942 praesertim
2426 858 2727 923 directum
2763 861 2828 923 et

366 962 757 1036 indirectum,
777 961 941 1043 quod
964 961 1074 1025 alii
1095 963 1322 1026 vocant
1340 961 1532 1025 etiam
1557 961 2117 1040 interpretativum.
2146 961 2316 1041 Quae
2342 964 2553 1026 autem
2572 982 2620 1025 s.
2639 962 2823 1045 Alph.

365 1066 510 1130 ibid.
548 1064 722 1129 addit
753 1064 826 1128 de
855 1063 1045 1144 pleno
1085 1083 1385 1129 consensu
1428 1063 1505 1128 ad
1543 1067 1867 1146 peccatum
1903 1063 2186 1137 mortale,
2219 1083 2292 1128 ea
2331 1065 2709 1129 remittimus
2749 1064 2826 1128 ad

363 1168 801 1231 tractationem
834 1166 906 1230 de
936 1167 1116 1251 gravi
1154 1168 1422 1248 peccatO.

1259 1339 1369 1403 Esc
1400 1339 1627 1420 quibus
1664 1340 1933 1404 resolves

474 1511 550 1561 ΙΙΙ.
586 1512 626 1559 Ι.
657 1511 859 1562 Delectu
896 1507 1082 1576 primae
1121 1507 1415 1562 conditionis
1442 1511 1603 1562 nullus
1630 1517 1786 1573 actus,
1815 1510 1899 1575 qui
1925 1524 2080 1575 neque
2119 1515 2192 1563 est
2231 1509 2279 1563 in
2318 1524 2475 1576 neque
2500 1526 2526 1562 a
2557 1513 2828 1579 voluntate,

364 1605 439 1652 est
467 1604 736 1663 peccatum,
767 1597 860 1650 nisi
889 1600 1116 1650 voluntas
1141 1612 1251 1650 enm
1279 1602 1526 1664 acceptet3
1555 1597 1766 1663 ideoque
1793 1612 1880 1651 nec
1907 1598 2110 1665 impedit
2136 1599 2539 1663 communionem,
2565 1599 2671 1652 sive
2698 1599 2740 1652 is
2765 1599 2829 1654 sit

360 1685 600 1746 internuS,
628 1690 682 1736 ut
720 1682 1042 1747 cogitationes
1080 1690 1247 1736 contra
1276 1684 1436 1745 fldem,
1466 1683 1796 1747 blasphemae,
1824 1686 2081 1750 obscenae,
2109 1690 2271 1736 motus
2297 1682 2468 1748 carnis,
2499 1683 2645 1738 etiam
2673 1697 2827 1749 usque

363 1771 423 1823 ad
451 1768 739 1823 effusionem
768 1767 981 1831 seminis,
1003 1767 1108 1820 sive
1134 1774 1368 1820 externus
1387 1781 1443 1820 ac
1474 1766 1736 1834 violentus,
1758 1780 1807 1820 v.
1828 1782 1901 1833 gr.
1925 1775 2147 1835 stuprum
2176 1766 2354 1832 virgini
2381 1783 2472 1835 per
2498 1768 2595 1822 vim
2621 1768 2827 1824 illatum.

453 1892 637 1967 502.
672 1895 909 1959 Auctor
956 1894 1259 1978 triplicem
1311 1894 1566 1958 modum
1612 1894 1865 1970 indicat,
1901 1913 2023 1976 quo
2059 1896 2449 1961 voluntarius
2488 1917 2619 1962 esse
2652 1899 2829 1962 actus

364 2001 599 2084 potest:
650 1999 714 2061 1⁰
761 2018 901 2062 cum
952 1999 1127 2062 actus
1177 1999 1272 2061 est
1318 1997 1387 2058 in
1433 1995 1772 2070 voluntate,
1822 1997 2171 2063 cuiusmodi
2218 2000 2314 2063 est
2361 2001 2537 2064 actus
2585 1999 2829 2064 elicitus

366 2100 615 2177 amoris,
653 2099 796 2176 odii,
832 2098 1135 2174 desiderii,
1178 2099 1605 2163 delectationis
1638 2101 1752 2163 etc.

545 2205 614 2265 2⁰
661 2200 819 2265 Cum
867 2205 961 2265 est
1005 2223 1047 2263 a
1097 2200 1409 2264 voluntate
1449 2200 1704 2282 (directe
1754 2202 1852 2265 vel
1890 2202 2211 2285 indirecte)
2249 2203 2379 2267 scil.
2423 2223 2456 2267 a
2507 2204 2830 2268 voluntate

369 2307 710 2389 imperatur
744 2307 919 2368 actus
954 2304 1053 2367 vel
1083 2304 1397 2387 potentiae
1435 2303 1732 2381 internae,
1769 2325 1827 2367 v,
1867 2324 1960 2388 gr.
1995 2305 2348 2370 intellectus
2383 2306 2459 2370 ad
2492 2310 2704 2389 turpes
2737 2325 2832 2371 co-

366 2409 702 2494 gitationes
744 2408 840 2470 vel
878 2408 1181 2484 externae,
1218 2427 1275 2469 V.
1302 2427 1395 2489 gr.
1432 2426 1572 2470 cum
1606 2407 1884 2471 membra
1921 2410 2133 2472 movet
2165 2408 2242 2472 ad
2276 2410 2486 2473 actum
2518 2408 2828 2486 illicitum,

370 2534 423 2576 v.
458 2533 551 2597 gr.
588 2512 742 2575 furti
774 2512 869 2574 vel
904 2510 1241 2575 homicidii.

543 2617 613 2679 30
660 2615 777 2680 Vel
808 2634 947 2678 cum
990 2614 1280 2678 voluntas
1317 2616 1525 2676 actum
1560 2616 1855 2692 acceptat,
1899 2613 2182 2678 videlicet
2221 2615 2345 2678 alia
2376 2635 2564 2679 causa
2611 2614 2832 2681 excita·

368 2724 537 2789 tum:
574 2739 630 2782 v.
673 2738 765 2801 gr.
802 2719 1013 2798 turpes
1047 2715 1458 2800 cogitationes
1493 2715 1896 2789 admittendo,
1933 2735 2088 2799 quas
2120 2736 2242 2780 non
2273 2718 2409 2801 ipsa
2442 2717 2754 2783 excitavit.

453 2818 686 2885 Deinde
735 2819 1066 2903 distinguit
1114 2820 1289 2882 actus
1337 2821 1475 2882 tum
1507 2820 1808 2892 internos,
1848 2818 1976 2883 sive
2021 2819 2146 2883 sint
2192 2819 2566 2894 intellectus,
2602 2822 2695 2885 uti
2735 2839 2832 2885 co-

367 2924 703 3009 gitationes
742 2922 957 2986 contra
989 2920 1190 2993 fidem,
1228 2921 1356 2983 sive
1402 2920 1890 3004 imaginationis,
1929 2922 2023 2984 uti
2072 2922 2513 3003 phantasmata
2549 2924 2827 2995 obscena,

368 3028 494 3090 sive
544 3025 877 3108 appetituS,
913 3025 986 3087 ut
1034 3024 1241 3086 motus
1290 3024 1509 3096 carnis,
1547 3023 1649 3103 qui
1693 3023 1979 3104 progredi
2013 3026 2220 3104 potest
2255 3044 2447 3103 usque.
2482 3026 2558 3086 ad
2592 3025 2832 3088 effusio-

372 3149 505 3192 nem
540 3127 817 3191 seminis:
855 3128 989 3189 tum
1024 3128 1329 3196 cccternos,
1367 3126 1459 3187 uti
1493 3125 1781 3204 stuprum
1819 3124 2160 3187 violentum
2195 3128 2309 3188 etc.

382 3304 390 3313 ,
463 3225 636 3300 503.
663 3228 849 3291 Hisce
876 3227 1211 3303 adnotatis,
1240 3227 1477 3289 Auctor
1499 3228 1663 3287 recte
1689 3225 1937 3299 statuit,
1966 3226 2148 3288 hosce
2176 3228 2352 3288 actus
2379 3226 2545 3289 omni
2580 3230 2829 3307 peccato

374 3352 596 3408 carere,
614 3331 854 3413 quando
881 3351 987 3394 nec
1013 3330 1239 3393 directe
1266 3348 1372 3391 nec
1397 3327 1687 3391 indirecte
1714 3326 1839 3389 sint
1866 3346 1901 3389 a
1925 3327 2249 3391 voluntate
2275 3348 2382 3391 nec
2408 3347 2510 3391 eos
2536 3329 2828 3410 acceptet.

462 3435 543 3498 Et
566 3435 724 3498 recte
742 3454 790 3498 s.
810 3434 1166 3515 Alphonsus
1193 3451 1249 3493 n.
1279 3430 1337 3493 6.
1360 3433 1587 3503 monet,
1608 3430 1725 3494 hoc
1750 3449 1881 3493 esse
1905 3429 2044 3493 fidei
2074 3430 2321 3513 dogma.
2341 3429 2579 3514 Quippe
2605 3430 2830 3515 Synod.

371 3537 536 3602 Trid.
573 3534 730 3601 Sess.
772 3536 848 3598 V.
884 3535 1124 3598 Decret.
1171 3532 1245 3596 de
1283 3532 1532 3596 Peccat.
1568 3534 1724 3613 orig.
1764 3554 1820 3595 n.
1859 3534 1918 3596 5.
1965 3533 2042 3596 ad
2080 3533 2181 3597 fin.
2218 3534 2290 3598 de
2338 3534 2832 3618 concupiscentia

374 3642 457 3705 ita
493 3639 750 3704 statuit:
785 3662 819 3696 ‹<
845 3637 1095 3701 Manere
1128 3638 1340 3699 autem
1371 3636 1433 3698 in
1467 3635 1803 3717 baptizatis
1837 3637 2398 3720 concupiscentiam
2422 3639 2519 3702 vel
2550 3637 2833 3702 fomitem

372 3744 520 3807 haec
558 3761 606 3805 3.
637 3739 920 3825 Synodus
952 3739 1187 3803 fatetur
1219 3742 1281 3802 et
1315 3738 1531 3813 sentit3
1560 3758 1717 3819 quae
1751 3759 1892 3803 cum
1928 3739 2003 3802 ad
2044 3758 2306 3823 agonem
2341 3741 2556 3804 relicta
2596 3740 2697 3815 sit,
2734 3759 2836 3802 no-

373 3866 501 3910 cere
549 3864 672 3909 non
720 3843 1263 3911 consentientibus,
1300 3841 1403 3905 sed
1454 3840 1713 3906 viriliter
1752 3862 1858 3924 per
1896 3840 2129 3905 Christi
2168 3843 2310 3905 Iesu
2342 3843 2614 3923 gratiam
2662 3861 2837 3922 repu-

374 3948 710 4032 gnantibus
766 3964 886 4010 non
942 3946 1136 4021 valet;
1188 3945 1466 4027 quinimo
1524 3944 1629 4025 qui
1684 3944 1962 4028 legitime
2018 3944 2367 4015 certaverit,
2417 3942 2831 4007 coronabitur.

376 4051 547 4115 Hanc
581 4048 1162 4130 concupiscentiam,
1198 4066 1385 4128 quam
1427 4046 1756 4127 aliquando
1792 4046 2133 4127 Apostolus
2182 4047 2502 4127 peccatum
2542 4044 2833 4126 appellat,

376 4174 421 4217 3.
457 4152 743 4239 Synodus
770 4151 1061 4223 declarat,
1096 4150 1433 4214 Ecclesiam
1466 4148 1838 4213 catholicam
1873 4166 2190 4229 nunquam
2223 4147 2594 4210 intellexisse
2634 4166 2838 4229 pecca-

378 4262 511 4321 tum
547 4254 866 4339 appellari,
903 4253 1066 4334 quod
1092 4273 1230 4316 vere
1264 4255 1326 4317 et
1357 4253 1599 4335 proprie
1625 4252 1687 4315 in
1715 4250 1946 4314 renatis
1979 4251 2300 4333 peccatum
2328 4250 2430 4325 sit,
2466 4249 2570 4313 sed
2595 4250 2740 4331 quia
2766 4269 2838 4313 ex

378 4360 627 4443 peccato
653 4358 748 4421 est
780 4360 842 4420 et
876 4355 951 4419 ad
986 4358 1305 4438 peccatum
1336 4355 1613 4420 inclinat.
1644 4354 1706 4418 Si
1734 4354 1873 4437 quis
1901 4356 2111 4418 autem
2144 4353 2524 4418 contrarium
2557 4355 2834 4429 senserit,

379 4461 712 4526 anathema
761 4459 845 4522 sit
883 4483 943 4521 ».
978 4459 1066 4521 Ex
1100 4459 1323 4539 quibus
1358 4477 1404 4521 s,
1446 4457 1628 4540 Alph.
1671 4458 1712 4520 1.
1749 4478 1798 4521 c.
1835 4457 2055 4520 merito
2097 4455 2426 4532 concludit,
2461 4458 2670 4520 motus
2704 4475 2840 4520 con-

378 4562 811 4647 cupiscentiae,
840 4560 893 4623 si
917 4560 1177 4642 quilibet
1203 4560 1365 4622 absit
1398 4579 1746 4640 consensuS,
1774 4579 1845 4622 ne
1871 4559 2138 4622 veniales
2171 4558 2416 4640 quidem
2451 4577 2580 4622 esse
2605 4560 2837 4640 culpas,
