3529 5158
717 358 826 412 618
1093 369 1306 410 TRAo'r.
1346 370 1426 409 ιν.
1464 370 1550 409 nn
1588 366 1894 409 enecans.
1932 367 2132 409 cum·
2168 366 2258 406 111.
2296 365 2440 408 nun.
2479 365 2535 406 v.
2573 365 2711 406 ΛΒΤ.
2751 366 2814 404 11.
3045 347 3189 423 [721]

1703 532 1880 600 Unde
1927 529 2213 596 resolves,

825 692 1054 746 Lxxxi.
1083 694 1132 743 1.
1164 693 1380 744 Perfecta
1409 687 1638 752 ebrietas,
1668 701 1766 753 qua
1794 685 2045 753 praedicto
2083 687 2228 739 modo
2264 686 2390 739 ratio
2417 689 2560 753 plane
2588 686 2792 753 sopitur,
2821 692 2900 739 est
2922 699 2984 739 ex
3008 701 3188 751 genere

716 792 808 831 auo
839 777 1070 841 mortale3
1103 774 1212 840 quia
1243 780 1473 828 censetur
1512 774 1619 826 Deo
1657 771 1905 836 iniurium,
1935 769 2040 825 eius
2077 769 2334 835 imaginem
2374 769 2444 823 sic
2484 772 2759 839 deturpare.
2787 773 2873 825 Est
2912 770 3186 826 communis

716 863 1005 916 Doctorum.

806 980 962 1054 721.
998 981 1330 1047 Communi
1361 981 1696 1057 doctrinae,
1731 979 1898 1062 quod
1936 979 2201 1043 ebrietas
2241 999 2313 1044 ex
2351 998 2463 1043 suo
2504 998 2726 1065 genere
2773 980 2857 1043 sit
2903 979 3185 1059 mortale,

718 1090 964 1153 obstare
1010 1085 1365 1150 viderentur
1403 1103 1561 1165 quae
1598 1104 1646 1148 s.
1674 1082 1897 1146 Thom.
1923 1080 1997 1144 de
2021 1079 2190 1145 Mal.
2217 1101 2276 1164 q.
2306 1082 2364 1145 2.
2395 1083 2511 1146 art.
2540 1081 2600 1145 8.
2628 1080 2707 1145 ad
2730 1082 2793 1146 3.
2819 1082 3025 1148 habet.
3052 1081 3192 1148 Sibi

716 1192 881 1255 enim
907 1189 1146 1253 obiicit:
1174 1214 1208 1244 «
1226 1186 1427 1252 Semel
1451 1186 1744 1250 inebriari
1768 1186 1864 1249 est
1886 1186 2208 1267 peccatum
2232 1184 2505 1261 veniale3
2532 1184 2761 1249 dicitur
2785 1188 3000 1250 autem
3023 1186 3190 1268 quod

714 1292 1039 1357 multoties
1071 1289 1362 1353 inebriari
1387 1290 1481 1352 est
1512 1289 1837 1371 peccatum
1868 1285 2153 1350 mortale.
2181 1286 2348 1370 Ergo
2372 1286 2500 1350 ista
2529 1286 3004 1351 circumstantia
3037 1288 3192 1368 Quo-

719 1396 853 1467 ties,
892 1393 1044 1457 facit
1090 1392 1163 1455 de
1210 1390 1437 1455 veniali
1483 1389 1749 1454 mortale
1784 1416 1846 1450 ».
1880 1389 2096 1463 Porro
2122 1407 2171 1451 s.
2205 1388 2424 1453 Thom.
2473 1388 2895 1471 respondendo
2944 1389 3190 1454 videtur

715 1495 1040 1561 concedere
1065 1494 1364 1558 maiorem
1389 1495 1452 1557 et
1477 1511 1701 1578 negare
1725 1491 2050 1556 minorem.
2080 1488 2180 1554 Sic
2205 1491 2368 1554 enim
2394 1491 2517 1555 ait:
2552 1514 2588 1548 «
2603 1490 2700 1555 Ad
2725 1492 2814 1554 3¹¹²
2840 1490 3186 1570 dicendum,

713 1599 879 1682 quod
932 1596 1246 1661 multoties
1300 1594 1612 1658 inebriari
1665 1613 1788 1659 non
1835 1594 1931 1656 est
1977 1592 2445 1657 circumstantia
2492 1594 2878 1658 constituens
2926 1596 3187 1677 speciem

714 1702 968 1787 peccati.
1010 1701 1092 1765 Et
1124 1700 1260 1764 ideo
1294 1700 1457 1762 sicut
1488 1698 1678 1762 semel
1708 1696 2004 1760 inebriari
2038 1697 2131 1759 est
2162 1700 2486 1777 peccatum
2519 1696 2777 1773 veniale,
2810 1696 2906 1760 ita
2941 1699 3006 1761 et
3035 1698 3189 1761 mul·

714 1806 902 1870 toties
949 1823 1055 1886 per
1102 1822 1166 1866 se
1212 1800 1549 1881 loquendo:
1600 1818 1707 1881 per
1755 1797 2032 1863 accidens
2081 1800 2294 1861 autem
2339 1799 2402 1861 et
2449 1797 2811 1880 dispositive
2864 1799 3186 1865 multoties

712 1905 1004 1971 inebriari
1051 1906 1259 1986 potest
1306 1921 1435 1966 esse
1483 1902 1805 1983 peccatum
1853 1899 2140 1975 mortale,
2190 1903 2363 1982 puta,
2414 1900 2467 1964 si
2514 1920 2586 1964 ex
2632 1901 3082 1966 consuetudine
3127 1903 3186 1966 in

712 2010 959 2073 tantam
992 2003 1505 2087 complacentiam
1538 2002 1857 2067 ebrietatis
1889 2001 2342 2085 perduceretur,
2370 2000 2534 2084 quod
2567 2002 2758 2067 etiam
2781 2002 2996 2068 divino
3022 2024 3188 2087 prae-

713 2114 890 2193 cepto
938 2107 1294 2189 contempto
1340 2105 1633 2170 inebriari
1680 2107 2051 2189 proponeret
2082 2126 2159 2169 »:
2201 2106 2330 2170 scil.
2382 2125 2453 2170 ex
2498 2125 2694 2189 prava
2753 2105 3180 2190 dispositione,

712 2231 836 2294 qua
882 2211 956 2274 fit
1004 2214 1077 2273 ut
1123 2208 1315 2273 etiam
1362 2210 1540 2272 actus
1587 2227 1659 2272 ex
1707 2208 1947 2272 obiecto
1978 2208 2328 2273 indifferens
2374 2207 2489 2273 fiat
2536 2213 2862 2291 peccatum
2897 2211 3184 2274 mortale.

800 2314 882 2378 Et
912 2311 986 2375 de
1018 2309 1186 2374 Mal.
1215 2329 1273 2392 q.
1321 2310 1377 2374 7.
1416 2312 1535 2373 art.
1569 2310 1631 2373 4.
1669 2309 1748 2373 ad
1785 2312 1841 2372 1.
1884 2308 1962 2373 ad
2000 2309 2257 2374 eandem
2283 2310 2712 2385 obiectionem,
2752 2311 2910 2395 quod
2942 2312 3074 2375 scil.
3111 2332 3185 2377 ex

711 2438 760 2481 s.
799 2416 1156 2500 Augustino
1190 2414 1460 2478 ebrietas
1493 2414 1578 2477 sit
1609 2416 1934 2496 peccatum
1974 2413 2259 2491 mortale,
2292 2414 2354 2477 si
2380 2413 2469 2477 sit
2500 2412 2783 2489 assidua,
2819 2414 3183 2499 respondet:

720 2544 756 2578 ‹
788 2518 1087 2584 Similiter
1133 2515 1458 2582 dicendum
1504 2517 1600 2581 est
1646 2515 1720 2579 de
1763 2516 2094 2594 ebrietate3
2144 2516 2290 2598 quia
2339 2516 2625 2595 ebrietas,
2674 2520 2984 2600 quantum
3018 2518 3088 2583 in
3125 2538 3188 2584 se

710 2625 824 2696 est,
861 2621 1088 2686 avertit
1116 2620 1425 2683 rationem
1451 2638 1487 2681 a
1521 2619 1651 2682 Deo
1678 2619 1742 2682 in
1778 2621 1943 2694 actu,
1978 2622 2052 2683 ut
2084 2619 2318 2683 seilicet
2349 2619 2532 2697 ratio,
2567 2619 2868 2686 ebrietate
2900 2620 3184 2698 durante,

712 2742 834 2788 non
860 2723 1057 2805 possit
1088 2723 1151 2785 in
1184 2721 1385 2784 Deum
1411 2721 1706 2784 converti.
1739 2722 1823 2785 Et
1848 2721 1994 2802 quia
2025 2721 2212 2785 homo
2238 2739 2360 2784 non
2384 2722 2633 2786 tenetur
2662 2722 2971 2787 rationem
3004 2742 3184 2788 suam

713 2844 952 2907 semper
981 2824 1046 2886 in
1084 2823 1285 2886 Deum
1322 2825 1677 2886 convertere
1718 2827 1886 2899 actu,
1920 2826 2172 2906 propter
2201 2824 2319 2887 hoc
2350 2823 2620 2888 ebrietas
2650 2844 2778 2888 non
2822 2844 3070 2906 semper
3099 2830 3192 2890 est

698 2930 1029 3008 peceatum
1070 2922 1351 2989 mortale.
1387 2923 1503 2989 Sed
1537 2924 1782 3006 quando
1816 2925 2003 2990 homo
2042 2925 2288 2990 assidue
2318 2926 2680 3006 inebriatur,
2713 2926 2985 3005 videtur,
3021 2928 3185 3011 quod

712 3050 833 3096 non
859 3031 1051 3106 curet,
1079 3027 1245 3111 quod
1268 3029 1432 3092 ratio
1458 3047 1572 3092 sua
1596 3030 1999 3093 convertatur
2030 3028 2107 3093 ad
2139 3029 2341 3093 Deum
2373 3030 2437 3093 et
2465 3029 2529 3093 in
2563 3030 2681 3094 tali
2712 3032 2890 3095 statu
2921 3031 3189 3096 ebrietas

712 3135 809 3198 est
839 3135 1161 3215 peceatum
1193 3131 1477 3195 mortale.
1515 3129 1615 3194 Sic
1640 3131 1805 3194 enim
1836 3131 2100 3209 videtur,
2136 3131 2301 3213 quod
2325 3133 2787 3198 conversionem
2817 3134 3087 3199 rationis
3113 3134 3187 3198 ad

711 3237 916 3302 Deum
951 3238 1310 3300 contemnat
1347 3235 1598 3317 propter
1629 3234 2104 3299 delectationem
2138 3235 2267 3298 vini
2299 3260 2361 3299 ».

802 3339 886 3402 Et
921 3338 1038 3402 hoc
1074 3337 1396 3402 dissertius
1429 3336 1696 3419 explicat
1727 3356 1776 3399 s.
1813 3336 2032 3400 Thom.
2069 3338 2129 3399 2.
2164 3336 2307 3400 dist.
2346 3339 2451 3402 24.
2486 3357 2544 3421 q.
2585 3338 2647 3402 3.
2682 3341 2801 3403 art.
2838 3339 2923 3418 6.,
2951 3340 3062 3404 ubi
3094 3339 3190 3404 de

711 3442 974 3519 claranS,
1008 3437 1318 3522 quomodo
1352 3461 1386 3496 ‹<
1412 3437 1639 3519 aliquis
1673 3441 1869 3514 actuS,
1905 3438 2012 3521 qui
2044 3457 2114 3503 ex
2148 3458 2368 3523 genere
2393 3458 2505 3505 suo
2539 3441 2799 3505 venialis
2831 3444 2949 3519 est,
2976 3442 3189 3524 aliquo

709 3544 893 3609 modo
941 3541 1227 3606 mortalis
1278 3540 1477 3616 fiat...‚
1521 3541 1573 3604 si
1611 3541 1864 3604 tantum
1896 3540 2156 3623 placeat,
2192 3543 2266 3604 ut
2296 3541 2437 3606 finis
2473 3542 2538 3606 in
2577 3560 2648 3607 eo
2687 3541 3115 3609 constituatur
3148 3569 3183 3603 »

712 3645 922 3710 subdit
968 3646 1085 3709 hoc
1124 3644 1505 3726 exemplum:
1549 3668 1585 3701 ‹
1617 3642 1994 3707 Huiusmodi
2029 3646 2241 3708 autem
2278 3644 2761 3727 complacentiae
2808 3646 3191 3728 expressissi-

709 3767 885 3813 mum
916 3746 1166 3830 signum
1205 3746 1319 3821 est,
1357 3746 1605 3827 quando
1647 3746 1873 3829 aliquis
1923 3747 2110 3812 alicui
2146 3748 2235 3811 rei
2273 3747 2466 3812 etiam
2502 3766 2627 3812 non
2665 3748 3022 3831 prohibitae
3061 3755 3190 3815 tan-

710 3854 849 3916 tum
897 3850 1208 3925 adhaeret,
1262 3850 1335 3913 ut
1381 3849 1748 3927 consentiat,
1785 3849 1839 3913 si
1877 3849 2068 3913 etiam
2116 3852 2278 3915 esset
2324 3850 2730 3933 prohibitum,
2768 3851 2930 3917 illud
2968 3872 3035 3918 se
3068 3872 3186 3919 non

713 3954 1095 4026 relicturum,
1132 3956 1204 4016 ut
1235 3952 1560 4034 praecipue
1593 3955 1769 4034 patet
1798 3953 1861 4015 in
1895 3952 2267 4035 quibusdam
2298 3954 2576 4032 ebriosis,
2611 3954 2721 4037 qui
2749 3944 3186 4020 totam‘vitam

712 4077 891 4122 suam
937 4058 1001 4121 in
1050 4057 1194 4119 vino
1244 4057 1586 4137 posuerunt
1632 4058 1695 4119 et
1741 4055 1806 4118 in
1857 4055 2281 4132 histrionibus,
2331 4055 2440 4140 qui
2486 4057 2675 4121 verba
2714 4058 2920 4123 otiosa
2950 4061 3183 4123 sectan-

713 4160 817 4225 tur
854 4185 915 4223 ».
958 4160 1030 4223 In
1055 4157 1281 4241 quibus
1314 4157 1581 4222 mortale
1613 4160 1936 4240 peccatum
1960 4159 2186 4241 repetit
2208 4179 2281 4223 ex
2304 4159 2755 4241 complacentia
2785 4160 2878 4226 rei
2907 4159 3183 4243 alioquin

714 4280 834 4326 non
874 4262 1150 4346 graviter
1188 4260 1556 4343 prohibitae,
1589 4260 1654 4324 in
1693 4279 1819 4343 qua
1858 4263 2067 4324 tamen
2103 4260 2244 4325 finis
2282 4262 2547 4327 ultimus
2578 4266 2939 4345 reponatur.

803 4359 985 4432 722.
1001 4363 1425 4428 Veruntamen
1448 4362 1796 4427 doctrinam
1821 4363 1952 4427 eius
1978 4364 2161 4428 aliter
2175 4364 2465 4429 inflexam
2487 4365 2830 4449 reperimus
2846 4366 2912 4431 in
2930 4363 3191 4432 Summa

715 4464 1111 4549 Theologica.

804 4567 967 4631 Hinc
1004 4567 1082 4630 ad
1119 4566 1375 4630 eandem
1414 4567 1821 4632 obiectionem
1845 4569 2108 4652 petitam
2141 4590 2214 4634 ex
2244 4570 2446 4636 verbis
2483 4571 2846 4657 Augustini,
2882 4572 2948 4637 in
2987 4575 3192 4656 poste-
