3529 5158
844 309 883 333 Χ

329 385 468 460 [105]
591 401 677 441 An
715 400 923 444 mmm
959 399 1151 442 Ac'rus
1187 400 1618 442 mnmmms.
1658 401 1829 449 QUAE
1865 400 2202 443 amram-xa
2240 404 2542 446 snvmuon
2723 392 2793 448 97

413 497 613 579 Atqui
644 517 693 562 s.
734 498 1007 562 Thomas
1039 500 1275 561 rectum
1307 516 1491 561 usum
1538 499 1683 563 boni
1712 498 1891 563 utilis
1921 500 2098 582 ponit
2127 500 2289 565 inter
2317 501 2477 567 bona
2506 503 2788 569 honesta.

330 601 427 665 Ita
458 598 680 679 Suppl.
714 620 773 682 q.
808 602 913 664 49.
949 619 1005 664 a.
1041 602 1102 665 2.
1137 600 1214 664 ad
1248 600 1309 664 6.
1343 619 1485 664 011111
1515 600 1635 664 sibi
1667 601 2009 678 obiecisset,
2043 602 2274 667 bonum
2308 604 2496 685 prolis
2528 624 2658 670 esse
2691 607 2793 671 bo-

328 720 475 765 num
518 703 680 767 utile
726 704 790 767 et
832 702 971 767 ideo
1002 721 1127 767 non
1158 721 1289 767 esse
1319 704 1549 767 bonum
1582 703 1932 780 honestum,
1966 704 2114 785 qnia
2152 705 2480 770 honestum
2527 710 2591 771 et
2636 708 2793 773 utile

329 803 833 889 distinguuntur3
866 804 1226 888 respondet:
1269 829 1303 862 «
1345 802 1705 881 Dicendum,
1739 805 1905 887 quod
1949 806 2113 869 sicut
2159 805 2405 871 debitus
2450 826 2601 876 usus
2648 810 2792 875 boni

329 906 502 971 utilis
548 906 778 989 accipit
822 907 1127 973 rationem
1172 906 1437 983 honesti,
1480 925 1601 971 non
1649 906 1899 988 quidem
1945 926 2016 971 ex
2056 907 2220 981 utili,
2255 908 2363 972 sed
2413 928 2484 974 ex
2531 911 2790 990 ratione,

328 1027 483 1090 quae
512 1012 754 1073 rectmn
784 1027 971 1073 usum
1000 1009 1184 1073 facit:
1211 1009 1304 1073 ita
1332 1010 1398 1073 et
1428 1008 1735 1073 ordinatio
1760 1009 1838 1073 ad
1864 1008 2114 1090 aliquod
2139 1009 2370 1074 bonurn
2401 1012 2557 1076 utile
2587 1017 2795 1095 potest

328 1109 523 1176 130ωο
570 1110 917 1177 bonitatem
962 1110 1308 1175 honestatis
1354 1129 1426 1175 ex
1471 1110 1533 1174 vi
1576 1111 1837 1176 rationis
1883 1110 2157 1175 debitam
2201 1111 2654 1179 ordinationem
2700 1117 2794 1180 fa-

330 1212 546 1277 cientis
576 1237 641 1275 ».

410 1315 509 1379 Ad
562 1313 651 1379 rei
706 1314 1081 1379 evidentiam
1136 1316 1413 1396 praestat
1468 1314 1764 1379 subiicere
1820 1315 2096 1398 exempla
2151 1316 2397 1398 prolata
2455 1319 2533 1382 ab
2578 1319 2792 1384 eodem

330 1435 374 1479 3.
406 1417 671 1492 Thoma,
704 1435 776 1481 ex
814 1417 1039 1499 quibus
1062 1418 1338 1500 apparet,
1370 1417 1577 1498 ipsum
1607 1417 1832 1481 habere
1863 1418 2041 1481 actus
2080 1417 2292 1494 bonos,
2333 1437 2490 1500 quos
2536 1420 2644 1484 alii
2692 1440 2796 1486 vo-

329 1522 472 1584 cant
492 1519 935 1585 indifferentes.

414 1622 515 1687 Ita
546 1622 622 1687 de
644 1621 888 1685 actibus
910 1620 1196 1686 civilibus
1221 1622 1282 1685 2.
1308 1621 1470 1685 Dist.
1497 1622 1602 1684 40.
1630 1641 1688 1702 q.
1720 1623 1778 1683 1.
1807 1640 1862 1684 a.
1893 1623 1951 1685 5.
1986 1646 2022 1678 «
2044 1621 2274 1686 Nullus
2298 1623 2533 1706 (actus)
2553 1642 2789 1701 eorum,

331 1724 432 1805 qui
460 1724 857 1789 ¹*voluntatem
887 1723 1290 1788 deliberatam
1312 1722 1611 1804 sequitur,
1638 1722 1986 1786 indifferens
2022 1724 2159 1797 erit,
2187 1724 2292 1787 sed
2325 1725 2399 1788 de
2429 1726 2792 1790 necessitate

334 1826 424 1890 rei
464 1826 669 1890 bonus
718 1825 817 1889 vel
861 1825 1065 1889 malus
1106 1824 1387 1889 bonitate
1418 1824 1516 1887 vei
1545 1824 1792 1888 malitia
1823 1824 2011 1888 civili.
2047 1823 2165 1889 Sed
2210 1828 2418 1891 tamen
2468 1828 2644 1891 actus
2690 1828 2793 1893 bo·

330 1928 522 1992 nitate
558 1928 732 1995 civili
762 1926 1065 2010 perfectus
1112 1946 1235 1992 non
1281 1928 1376 1990 est
1422 1926 1837 2008 susceptibilis
1884 1926 2191 1992 efficaciae
2236 1928 2526 2004 merendi,
2559 1929 2680 1993 nisi
2727 1930 2789 1993 in

303 2049 397 2107 ‚eo
427 2030 536 2111 qni
567 2029 844 2114 gratiam
874 2029 1062 2093 habet
1091 2031 1156 2093 et
1187 2027 1321 2092 ideo
1353 2028 1417 2091 in
1449 2047 1540 2104 eo,
1575 2028 1684 2109 qui
1729 2028 1936 2113 gratia
1984 2030 2170 2103 caret,
2211 2028 2556 2094 indifferens
2587 2034 2682 2095 est
2713 2031 2790 2094 ad

328 2132 617 2197 meritum
666 2132 765 2196 vel
806 2131 1212 2195 demeritum:
1247 2130 1353 2195 sed
1396 2132 1463 2194 in
1508 2130 1639 2207 1110,
1674 2131 1783 2212 qui
1828 2131 2098 2215 gratiam
2145 2132 2352 2209 habet,
2402 2129 2647 2215 oportet
2693 2134 2792 2198 vel

330 2235 716 2297 meritorium
744 2234 846 2298 vel
876 2232 1346 2297 derum-iterium
1374 2252 1533 2309 esse,
1567 2233 1715 2314 quia
1746 2234 1911 2297 sicut
1939 2234 2143 2297 malus
2175 2236 2294 2299 erit
2339 2235 2786 2311 demeritorius,

328 2339 411 2402 sic
453 2338 651 2403 etiam
696 2336 896 2401 bonus
938 2336 1063 2401 erit
1104 2337 1525 2401 meritorius...
1559 2336 1642 2400 Et
1688 2336 1776 2401 sic
1821 2336 2130 2400 concedere
2174 2340 2240 2401 et
2287 2338 2510 2410 bibere,
2543 2343 2789 2404 servato

328 2440 507 2505 modo
552 2439 1003 2522 temperantiae
1048 2441 1113 2503 et
1144 2437 1355 2501 ludere
1390 2437 1480 2501 acl
1506 2439 1968 2511 recreationem,
2002 2441 2245 2503 servato
2283 2439 2467 2503 modo
2515 2442 2792 2523 eutrape—

326 2542 461 2620 liae,
495 2560 660 2624 qnae
688 2540 964 2606 medium
995 2542 1165 2605 tenet
1209 2540 1275 2604 in
1310 2539 1493 2617 ludis,
1528 2538 1915 2605 meritorium
1947 2540 2065 2605 erit
2092 2540 2158 2605 in
2191 2558 2282 2619 eo,
2316 2541 2424 2623 qui
2461 2541 2790 2608 caritatem

326 2645 530 2722 habet,
558 2664 684 2727 qua
716 2645 919 2709 Deum
948 2644 1247 2708 ultimum
1277 2645 1462 2707 finem
1492 2644 1660 2707 vitae
1692 2662 1841 2708 suae
1873 2644 2204 2708 constitnit
2228 2669 2288 2707 ».
2315 2644 2397 2708 Et
2425 2646 2482 2709 1.
2512 2646 2571 2709 2.
2593 2665 2652 2727 q.
2685 2647 2785 2709 18.

326 2767 378 2811 a.
404 2750 463 2811 9.
502 2748 582 2811 ad
606 2749 671 2811 3.
705 2773 741 2806 «
765 2746 979 2812 Omnis
1010 2747 1148 2810 finis
1180 2765 1217 2809 a
1248 2746 1651 2811 deliberativa
1684 2747 1929 2811 ratione
1957 2747 2238 2812 intentus
2268 2747 2536 2830 pertinet
2572 2748 2648 2811 ad
2683 2749 2790 2813 bo·

323 2870 469 2916 num
521 2851 787 2915 alicuius
830 2850 1088 2915 virtutis
1135 2850 1233 2914 v-el
1278 2849 1358 2913 ad
1403 2849 1639 2913 malum
1686 2849 1949 2913 alicuius
1997 2848 2158 2913 vitii.
2191 2849 2352 2913 Nam
2401 2849 2516 2914 hoc
2561 2850 2785 2932 ipsum,

321 2957 483 3037 quod
528 2956 757 3038 aliquis
789 2955 925 3039 agit
955 2953 1234 3018 ordinate
1266 2952 1343 3015 ad
1381 2952 1900 3017 sustentationem
1932 2951 2029 3015 vel
2062 2952 2332 3033 quietem
2364 2952 2463 3015 sui
2495 2953 2785 3034 corporiS,

320 3059 393 3122 ad
424 3060 667 3124 bonum
699 3057 953 3122 virtutis
990 3055 1312 3120 ordinatur
1341 3055 1406 3118 in
1438 3074 1528 3130 eo,
1563 3055 1672 3134 qui
1704 3073 1926 3136 corpus
1957 3073 2139 3117 suum
2174 3052 2420 3116 ordinat
2449 3051 2526 3117 ad
2558 3053 2788 3116 bonum

322 3161 599 3228 virtutis.
637 3160 720 3224 Et
750 3158 913 3222 idem
944 3160 1120 3241 patet
1150 3157 1214 3220 in
1253 3156 1393 3220 aliis
1424 3181 1486 3220 ».

398 3264 550 3328 Huc
582 3261 739 3326 facit
769 3260 933 3342 quod
965 3262 1026 3324 2.
1061 3262 1119 3322 2.
1147 3279 1207 3341 q.
1238 3261 1384 3321 141.
1413 3278 1449 3321 a
1482 3258 1542 3319 6.
1571 3257 1648 3319 ad
1682 3258 1741 3318 2.
1775 3255 1929 3318 dicit
1957 3255 2031 3316 de
2069 3251 2600 3323 delectationibus,
2634 3270 2790 3330 quas

318 3367 709 3449 temperatus
754 3363 1018 3444 quaerit.
1051 3359 1208 3426 Cum
1244 3360 1412 3424 enim
1458 3357 1803 3434 statuisset,
1839 3356 1915 3419 ad
1955 3354 2427 3438 temperantiam
2461 3353 2786 3438 pertinere,

316 3471 385 3530 nt
428 3467 701 3532 modurn
747 3466 992 3529 statuat
1036 3464 1100 3528 in
1130 3481 1251 3527 usu
1290 3460 1791 3534 delectationum,
1825 3477 2038 3522 earum
2084 3456 2464 3540 praesertim,
2499 3476 2656 3539 quae
2699 3475 2792 3520 03-

315 3573 673 3638 sentialiter
715 3570 934 3633 insunt
978 3567 1222 3631 actibus
1267 3562 1623 3629 necessariis
1671 3562 1749 3625 ad
1803 3561 2332 3626 conservationem
2379 3559 2680 3624 individui
2725 3561 2791 3622 et

314 3676 537 3758 speciei
587 3676 658 3738 et
680 3672 825 3735 ideo
858 3669 1223 3734 ordinantur
1256 3667 1332 3731 ad
1363 3667 1530 3730 vitae
1561 3665 2012 3740 necessitatem,
2049 3663 2134 3727 sic
2165 3663 2381 3727 deinde
2419 3663 2491 3727 de
2537 3662 2660 3726 ista
2693 3681 2791 3726 ne·

312 3780 612 3844 cessitate
644 3774 925 3840 disserit:
966 3798 1000 3830 «
1032 3770 1395 3845 Dicendum,
1428 3768 1593 3851 quod
1640 3768 1970 3833 necessitas
2017 3767 2324 3830 humanae
2370 3766 2536 3830 vitiae
2583 3765 2791 3848 potest

313 3882 555 3947 attendi
582 3877 936 3961 dupliciter.
963 3876 1103 3941 Uno
1134 3873 1319 3940 modo
1350 3871 1685 3937 secundum
1716 3870 1881 3952 quod
1912 3869 2142 3934 dicitur.
2165 3868 2578 3933 necessarium
2609 3866 2785 3942 illud,

313 3984 439 4048 sine
471 4002 608 4066 qno
643 3999 742 4045 res
770 3978 943 4042 nullo
975 3976 1160 4042 modo
1186 3975 1395 4058 potest
1416 3993 1565 4052 0330,
1594 3974 1755 4037 sicut
1779 3972 1953 4036 cibus
1973 3973 2072 4034 est
2101 3968 2477 4033 necessarius
2511 3967 2784 4030 animah'.

310 4086 450 4152 Alio
485 4083 684 4150 modo
719 4080 1055 4146 secundum
1088 4078 1253 4160 quod
1283 4076 1510 4140 dicitur
1547 4074 1958 4139 necessarium
1997 4070 2173 4146 illud,
2208 4070 2338 4133 sine
2369 4087 2490 4150 quo
2523 4088 2618 4132 res
2663 4088 2790 4133 non

310 4191 519 4270 potest
542 4181 996 4251 convenienter
1033 4199 1182 4246 esse.
1212 4178 1651 4262 Temperantia
1700 4178 1910 4239 autem
1957 4192 2079 4238 non
2112 4172 2316 4238 solum
2358 4171 2624 4236 attendit
2673 4173 2790 4255 pri-

310 4310 475 4356 mam
518 4285 984 4360 necessitatem,
1017 4282 1122 4347 sed
1153 4281 1344 4346 etiam
1382 4278 1730 4345 secundam.
1768 4275 1942 4343 Unde
1973 4275 2388 4358 Philosophus
2418 4274 2589 4351 dicit,
2623 4274 2785 4357 quod

308 4396 706 4479 temperatus
740 4388 981 4472 appetit
1027 4385 1415 4451 delectabilia
1461 4386 1709 4467 propter
1756 4381 2091 4446 sanitatem
2139 4381 2235 4445 vel
2268 4383 2519 4463 propter
2563 4380 2789 4444 bonam

308 4496 774 4564 habitudinem.
810 4490 952 4554 Alia
984 4507 1148 4564 vero,
1188 4505 1346 4569 quae
1394 4485 1471 4550 ad
1502 4485 1617 4549 hoc
1650 4504 1772 4549 non
1807 4487 1955 4548 sunt
1983 4484 2344 4559 necessaria,
2379 4485 2638 4566 possunt
2684 4481 2791 4545 du·

308 4601 553 4684 pliciter
576 4617 652 4663 30
686 4595 934 4658 habere.
960 4590 1277 4671 Quaedam
1306 4589 1470 4653 enim
1501 4591 1648 4651 sunt
1678 4585 2116 4669 impedimenta
2149 4585 2440 4649 sanitatis
2464 4584 2563 4646 vel
2593 4584 2789 4646 bonae

466 4724 775 4769 Rammium,
808 4713 987 4757 Horat.
1015 4712 1164 4755 Tomo
1193 4711 1233 4753 I.
2603 4708 2625 4746 7
