3529 5158
706 404 861 445 xvm
1627 404 1842 445 SERJES
1880 402 2349 443 CHRONOLOGR'A

794 506 900 564 26.
938 505 1235 565 Verbum
1283 504 1535 565 Christi
1566 503 1654 564 ad
1685 506 1992 563 Petrum:
2034 504 2469 578 Quodcumque
2500 504 2761 578 solveris
2806 522 2994 582 super
3032 513 3155 565 ter·

705 611 847 652 ram
870 600 995 653 etc.
1026 595 1264 655 Mat-th.
1296 595 1485 652 XVI.
1513 591 1903 652 extenditur
1926 592 2278 653 dumtaxat
2298 591 2383 651 ad
2411 591 2621 667 ligata
2645 593 2729 651 ab
2756 593 2902 669 ipso
2929 594 3150 667 Petro.

794 684 902 742 27.
936 683 1207 743 Certum
1255 692 1377 759 est,
1415 683 1479 741 iu
1516 699 1717 741 manu
1752 682 2088 741 Ecclesiae
2125 686 2246 741 aut
2283 681 2500 756 Papae
2539 698 2811 756 prorsus
2843 701 2974 743 non
3008 700 3154 744 esse

704 776 1001 831 statuere
1032 772 1348 832 articulos
1374 772 1547 843 fidei,
1572 770 1706 830 imo
1739 786 1863 830 1166
1883 771 2063 845 leges
2083 786 2334 829 morum
2364 786 2482 830 seu
2510 770 2829 831 bonorum
2857 789 3150 846 operum.

794 868 899 920 23.
936 861 1008 920 si
1042 861 1229 936 Papa
1276 878 1425 919 cum
1452 877 1696 935 magna
1728 866 1918 934 parte
1958 858 2292 919 Ecclesiae
2331 861 2426 918 sic
2461 859 2564 920 vel
2599 861 2694 919 sic
2716 859 3000 921 sentiret
3032 879 3153 922 1166

704 950 905 1009 etiam
954 956 1225 1019 erraret,
1274 949 1493 1008 adhuc
1540 965 1672 1008 non
1720 955 1826 1008 est
1872 953 2218 1022 peccatum
2250 956 2369 1007 aut
2402 948 2696 1008 haeresis
2742 950 3150 1010 contrarium

704 1038 973 1111 sentire,
1008 1038 1395 1113 praesertim
1449 1038 1514 1096 in
1553 1055 1623 1097 re
1654 1055 1788 1097 nou
1829 1036 2198 1097 necessaria
2234 1036 2317 1096 ad
2353 1038 2656 1107 salutem,
2691 1037 2900 1100 donec
2948 1037 3154 1102 fuerit

704 1143 822 1201 per
871 1127 1239 1188 Concilium
1300 1127 1676 1188 universale
1730 1126 2014 1186 alterum
2071 1126 2520 1206 reprobatum,
2577 1129 2862 1187 alterum
2915 1145 3154 1203 appro-

709 1213 961 1276 batum.

793 1308 899 1364 29.
936 1306 1066 1364 Via
1098 1305 1288 1364 nobis
1321 1304 1498 1364 facta
1543 1308 1648 1364 est
1678 1303 2046 1364 enervandi
2083 1304 2549 1364 auctoritatem
2584 1306 3036 1367 Conciliorum
3083 1312 3152 1366 et

704 1393 911 1453 libere
954 1394 1453 1454 contradicendi
1501 1410 1727 1453 eorum
1779 1393 1988 1470 gestis
2017 1398 2088 1452 et
2118 1393 2461 1453 iudicandi
2497 1410 2725 1454 eorum
2772 1395 3039 1455 decreta
3083 1404 3152 1455 et

704 1483 1114 1542 confidenter
1166 1482 1530 1543 confitendi
1584 1482 1917 1557 quidquid
1972 1498 2203 1542 verum
2259 1481 2548 1559 videtur,
2606 1484 2751 1544 sive
2800 1484 3152 1560 probatum

703 1569 913 1632 fuerit
937 1573 1079 1631 sive
1113 1571 1533 1646 reprobatum
1569 1589 1608 1630 a
1641 1587 2062 1646 quocumque
2097 1570 2413 1631 ConciliO.

792 1664 898 1721 30.
949 1660 1187 1735 Aliqui
1234 1660 1498 1720 articuli
1552 1661 1826 1719 loannis
1873 1660 2024 1719 Hus
2070 1659 2492 1719 condemnati
2541 1660 2606 1718 in
2647 1660 2942 1720 Concilio
2978 1662 3150 1723 Con-

702 1749 1057 1811 stantiensi
1107 1756 1269 1810 sunt
1312 1749 1873 1825 christianissimi,
1922 1749 2253 1809 verissimi
2280 1755 2348 1809 et
2385 1750 2778 1828 evangelici,
2812 1767 2980 1826 quos
3026 1769 3150 1811 nec

706 1839 1108 1899 universalis
1142 1838 1439 1898 Ecclesia
1471 1846 1695 1917 posset
1733 1839 2067 1898 damnare.

793 1931 898 1987 31.
936 1930 1016 1987 ln
1050 1928 1224 1987 omui
1275 1943 1473 2001 opere
1508 1928 1681 1987 bono
1711 1928 1932 1987 iustus
1964 1933 2213 2002 peccat.

793 2020 898 2076 32.
935 2018 1124 2091 Opus
1171 2017 1415 2075 bonum
1449 2016 1699 2091 optime
1731 2016 2005 2087 factum,
2038 2022 2140 2076 est
2174 2018 2437 2076 veniale
2469 2024 2835 2092 peccatum.

792 2108 898 2165 33.
926 2105 1319 2165 Haereticos
1351 2104 1666 2179 comburi,
1707 2110 1812 2165 est
1844 2114 2076 2165 contra
2108 2106 2521 2165 voluntatem
2561 2104 2877 2179 Spiritus.

790 2197 895 2254 34.
938 2194 1255 2254 Praeliari
1288 2194 1610 2255 adversus
1657 2195 1924 2273 Turcas,
1959 2200 2064 2254 est
2103 2209 2475 2268 repugnare
2505 2196 2649 2254 Deo
2682 2195 2990 2257 visitanti
3026 2197 3151 2257 ini-

706 2283 1003 2359 quitates
1027 2288 1288 2344 nostras
1319 2300 1438 2358 per
1470 2283 1637 2343 illos⁸

792 2370 896 2432 35.
924 2373 1134 2432 Nemo
1164 2375 1270 2433 est
1299 2381 1540 2445 certus,
1576 2389 1647 2432 se
1681 2390 1813 2431 non
1852 2387 2111 2445 semper
2143 2388 2414 2446 peccare
2451 2372 2843 2452 mortaliter,
2876 2382 3148 2451 propter

701 2461 1222 2523 occultissimum
1260 2462 1610 2536 superbiae
1642 2462 1905 2521 vitium.

791 2554 895 2612 36.
931 2550 1239 2612 Liberum
1292 2550 1645 2610 arbitrium
1692 2553 1845 2624 post
1877 2557 2220 2624 peccatum
2258 2557 2361 2611 est
2400 2567 2505 2612 res
2536 2551 2620 2613 (16
2658 2554 2799 2614 solo
2832 2551 3032 2613 titulo
3078 2556 3147 2612 et

699 2641 859 2700 dum
891 2640 1056 2701 facit
1086 2640 1264 2715 quod
1299 2641 1366 2698 in
1416 2657 1487 2698 se
1524 2647 1646 2714 est,
1680 2649 1914 2712 peccat
1946 2639 2335 2699 mortaliter.

790 2732 894 2789 37.
945 2729 1416 2805 Purgatorium
1465 2744 1601 2786 non
1634 2733 1858 2803 potest
1889 2727 2155 2803 probari
2202 2745 2285 2788 ex
2323 2745 2510 2791 sacra
2557 2731 2924 2809 Scriptura,
2973 2748 3146 2805 quae

702 2819 792 2879 sit·
838 2820 909 2878 in
956 2834 1226 2877 canone.

786 2911 893 2967 38.
928 2907 1218 2967 Animae
1251 2906 1320 2964 in
1362 2905 1750 2982 purgatorio
1796 2924 1930 2967 non
1976 2915 2137 2967 sunt
2182 2925 2453 2968 securae
2500 2908 2581 2967 de
2628 2925 2854 2969 earum
2903 2909 3142 2986 salute,

682 2996 933 3080 ,saltem
982 3011 1237 3072 omnes3
1286 3011 1409 3056 1166
1453 2995 1806 3071 probatum
1864 2999 1968 3057 est
2013 2996 2171 3056 ullis
2216 3003 2337 3057 aut
2382 2997 2757 3057 rationibus
2802 3002 2923 3057 aut
2971 2998 3145 3059 Scri-

695 3084 934 3160 pturis,
970 3084 1150 3157 ipsas
1181 3100 1325 3143 esse
1356 3089 1547 3144 extra
1578 3090 1829 3144 statum
1862 3085 2160 3146 merendi
2191 3090 2310 3146 aut
2341 3086 2686 3162 augendae
2732 3088 3051 3148 caritatis.

784 3175 891 3234 39.
927 3173 1214 3233 Animae
1245 3173 1314 3232 in
1348 3174 1737 3250 purgatorio
1771 3179 2049 3249 peccant
2086 3174 2230 3236 sine
2279 3175 2791 3254 intermissione,
2841 3177 3142 3253 quandiu

695 3267 1031 3338 quaerunt
1065 3262 1361 3338 requiem
1394 3271 1464 3325 et
1496 3264 1770 3324 horrent
1801 3282 2067 3338 poenas.

786 3357 889 3411 40.
926 3352 1213 3411 Animae
1258 3368 1295 3411 e
1345 3353 1731 3429 purgatorio
1767 3353 2088 3414 liberatae
2122 3354 2459 3430 suffragiis
2490 3354 2885 3434 viventium,
2922 3356 3145 3417 minus

696 3440 1000 3514 beantur,
1034 3458 1235 3515 quam
1282 3441 1336 3500 si
1388 3459 1505 3517 per
1551 3459 1623 3502 se
1654 3443 2159 3503 satisfecissent.

786 3533 890 3587 41.
925 3528 1217 3588 Praelati
1248 3530 1675 3592 ecclesiastici
1709 3537 1778 3591 et
1825 3533 2158 3606 principes
2191 3532 2523 3592 seculares
2567 3550 2702 3592 non
2749 3533 2921 3594 male
2970 3533 3142 3594 face-

693 3622 863 3696 rent,
891 3617 944 3677 si
980 3635 1208 3679 omnes
1240 3637 1464 3680 saccos
1498 3621 1951 3681 mendicitatis
1983 3621 2303 3680 delerent.

1747 3809 1802 3867 N
1821 3808 1968 3868 ΠΜ.
2024 3809 2102 3866 V.

695 3940 1165 4019 Propositiones
1212 3947 1309 4002 79.
1350 3942 1677 4000 Michaelis
1725 3940 1902 4014 Bau,
1952 3941 2291 3998 damnatae
2338 3959 2376 3998 a.
2424 3958 2473 3999 8.
2508 3939 2628 3999 Pio
2690 3941 2751 4002 V.
2789 3944 2989 4002 Bulla-
3045 3946 3142 4006 Ex

868 4032 1177 4091 omnibus
1196 4030 1669 4090 afflictionibus
1687 4036 1795 4087 ete.
1823 4034 1872 4086 1.
1895 4029 2023 4086 Oet.
2069 4033 2188 4087 156
2200 4032 2251 4087 7.
2273 4045 2506 4088 necnon
2531 4049 2570 4088 α
2595 4031 2898 4109 Greyorio
2912 4032 3024 4092 XI
3037 4034 3071 4092 [
3073 4034 3118 4092 Ι
3116 4077 3130 4096 .

869 4121 1041 4179 bulla
1070 4120 1480 4180 Provisionis
1506 4123 1770 4176 nostrae
1796 4123 1903 4174 etc.
1926 4123 2027 4176 29.
2065 4118 2210 4177 Ian.
2241 4122 2424 4177 1579.
2453 4126 2510 4178 et
2534 4120 2612 4180 ab
2652 4120 2904 4183 Urbano
2939 4123 3136 4184 VIII.

867 4210 1042 4269 bulla
1072 4210 1152 4267 In
1196 4206 1523 4267 eminenti
1563 4212 1672 4265 etc.
1716 4209 1774 4263 6.
1805 4205 2003 4265 illae-t.
2038 4210 2216 4267 1641.

780 4377 835 4432 l.
872 4373 1009 4431 Nec
1045 4369 1269 4443 angeli
1294 4385 1419 4427 nec
1452 4368 1646 4441 primi
1682 4368 1970 4429 hominis
1994 4370 2214 4432 adhuc
2245 4372 2489 4450 integri
2519 4375 2776 4451 merita,
2811 4377 2989 4434 recte
3025 4391 3139 4433 vo-

687 4469 922 4522 cantur
968 4458 1204 4532 gratia.
2198 4471 2220 4492 ⁰

776 4553 835 4606 2.
871 4548 1062 4606 Sicut
1092 4562 1260 4619 opus
1299 4546 1547 4605 malum
1580 4565 1662 4607 ex
1696 4553 1938 4607 nat-ura
1970 4567 2092 4609 sua
2125 4564 2230 4609 est
2263 4553 2493 4611 mort-is
2526 4559 2839 4611 aeternae
2873 4553 3140 4611 merito-

686 4641 874 4713 rium,
903 4636 1000 4695 sic
1022 4634 1268 4693 bonum
1300 4651 1468 4709 opus
1490 4651 1573 4694 ex
1603 4643 1845 4698 natura
1875 4655 1997 4698 sua
2019 4643 2125 4700 est
2157 4640 2337 4700 vitae
2360 4649 2671 4700 aeternae
2703 4641 3137 4703 meritorium.
