3529 5158
246 394 256 411 .
345 349 492 426 [730]
536 361 901 405 PnovocAns*
917 364 1002 403 AD
1024 363 1435 405 mansurum.
1462 363 1585 405 11011
1616 363 1748 403 :alm
1773 362 2179 404 vammus.
2207 363 2506 405 stammas
2531 363 2662 404 1⁴:1⁸0.
2706 349 2814 403 623

434 463 593 527 Dein
619 461 849 537 subdit,
878 461 1043 542 quod
1067 461 1120 525 si
1153 462 1293 543 quis
1318 463 1531 525 sumat
1553 462 1804 525 tantum
1829 459 1976 535 vini,
2004 462 2311 541 quantum
2337 461 2415 523 ad
2446 461 2809 525 ebrietatem

349 564 600 641 sufficit,
648 582 771 627 non
818 561 955 626 ideo
1004 565 1351 638 excusatur,
1393 561 1556 643 quod
1605 564 1940 644 antequam
1986 561 2265 625 sensibus
2313 560 2711 639 destituatur,
2746 581 2810 625 se

350 685 565 731 somno
613 665 990 739 committat,
1031 683 1154 746 quo
1203 664 1330 728 vini
1368 663 1654 728 effectum
1700 664 1961 747 effugiat
1999 664 2156 746 (scil.
2191 684 2265 728 ne
2314 664 2468 749 vigil
2516 666 2811 747 appareat

346 768 599 853 ebrius).
632 764 843 844 Ratio,
876 766 1023 849 quia
1070 766 1242 849 potio
1280 767 1390 829 illa
1438 766 1711 831 tollendo
1760 767 1901 830 usui
1950 767 2209 830 rationis
2259 770 2406 850 apta
2453 769 2548 831 est
2596 768 2658 832 et
2702 785 2811 850 per

346 871 622 936 accidens
669 871 783 943 est,
824 868 988 951 quod
1035 869 1165 952 ipse
1195 888 1304 952 per
1340 887 1628 934 somnum
1666 872 1779 933 aut
1826 889 1932 952 per
1977 870 2340 933 ebrietatem
2387 871 2665 935 sensibus
2697 856 2812 932 'de-

344 973 669 1038 stituatur.
705 970 822 1038 Sed
854 970 1025 1035 aliud
1061 971 1387 1035 discrimen
1422 970 1594 1035 addit
1625 969 1961 1036 Caietanus
1993 971 2055 1035 in
2090 973 2149 1034 2.
2179 973 2238 1034 2.
2275 992 2334 1053 q.
2372 972 2518 1035 150.
2555 976 2671 1035 art.
2708 973 2806 1049 2.;

341 1076 506 1160 quod
542 1095 759 1158 nempe
805 1093 991 1157 sopor
1037 1094 1107 1138 ex
1155 1093 1371 1139 somno
1419 1074 1641 1138 leviter
1687 1074 2026 1150 excutitur;
2064 1077 2131 1136 at
2161 1092 2346 1157 sopor
2393 1093 2464 1138 ex
2511 1074 2808 1139 ebrietate

338 1179 433 1243 ita
464 1179 637 1243 tollit
666 1196 851 1242 usum
881 1178 1164 1251 rationis,
1198 1179 1271 1241 ut
1305 1178 1505 1241 excuti
1539 1195 1659 1240 non
1692 1175 1908 1259 possit.
2118 1160 2131 1173 ⁶

449 1340 750 1394 Lxxxvn.
775 1338 826 1391 7.
854 1336 905 1390 Si
942 1337 1053 1403 quis
1083 1343 1193 1403 post
1232 1344 1401 1403 potum
1440 1336 1722 1391 discerncre
1762 1339 1921 1390 adhue
1968 1336 2122 1404 possit
2153 1336 2282 1391 inter
2309 1340 2490 1391 bonum
2531 1346 2579 1392 et
2605 1342 2803 1403 matum,

340 1422 457 1477 licet
484 1421 701 1476 nonnihil
728 1420 979 1489 phantasia
1010 1424 1200 1474 turbata
1229 1420 1291 1474 sit
1319 1428 1400 1474 aut
1426 1428 1691 1487 sequantur
1718 1421 1946 1484 vomitus,
1972 1421 2129 1485 lingua
2160 1420 2350 1487 titubet,
2382 1424 2530 1488 pedes
2557 1421 2806 1487 vacillent,

337 1507 470 1562 oculi
506 1513 706 1561 cernant
742 1506 954 1573 duplicia
994 1508 1072 1561 vel
1110 1509 1286 1559 domus
1324 1506 1489 1571 gyrari
1531 1506 1775 1568 videatur,
1806 1508 2018 1559 nondum
2048 1508 2185 1572 plena
2230 1514 2302 1559 cst
2330 1506 2569 1560 ebrietas:
2598 1507 2806 1571 ideoque

339 1598 528 1646 tantum
564 1599 817 1658 peccatum
871 1590 1077 1653 veniale,
1121 1591 1345 1655 quamvis
1397 1605 1456 1644 ex
1499 1590 1832 1654 gravioribus,
1872 1590 1913 1643 si
1951 1590 2216 1644 deliberate
2263 1590 2327 1643 sit
2371 1590 2700 1644 commissum.
2742 1592 2804 1643 V.

336 1679 513 1742 Laym.
540 1679 573 1729 Ι.
597 1692 641 1730 c.

428 1797 605 1872 729.
646 1800 824 1865 Hanc
868 1801 1236 1875 doctrinam,
1286 1803 1358 1865 ut
1405 1801 1690 1879 diximus,
1733 1801 2060 1866 confirmat
2105 1822 2154 1867 s.
2190 1805 2544 1887 Alphonsus
2591 1805 2698 1868 lib.
2741 1806 2800 1869 5.

331 1927 394 1969 11.
435 1905 574 1968 75.:
608 1927 645 1961 «
676 1902 929 1967 Certum
976 1905 1072 1968 est
1117 1904 1278 1986 apud
1331 1923 1540 1968 omnes
1588 1903 1868 1987 (inquit),
1919 1907 2083 1987 quod
2131 1907 2208 1970 ad
2258 1907 2373 1972 hoc
2419 1911 2492 1971 ut
2538 1907 2804 1972 ebrietas

330 2007 420 2071 sit
458 2008 781 2089 peceatum
818 2006 1101 2081 mortale,
1136 2007 1474 2087 requiritur
1521 2010 1593 2070 ut
1638 2008 1721 2070 sit
1771 2007 2057 2089 perfecta,
2091 2028 2308 2092 nempe
2345 2028 2505 2091 quae
2554 2010 2802 2073 omnino

326 2108 537 2193 privet
584 2126 703 2172 usu
746 2109 1029 2173 rationis.
1065 2108 1154 2173 Ut
1202 2109 1366 2174 enim
1413 2109 1593 2173 docet
1638 2129 1686 2173 s.
1738 2110 2010 2174 Thomas
2060 2113 2119 2174 2.
2163 2113 2222 2174 2.
2273 2132 2330 2194 q.
2371 2113 2518 2176 150.
2553 2131 2608 2175 a.
2646 2115 2704 2175 2.
2740 2113 2806 2175 et

328 2229 477 2275 cum
514 2211 649 2293 ipso
689 2229 919 2287 omnes,
960 2211 1021 2274 in
1054 2210 1171 2275 hoc
1201 2211 1486 2276 consistit
1517 2211 1762 2275 malitia
1795 2212 2133 2290 ebrietatiS‚
2169 2214 2331 2295 quod
2372 2214 2556 2278 homo
2590 2216 2802 2279 volens

324 2315 391 2377 et
439 2312 638 2378 sciens
684 2313 890 2395 privat
936 2333 1000 2378 se
1043 2332 1164 2377 usu
1209 2314 1471 2378 rationis
1518 2313 1733 2395 (adde:
1784 2316 1920 2378 sine
1966 2318 2328 2380 necessitate
2375 2320 2438 2379 et
2485 2317 2622 2381 sola
2667 2319 2804 2380 vim?

321 2414 686 2499 voluptate).
724 2415 900 2481 Unde
943 2434 1066 2482 non
1112 2419 1325 2500 peccat
1370 2417 1721 2481 mortaliter
1768 2419 1874 2499 qui
1921 2437 1992 2482 ex
2031 2422 2183 2501 potu
2217 2419 2343 2482 vini
2391 2438 2515 2484 non
2562 2419 2803 2483 amittit

324 2517 624 2584 totaliter
668 2537 854 2584 usum
896 2518 1178 2596 rationis,
1214 2519 1500 2602 quamvis
1531 2538 1706 2584 mens
1750 2521 2166 2603 perturbetur,
2201 2521 2293 2586 ita
2339 2525 2549 2587 tamen
2596 2524 2671 2587 ut
2715 2521 2802 2586 di·

321 2639 606 2686 scernere
660 2621 868 2685 valeat
912 2621 1076 2686 inter
1121 2622 1351 2688 bonum
1408 2625 1470 2687 et
1517 2624 1773 2701 malum,
1825 2626 1898 2688 ut
1951 2626 2362 2691 communiter
2415 2625 2632 2713 dicunt
2677 2626 2800 2689 Το-

318 2725 493 2790 letus
526 2726 643 2788 etc.
677 2750 738 2788 ».

411 2827 720 2908 Quocirca
742 2827 892 2892 dum
917 2827 1248 2894 confitetur
1272 2830 1410 2911 quis
1443 2829 1825 2906 ebrietatem,
1853 2830 2328 2915 interrogandus
2354 2832 2492 2908 erit,
2520 2850 2598 2896 an
2624 2832 2798 2914 plene

316 2948 513 2996 usum
544 2929 806 2995 rationis
839 2931 1117 2995 amiserit
1147 2933 1261 2995 etc.
1298 2931 1459 2995 Nam
1491 2931 1554 2994 id
1600 2933 1793 3016 vulgo
1840 2951 1961 2996 non
2008 2937 2239 2997 norunt
2286 2937 2349 2998 et
2382 2934 2608 3015 putant
2639 2934 2798 2997 falsa

320 3034 617 3117 opinione
647 3051 838 3118 grave
875 3033 1085 3098 adesse
1117 3037 1457 3117 peccatum,
1492 3034 1545 3097 si
1578 3034 1655 3097 ad
1686 3035 1996 3097 vomitum
2032 3035 2247 3098 vinum
2279 3035 2728 3116 provocaverit.

409 3131 600 3206 730.
633 3134 826 3200 Addit
872 3154 919 3200 s.
954 3136 1139 3218 Alph.
1172 3136 1280 3199 lib.
1317 3137 1376 3199 5.
1412 3156 1472 3199 11.
1510 3136 1611 3198 75.
1653 3137 1798 3217 post
1842 3135 2026 3199 Croix
2073 3137 2180 3199 lib.
2218 3137 2277 3200 5.
2311 3156 2370 3198 n.
2408 3136 2580 3212 317„
2631 3155 2799 3200 com-

195 3229 209 3242 ’
314 3238 603 3302 munitet
648 3256 685 3301 a.
729 3237 866 3301 DD.
907 3237 1224 3310 affirmari,
1260 3255 1382 3300 non
1421 3255 1551 3300 esse
1593 3237 1925 3301 mortalem
1971 3238 2239 3319 culpam,
2273 3237 2328 3300 si
2364 3237 2629 3300 ebrietas
2676 3245 2825 3301 non·

316 3339 535 3424 privet
570 3337 681 3401 diu
712 3357 834 3403 usu
863 3339 1149 3414 rationis,
1183 3338 1290 3402 sed
1321 3338 1525 3402 solum
1558 3338 1634 3401 ad
1666 3338 1981 3402 modicum
2027 3341 2291 3421 tempus.
2327 3338 2411 3402 Et
2455 3338 2641 3403 refert
2674 3340 2801 3422 opi-

318 3443 582 3507 nionem
617 3441 891 3506 eiusdem
921 3439 1123 3516 Croix,
1158 3440 1434 3505 notabile
1471 3444 1718 3523 tempus
1756 3459 1905 3518 esse,
1941 3440 1993 3505 si
2027 3442 2306 3506 absentia
2354 3462 2505 3507 usus
2535 3443 2798 3507 rationis

303 3547 501 3611 duret
541 3543 619 3608 ad
649 3545 887 3609 horam.
1746 3542 1757 3551 ’

413 3647 708 3712 Viderint
739 3649 949 3713 tamen
982 3647 1110 3725 alii,
1145 3648 1360 3711 utrum
1396 3648 1546 3710 haec
1593 3646 1874 3711 doctrina
1906 3647 2226 3731 quidpiam
2275 3649 2352 3713 ad
2383 3651 2623 3732 praxim
2661 3668 2798 3715 con-

312 3750 482 3816 ferre
508 3749 743 3833 possit3
771 3751 986 3814 utrum
1017 3750 1250 3814 scilicet
1281 3751 1461 3814 tanta
1500 3769 1629 3814 esse
1660 3752 1850 3831 queat
1874 3751 2157 3828 ebrietas,
2186 3753 2260 3815 ut
2290 3753 2574 3817 totaliter
2596 3753 2798 3834 privet

310 3871 443 3918 usu
491 3853 758 3917 rationis
791 3855 853 3918 et
900 3852 1089 3917 simul
1136 3853 1282 3916 talis
1330 3853 1433 3926 sit,
1467 3872 1626 3935 quae
1655 3854 1789 3916 tam
1828 3854 2000 3918 brevi
2029 3857 2306 3938 tempore
2344 3855 2548 3919 excuti
2580 3853 2794 3937 possit.

311 3957 520 4021 Forte
550 3954 673 4020 huc
704 3956 1013 4038 spectaret
1042 3955 1347 4037 quaestiO,
1383 3974 1460 4020 an
1493 3957 1770 4040 graviter
1814 3958 2040 4038 peccet,
2074 3958 2182 4039 qui
2215 3958 2357 4040 post
2387 3957 2605 4021 vinum
2636 3976 2800 4021 sum-

311 4059 509 4142 ptum
559 4058 637 4122 ad
681 4058 1046 4122 ebrietatem
1093 4057 1422 4131 sufficiens,
1471 4059 1741 4123 remedio
1790 4059 1999 4143 aliquo
2048 4060 2271 4137 utitur,
2322 4079 2444 4143 quo
2491 4061 2620 4125 vim
2667 4062 2799 4125 eius

306 4160 537 4236 elidat,
573 4179 633 4224 v.
673 4180 766 4246 gr.
806 4159 957 4224 dum
987 4160 1194 4246 gelida
1225 4161 1415 4244 caput
1459 4161 1787 4246 refrigerat
1833 4165 1945 4226 aut
1976 4163 2286 4229 vomitum
2332 4167 2648 4248 provocat.
2682 4162 2800 4229 Cui

311 4262 686 4347 quaestioni
722 4264 933 4346 posset
978 4262 1117 4347 quis
1163 4262 1438 4347 profecto
1471 4263 1706 4348 (posita
1736 4265 1954 4347 utique
1986 4267 2249 4332 veritate
2282 4268 2671 4354 hypothesis)
2700 4287 2801 4332 ne-

301 4365 535 4451 gative
582 4364 967 4448 respondere,
1014 4366 1261 4432 innixus
1310 4367 1677 4436 auctoritati
1723 4370 2037 4434 communi
2083 4370 2218 4435 heic
2263 4390 2334 4434 ex
2382 4391 2430 4436 s,
2480 4371 2640 4455 Alph
2649 4390 2798 4437 onso

307 4468 580 4534 allatae.
