3529 5158
312 364 461 440 [428]
931 377 1014 417 An
1052 376 1193 425 Qms
1229 375 1433 418 possrr
1471 376 1544 417 sn
1580 376 1767 419 msmr
1803 377 2188 419 mspnmsann
2678 366 2790 419 415

314 478 467 560 quia
503 476 704 561 ligare
748 475 952 561 magis
1000 476 1243 558 spectat
1290 474 1366 538 ad
1399 473 1891 539 iurisdictionem
1923 474 2411 540 involuntariam
2458 477 2522 539 et
2565 475 2792 540 coacti-

316 599 464 644 vam
496 580 561 644 et
590 578 728 643 ideo
776 596 899 643 non
924 578 1133 661 potest
1163 576 1436 660 seipsum
1482 577 1841 642 immediate
1873 578 1954 655 et,
1989 580 2065 642 ut
2110 578 2201 642 ita
2232 577 2454 657 dicam,
2495 578 2788 661 privatim

315 701 427 767 per
455 682 659 766 legem
689 681 907 765 ligare,
941 680 1046 744 sed
1093 680 1298 745 solum
1344 680 1833 745 concomitanter
1868 700 2012 745 cum
2056 680 2523 759 communitate,
2564 681 2665 745 eui
2711 680 2792 744 le-

314 803 462 869 gem
491 782 778 866 imponit‚
816 783 1003 865 idque
1031 801 1154 847 non
1187 783 1393 847 solum
1431 782 1756 847 voluntate
1790 784 2057 865 propria,
2086 782 2189 847 sed
2229 782 2604 847 adminiculo
2637 782 2791 847 iuris

313 886 646 963 naturalis,
696 886 771 949 ut
815 904 1004 968 supra
1053 884 1354 949 vidimus:
1405 886 1642 950 solvere
1675 887 1888 949 autem
1919 885 2191 968 seipsum
2213 887 2423 969 potest
2467 884 2697 949 directe
2728 888 2791 951 et

316 988 651 1072 privatim;
695 986 843 1069 quia
889 986 1269 1070 dispensatio
1317 990 1380 1052 et
1426 990 1522 1052 est
1569 990 1767 1066 actm,
1822 988 1930 1069 qui
1976 1006 2083 1070 per
2144 1007 2208 1052 36
2268 990 2584 1053 exercetur
2629 990 2791 1054 circa

317 1109 513 1154 unam
544 1108 870 1173 personam
901 1090 965 1153 et
988 1090 1085 1153 est
1120 1088 1565 1154 iurisdictionis
1603 1089 2020 1165 voluntariam
2062 1089 2321 1172 ideoque
2350 1091 2553 1175 magis
2584 1091 2794 1175 potest

318 1191 606 1275 princeps
637 1190 911 1273 seipsum
945 1190 1207 1255 eximere
1246 1208 1283 1253 a
1314 1190 1472 1274 legis
1504 1208 1652 1254 suae
1686 1190 2067 1275 obligatione
2098 1209 2169 1255 ex
2207 1192 2375 1256 iusta
2412 1212 2601 1257 causa
2635 1217 2698 1256 ».

411 1293 501 1357 At
530 1293 582 1357 si
618 1292 769 1357 haec
800 1291 989 1356 habet
1033 1291 1280 1370 Suarez,
1321 1311 1433 1356 cur
1467 1292 1543 1356 A.
1578 1292 1747 1368 dicit,
1790 1312 1854 1358 36
1884 1293 1995 1357 illa
2025 1294 2239 1359 docere
2270 1296 2486 1359 eontra
2524 1294 2791 1360 Suarez‘?

318 1395 704 1480 Respondeo,
730 1395 1068 1459 Auctorem
1090 1413 1228 1458 eam
1253 1394 1691 1480 allegationem
1723 1414 1797 1459 cx
1829 1396 2030 1460 Diana
2046 1398 2199 1462 tom.
2235 1399 2296 1461 3.
2324 1399 2401 1462 tr.
2431 1400 2493 1462 2.
2518 1399 2698 1463 resol.
2728 1398 2787 1461 6.

319 1518 382 1562 n.
429 1498 487 1561 1.
513 1498 877 1561 mutuatum
910 1515 1068 1573 esse3
1104 1496 1210 1561 sed
1243 1497 1405 1581 apud
1432 1498 1699 1573 Dianam
1730 1517 1852 1562 non
1891 1498 1983 1562 ita
2012 1499 2186 1584 large
2211 1500 2271 1563 id
2297 1500 2788 1585 intelligendum.

321 1603 405 1667 Et
435 1603 639 1685 reipsa
671 1600 897 1666 Suarez
936 1600 1011 1664 de
1043 1601 1263 1683 Leqib.
1297 1602 1405 1666 lib.
1442 1604 1503 1665 6.
1537 1622 1671 1685 cap.
1713 1603 1813 1666 12.
1855 1623 1915 1667 n.
1950 1605 2010 1667 8.
2062 1604 2310 1668 scribit:
2352 1628 2387 1662 ‹
2434 1603 2790 1667 Difficultas

321 1706 402 1770 ad
447 1706 566 1770 hoc
612 1705 960 1779 revocatur,
1003 1724 1081 1769 an
1112 1706 1438 1790 legislator
1483 1706 1680 1787 possit
1727 1725 1934 1769 secum
1978 1706 2327 1790 dispensare
2374 1707 2437 1770 in
2484 1706 2613 1770 suis
2643 1706 2793 1790 legi-

322 1809 460 1885 bue,
510 1811 819 1891 quatenus
865 1807 991 1871 illis
1036 1808 1168 1891 ipse
1201 1808 1392 1872 etiam
1424 1807 1682 1892 ligatur.
1716 1808 1855 1872 Hoc
1886 1808 2147 1872 dubium
2184 1807 2372 1893 attigi
2403 1808 2477 1871 de
2509 1806 2788 1871 Sacram.

321 1912 481 1995 disp.
519 1913 623 1976 82.
665 1913 811 1976 sect.
848 1913 908 1975 2.
943 1912 1104 1975 circa
1135 1910 1240 1974 fin.
1276 1912 1340 1975 et
1369 1909 1444 1973 de
1477 1909 1732 1991 Induly.
1760 1910 1916 1994 disp.
1961 1912 2065 1975 52.
2100 1912 2247 1976 sect.
2286 1911 2343 1975 1.
2378 1932 2437 1975 n.
2479 1912 2583 1975 20.
2625 1913 2687 1975 et
2718 1909 2792 1973 de

340 2015 474 2080 Vot.
507 2014 616 2078 lib.
659 2015 719 2079 6.
753 2033 885 2096 cap.
942 2014 1043 2076 11.
1080 2032 1138 2076 n.
1175 2015 1236 2077 2.
1261 2013 1651 2095 breviterque
1679 2013 1954 2090 definivi,
1983 2014 2350 2079 Pontificem
2387 2032 2565 2097 posse
2595 2013 2793 2078 indul-

322 2117 570 2202 gentias
616 2114 734 2179 sibi
765 2115 1075 2199 applicare
1112 2135 1222 2180 seu
1258 2116 1621 2180 thesaurum
1669 2135 1781 2198 pro
1820 2135 1885 2180 36
1915 2115 2107 2182 etiam
2137 2116 2506 2199 dispensare,
2541 2115 2670 2180 sive
2707 2114 2794 2179 di-

325 2220 670 2305 spensando
716 2237 827 2301 pro
860 2220 998 2283 tota
1044 2219 1510 2295 communitate,
1544 2218 1723 2283 cuius
1745 2219 1876 2302 ipse
1900 2221 1995 2284 est
2018 2220 2415 2302 praecipuum
2446 2220 2791 2283 membrum

325 2324 456 2388 sive
503 2322 623 2387 sibi
653 2321 769 2387 soli
806 2321 1165 2386 immediate
1196 2323 1259 2385 et
1295 2320 1525 2385 directe
1561 2321 2019 2405 indulgentiam
2050 2321 2450 2388 concedendo.
2490 2321 2573 2385 Et
2603 2320 2793 2385 simili

324 2425 511 2490 modo
547 2442 727 2507 posse
757 2442 966 2487 secum
999 2424 1062 2486 in
1100 2423 1342 2507 legibus
1375 2425 1438 2488 et
1475 2424 1639 2488 votis
1671 2424 2043 2507 dispensare,
2085 2424 2184 2488 vel
2219 2423 2661 2489 committendo
2711 2423 2795 2487 al-

325 2529 441 2595 teri
475 2528 875 2612 potestatem,
917 2528 989 2591 ut
1035 2544 1245 2591 secum
1292 2526 1621 2610 dispenset,
1662 2526 1716 2591 si
1747 2526 1987 2592 iustum
2025 2545 2157 2592 esse
2187 2526 2555 2592 iudicaverit
2600 2525 2794 2609 (quod

323 2631 550 2696 melius
597 2629 662 2694 et
706 2627 1149 2693 consulendum
1199 2646 1329 2693 esse
1374 2628 1692 2713 iudicavi),
1728 2631 1860 2694 sive
1890 2649 1999 2713 per
2029 2648 2160 2695 sese
2203 2649 2335 2694 rem
2370 2628 2698 2694 iudicando
2733 2632 2795 2693 et

323 2732 852 2817 dispensationem
900 2731 1018 2795 sibi
1065 2730 1465 2795 concedendo.
1506 2729 1679 2810 Quae
1732 2733 2042 2797 sententia
2079 2732 2143 2797 in
2203 2751 2447 2797 summo
2494 2731 2794 2798 Pontifice

326 2835 675 2900 communis
720 2837 880 2898 est...
914 2833 1248 2916 eademque
1292 2833 1592 2899 resolutio
1640 2833 1846 2899 locum
1895 2836 2084 2900 habet
2144 2836 2207 2899 in
2261 2855 2651 2919 quocumque
2697 2855 2797 2900 su-

327 2956 541 3023 premo
573 2936 855 3020 Principe
901 2955 1010 3001 seu
1057 2935 1225 3020 Rege
1279 2937 1608 3019 temporali
1655 2937 1862 3019 quoad
1907 2937 2075 3022 leges
2129 2939 2358 3014 civiles,
2393 2939 2541 3020 quia
2588 2940 2796 3003 servat

326 3040 586 3105 eandem
617 3039 1080 3122 proportionem
1112 3063 1173 3101 ».

419 3142 514 3206 De
544 3140 841 3226 praelatis
873 3142 1086 3205 autem
1115 3138 1512 3205 inferioribus
1544 3140 1757 3204 subdit
1782 3140 1928 3204 ibid.
1962 3161 2022 3204 n.
2057 3142 2159 3203 11.
2189 3162 2204 3203 ε
2248 3166 2281 3196 «
2322 3142 2411 3203 De
2442 3141 2667 3222 quibus
2704 3142 2798 3205 lo-

328 3244 440 3328 qui
472 3261 802 3327 possumus
841 3244 953 3306 aut
998 3244 1281 3324 respectu
1326 3242 1557 3325 legum,
1600 3260 1756 3322 quas
1808 3241 1928 3325 ipsi
1983 3240 2318 3306 condunt...
2361 3244 2474 3305 aut
2518 3244 2800 3324 respectu

327 3348 549 3428 legum
588 3363 841 3410 suorum
879 3344 1335 3427 superiorum...
1371 3341 1706 3424 Loquendo
1753 3342 1919 3406 enim
1951 3343 2024 3406 de
2055 3343 2246 3426 priori
2277 3343 2480 3421 modo,
2508 3343 2637 3407 sine
2671 3342 2799 3406 ulla

328 3448 754 3514 controversia
784 3446 1110 3510 dicendum
1143 3446 1257 3519 est,
1291 3463 1470 3528 posse
1500 3464 1710 3509 secum
1732 3445 2085 3528 dispensare
2107 3445 2171 3510 in
2204 3446 2334 3510 suis
2357 3447 2619 3532 legibus,
2640 3447 2802 3510 sicut

332 3551 510 3633 Papa
548 3549 645 3612 vel
699 3548 828 3612 Rex
882 3548 945 3612 in
1003 3547 1152 3611 suis.
1202 3547 1284 3610 Et
1331 3547 1494 3610 enim
1542 3547 1755 3611 eadem
1802 3547 2121 3630 proportio
2169 3567 2241 3612 ac
2287 3549 2543 3613 subinde
2590 3548 2801 3613 eadem

301 3651 522 3725 ratio,
561 3651 708 3732 quia
741 3650 871 3714 scil.
914 3650 1063 3714 talis
1101 3649 1199 3714 lex
1246 3649 1669 3733 principaliter
1714 3668 1788 3713 ac
1833 3669 1940 3734 per
1986 3671 2048 3715 se
2081 3651 2303 3734 pendet
2340 3653 2418 3716 ab
2454 3652 2799 3736 Episcop03

331 3772 483 3838 ergo
532 3752 892 3816 distributio
943 3750 1344 3836 obligationis
1392 3752 1589 3816 eius...
1638 3752 1716 3815 ab
1762 3752 1975 3817 eadem
2022 3754 2347 3817 voluntate
2386 3756 2449 3818 et
2494 3756 2804 3836 potestate

332 3855 590 3940 pendet:
626 3872 795 3939 ergo.
837 3853 1018 3917 Tum.
1058 3873 1116 3917 n.
1157 3855 1296 3917 12.;
1338 3878 1373 3911 ‹
1413 3852 1747 3934 Loquendo
1781 3856 1993 3918 autem
2025 3855 2148 3919 alio
2182 3854 2362 3918 modo
2410 3855 2483 3918 de
2516 3855 2613 3918 his
2636 3873 2807 3936 prae-

333 3961 572 4036 latis...‚
600 3960 708 4042 qui
732 3961 1107 4043 potestatem
1132 3960 1362 4024 habent
1385 3958 1775 4042 dispensandi
1806 3960 1866 4023 in
1900 3959 2142 4044 legibus
2173 3960 2579 4041 superiorum,
2608 3959 2806 4023 maior

334 4065 432 4128 est
462 4061 874 4126 difficultas..
909 4061 1086 4140 Quod
1135 4062 1212 4126 ad
1244 4081 1531 4145 praesens
1565 4062 1812 4136 attinet,
1846 4063 2085 4124 certum
2122 4062 2235 4132 est,
2285 4060 2807 4143 dispensationem

333 4186 455 4231 non
488 4183 841 4249 repugnare
875 4166 1127 4248 propter
1161 4164 1555 4228 identitatem
1603 4182 1931 4247 personae3
1988 4182 2134 4226 nam
2179 4162 2383 4245 quoad
2432 4164 2547 4227 hoc
2593 4163 2807 4227 eadem

333 4272 431 4335 est
476 4268 679 4344 ratio;
731 4269 940 4331 tamen
987 4269 1049 4332 in
1099 4269 1410 4352 potestate
1449 4268 1654 4332 activa
1700 4266 2091 4351 dispensandi
2139 4267 2346 4350 potest
2398 4286 2529 4331 esse
2560 4267 2811 4333 diversi-

339 4374 460 4436 tas.
494 4369 662 4434 Nam
709 4372 992 4452 respectu
1040 4370 1323 4453 propriae
1354 4371 1511 4454 legis
1549 4389 1618 4433 ex
1651 4373 1878 4434 natura
1925 4369 2009 4433 rei
2058 4369 2357 4451 sequitur,
2399 4373 2472 4434 ut
2518 4371 2625 4453 qui
2673 4391 2809 4436 eam

337 4473 512 4546 tulit,
554 4471 758 4555 possit
786 4470 849 4535 in
885 4490 955 4534 ea
980 4471 1349 4555 dispensare,
1388 4472 1507 4536 nisi
1532 4473 1960 4555 prohibeatur:
1995 4473 2057 4537 in
2082 4474 2218 4559 lege
2243 4476 2452 4538 autem
2478 4477 2812 4558 superioris

340 4575 456 4641 hoc
507 4593 629 4640 non
662 4573 949 4655 sequitur
981 4593 1050 4637 ex
1088 4576 1314 4637 natura
1346 4574 1454 4648 rei,
1489 4573 1593 4638 sed
1626 4576 1849 4657 pendet
1880 4595 1950 4639 ex
1982 4576 2164 4642 modo
2204 4577 2537 4660 potestatis
2570 4598 2605 4642 a
2639 4598 2812 4662 supe-
