3529 5158
1138 373 1225 413 rm
1262 372 1469 413 namn
1504 372 1551 413 s.
1590 372 1893 413 ALPRORSI
1931 370 2061 414 mc,
2730 357 2834 411 671

468 471 572 533 59.
626 470 855 534 Verum
902 470 1067 552 quod
1114 470 1357 534 theoria
1411 468 2018 552 aequiprobabilismi
2067 488 2137 532 ex
2183 472 2388 532 mente
2435 487 2483 531 s.
2532 467 2836 550 Alphonsi

378 571 559 654 plane
607 571 899 637 distincta
948 573 1031 638 sit
1076 575 1141 637 et
1186 572 1430 636 differat
1476 591 1509 634 a
1559 571 1939 654 quaestione,
1989 589 2112 653 qua
2157 570 2289 654 ipse
2335 569 2547 633 docuit
2592 570 2834 633 licitum

374 693 561 739 usum
593 676 899 757 opinionis
929 675 1265 758 probabilis
1295 677 1358 738 in
1394 692 1696 738 concursu
1728 673 2180 756 probabilioris,
2214 672 2340 736 alia
2368 673 2610 736 ratione
2642 690 2835 753 eaque

374 776 882 841 manifestissima
928 776 1293 842 ostenditur.

464 879 545 942 Et
583 898 728 944 sane
761 880 1217 963 perpendantur
1247 879 1432 943 verba
1462 880 1586 942 ista
1613 896 1659 942 s.
1690 877 1980 941 Doctoris
2011 896 2082 940 011
2122 876 2570 940 Dissertatione
2601 876 2833 940 inserta

373 980 631 1064 editioni
656 981 1032 1066 Theologiae
1055 981 1314 1044 Moralis
1348 1000 1488 1044 ann.
1522 980 1709 1043 1763.
1737 1000 1798 1042 n.
1833 980 1910 1056 1.,
1941 979 2047 1043 ubi
2078 982 2219 1061 post
2256 979 2567 1061 expositas
2599 980 2836 1042 senten·

371 1083 496 1146 tias
514 1083 1004 1148 Tutioristarum
1030 1102 1101 1146 ac
1117 1083 1773 1147 Probabilioristarum
1797 1082 1884 1145 sic
1901 1082 2337 1165 prosequitur?
2360 1105 2395 1139 ‹
2411 1081 2539 1145 Alii
2562 1080 2830 1158 demum,

372 1187 826 1253 Probabilistae
858 1189 1085 1261 vocati,
1119 1190 1440 1271 putarunt,
1477 1188 1719 1251 licitum
1752 1206 1884 1250 esse
1915 1206 2099 1251 usum
2133 1187 2438 1269 opinionis
2469 1185 2663 1251 solide
2699 1204 2835 1267 pro-

369 1289 595 1353 babilis
620 1291 682 1352 in
714 1308 1016 1354 concursu
1040 1290 1344 1372 opinionis
1374 1309 1567 1369 aeque
1587 1286 1943 1367 probabilis
1971 1309 2045 1351 ac
2076 1289 2263 1351 etlam
2284 1287 2738 1368 probabilioris
2769 1311 2830 1348 ».

370 1389 725 1455 Sententiae
770 1392 968 1476 igitur
1012 1392 1569 1456 Probabilistarum
1616 1390 1771 1456 duas
1818 1394 2025 1474 partes
2071 1390 2329 1454 disserte
2375 1390 2701 1454 distinctas
2746 1407 2835 1451 re-

368 1496 604 1558 censet:
655 1479 936 1569 alteram,
985 1513 1108 1575 qua
1157 1493 1561 1558 defendebant
1604 1494 1851 1558 licitum
1890 1512 2071 1558 usum
2122 1493 2426 1575 opinionis
2475 1491 2666 1557 solide
2700 1511 2834 1575 pro-

371 1595 593 1659 babilis
638 1596 709 1658 in
745 1615 1048 1659 concursu
1083 1616 1277 1675 acque
1314 1596 1706 1674 probabilis‚·
1740 1598 2024 1667 alteram,
2057 1615 2181 1677 qua
2212 1594 2617 1658 defendebant
2649 1614 2832 1658 usum

371 1698 678 1780 opinionis
725 1698 1061 1780 probabilis
1108 1699 1300 1761 etiam
1345 1700 1413 1759 in
1452 1717 1757 1761 concursu
1793 1697 2262 1777 probabilioris.

458 1800 652 1864 Porro
678 1799 741 1862 in
765 1817 837 1863 ea
861 1799 1294 1863 disssetatione
1328 1801 1591 1882 primam
1629 1800 1877 1882 quidem
1909 1800 2212 1863 eiusmodi
2243 1799 2558 1863 doctrinae
2591 1802 2831 1881 partem

369 1902 870 1985 pertractandam
903 1921 973 1966 ac
1008 1902 1299 1966 tuendam
1333 1921 1381 1966 S.
1424 1904 1658 1967 Doctor
1689 1903 1956 1967 assumit
1980 1902 2273 1966 adversus
2305 1902 2584 1966 mitiores
2617 1902 2832 1967 Tutio-

368 2005 582 2079 ristas3
623 2003 830 2086 quoad
868 2004 1129 2068 alteram
1178 2024 1320 2069 vero
1369 2005 1537 2083 dicit,
1574 2025 1636 2069 se
1669 2006 1748 2069 ab
1788 2025 1859 2069 ea
1893 2004 2331 2088 praescindere.
2376 2006 2472 2067 Ita
2507 2024 2555 2067 s,
2597 2005 2832 2069 Doctor

362 2106 550 2170 ibid.:
592 2132 628 2163 «
662 2108 752 2172 De
797 2106 913 2170 hac
959 2110 1169 2171 autem
1217 2106 1439 2169 ultima
1486 2110 1797 2170 sententia
1843 2107 2410 2191 probabilistarum,
2445 2106 2610 2189 quod
2645 2106 2832 2171 liceat

364 2211 541 2292 sequi
589 2210 941 2292 opinionem
971 2211 1177 2274 minus
1209 2210 1610 2293 probabilem,
1650 2211 1865 2275 relicta
1914 2210 2334 2293 probabiliori,
2374 2211 2502 2274 iam
2539 2209 2826 2286 diximus,

366 2314 529 2395 quod
578 2333 719 2378 cum
765 2314 917 2378 baec
962 2315 1246 2395 quaestio
1288 2313 1555 2396 undique
1604 2314 1681 2377 ab
1729 2313 2087 2378 auctoribus
2136 2315 2430 2399 agitetur,
2467 2313 2631 2396 apud
2662 2312 2828 2395 ipsos

366 2416 679 2480 observari
725 2417 936 2498 potest
968 2444 1027 2478 ».

456 2517 561 2581 60.
603 2516 780 2597 Quod
826 2536 969 2582 vero
1004 2536 1050 2584 s.
1088 2519 1320 2583 Doctor
1352 2520 1467 2584 1100
1499 2520 1688 2583 etiam
1719 2519 1856 2584 1000
1891 2538 2010 2584 11011
2046 2520 2286 2584 reiiciat
2332 2520 2621 2584 ultimam
2653 2518 2829 2582 illam

362 2620 913 2704 probabilistarum
962 2622 1353 2699 sententiam,
1402 2622 1548 2686 licet
1592 2623 1888 2687 lectorem
1925 2623 2210 2686 remittat
2257 2622 2334 2686 ad
2381 2625 2666 2687 auctores
2697 2621 2828 2686 uni-

362 2723 592 2787 versim
639 2743 777 2787 eam
825 2725 1185 2798 tractanteS,
1221 2725 1375 2788 satis
1422 2724 1642 2801 elucet,
1678 2725 1826 2788 dum
1876 2725 2021 2788 ibid.
2057 2745 2115 2787 n.
2158 2727 2220 2788 3.
2254 2726 2341 2789 sic
2373 2726 2447 2789 de
2476 2725 2696 2789 iisdem
2741 2725 2829 2788 lo·

362 2824 606 2906 quitur:
646 2850 680 2883 «
706 2825 877 2889 Haec
909 2828 1117 2890 autem
1151 2827 1350 2908 prima
1382 2827 1687 2890 sententia
1712 2826 1978 2908 (scilicet
2001 2827 2519 2911 Tutioristarum)
2544 2827 2826 2893 universe

359 2926 639 2991 reiicitur
686 2945 721 2989 a
767 2926 1142 3004 doctoribuS,
1193 2921 1314 2992 non
1362 2928 1564 2992 solum
1603 2930 2046 3012 probabilistis,
2097 2932 2202 3012 qui
2254 2932 2598 2995 admittunt
2645 2950 2828 2994 usum

359 3029 675 3108 opinionis
705 3028 1061 3107 prolmbae’lis
1105 3031 1175 3092 ‘in
1221 3051 1523 3093 concursu
1558 3032 2014 3109 probabilioris
2061 3035 2125 3095 et
2172 3036 2475 3108 asserunt,
2525 3033 2683 3095 hanc
2728 3033 2827 3095 be·

357 3130 614 3214 nignam
663 3130 1032 3194 sententiam
1081 3150 1210 3195 esse
1258 3152 1667 3210 communem,
1706 3136 1778 3196 ut
1815 3133 2029 3196 dicunt
2075 3132 2321 3204 Suarez,
2358 3132 2821 3215 CastropalauS,

359 3231 629 3306 Medina,
657 3230 897 3314 Sporer,
924 3233 1258 3310 Bonacina,
1288 3233 1694 3310 Montesinus,
1714 3253 1857 3297 cum
1876 3232 2121 3297 Cardin.
2135 3233 2556 3308 Sfondrato...,
2575 3233 2821 3299 Cardin.

357 3334 433 3398 de
464 3333 729 3418 Lugo...,
759 3332 1004 3398 Cardin.
1032 3334 1339 3410 Toleto...,
1367 3336 1654 3419 Abelly...
1681 3336 1788 3416 qui
1822 3337 1979 3399 citat
2003 3355 2113 3419 pro
2138 3338 2254 3402 hac
2278 3338 2580 3401 sententia
2609 3337 2824 3401 Ysam-

357 3437 625 3513 bertnm,
678 3435 1105 3513 Du·Vallium,
1156 3437 1664 3512 Gammacheum,
1699 3456 1910 3503 omnes
1958 3440 2071 3503 hos
2119 3440 2399 3504 doctores
2446 3440 2821 3514 sorbonicoS,

355 3559 498 3604 cum
537 3537 891 3603 Christiano
916 3539 1092 3622 Lupo
1124 3538 1374 3604 doctore
1404 3540 1767 3616 lovaniensi,
1801 3542 1908 3622 qui
1941 3541 2229 3620 defendit,
2263 3543 2422 3607 hanc
2451 3543 2824 3609 sententiam

354 3642 628 3707 tenuisse
653 3641 844 3705 etiam
880 3643 1147 3706 maiores
1177 3644 1422 3707 nostros
1463 3662 1602 3707 cum
1637 3641 1910 3708 Summis
1941 3644 2347 3710 Pontificibus
2384 3648 2448 3710 et
2485 3646 2821 3712 Ecclesiam

353 3744 731 3808 catholicam
756 3761 996 3826 semper
1028 3763 1164 3809 eam
1197 3746 1571 3827 permisisse;
1609 3764 1729 3810 non
1761 3747 1986 3824 solum,
2014 3747 2169 3824 dico,
2211 3749 2488 3831 praefata
2516 3750 2822 3814 sententia

352 3846 827 3911 tutioristarum
862 3846 938 3909 ab
971 3847 1069 3910 his
1099 3847 1478 3922 confutatur,
1529 3847 1633 3912 sed
1680 3848 1873 3912 etiam
1906 3870 1942 3913 a
1980 3851 2516 3932 probabilioristiS,
2566 3852 2674 3933 qui
2722 3853 2825 3916 ad—

354 3949 621 4013 mittunt
666 3968 855 4012 usum
905 3948 1211 4031 opinionis
1260 3950 1616 4032 probabiliS,
1666 3951 1849 4015 modo
1900 3955 2195 4035 appareat
2250 3953 2662 4032 verisimilior,
2712 3974 2823 4020 seu

351 4050 615 4114 firmiori
647 4050 1055 4114 fundamento
1087 4052 1330 4115 munita
1364 4079 1424 4115 ».
1461 4052 1532 4115 In
1570 4052 1796 4133 quibus
1845 4073 1892 4117 s.
1935 4054 2221 4119 Doctoris
2254 4056 2453 4120 verbis
2485 4077 2665 4122 nemo
2698 4076 2817 4122 non

354 4152 542 4229 videt,
569 4172 689 4217 non
728 4154 933 4217 solum
959 4153 1041 4217 ab
1061 4172 1131 4218 eo
1156 4172 1277 4218 non
1303 4156 1471 4219 reiici
1496 4156 1829 4240 benignam
1853 4158 2402 4241 probabilistarum
2427 4162 2816 4238 sententiam,

350 4255 480 4320 imo
512 4273 657 4321 vero
690 4256 901 4337 potius
939 4256 1038 4320 tot
1078 4257 1529 4321 auctoritatum
1562 4259 1826 4341 pondere
1860 4262 2108 4326 omnino
2147 4263 2583 4341 commendari,
2618 4283 2689 4329 eo
2721 4265 2818 4329 vel

346 4357 555 4442 magis
601 4357 766 4439 quod
813 4358 1176 4442 congerendi
1210 4361 1310 4424 tot
1346 4361 1752 4425 auctoritates
1785 4382 1858 4426 ex
1891 4364 2176 4428 omnibus
2222 4365 2544 4431 catholicis
2593 4368 2818 4433 scholis

346 4460 525 4526 nulla
570 4462 708 4524 erat
737 4459 826 4524 ibi
858 4462 1209 4538 necessitas,
1246 4481 1388 4527 cum
1420 4463 1575 4527 satis
1608 4483 1716 4547 pro
1755 4484 1940 4549 scopo
1973 4467 2335 4532 confutandi
2381 4488 2451 4533 ex
2485 4472 2820 4537 anctorita-

345 4565 519 4629 tibus
570 4564 925 4628 tutioristas
970 4564 1192 4630 fuisset
1236 4568 1580 4650 generatim
1629 4568 1899 4654 allegare
1947 4571 2405 4652 probabilistaS,
2446 4575 2608 4639 sicut
2653 4595 2818 4639 mere
