3529 5158
733 361 841 417 344
1271 375 1483 416 macr.
1524 375 1613 415 111.
1652 374 1738 413 nn
1778 372 2057 413 meamus.
2096 370 2295 412 capm-
2331 371 2397 411 11.
2432 371 2576 412 nun.
2616 371 2657 410 1.
3053 355 3196 430 [335]

732 475 1037 536 effectum.
1074 472 1212 535 Vid.
1265 469 1641 555 Schmalzgr.
1692 470 1799 534 lib.
1852 472 1910 533 5.
1955 469 2054 533 tit.
2095 469 2151 531 7.
2193 489 2250 531 n.
2296 467 2625 531 171.-174.
2668 466 2956 531 ReiffenS.
2991 466 3096 530 lib.
3136 469 3191 530 l.

735 575 832 637 tit.
870 576 929 637 2.
964 595 1023 639 n.
1061 574 1209 637 274.

822 676 1148 740 Praeterea
1182 695 1303 740 non
1341 675 1580 752 desunt,
1615 676 1722 757 qui
1755 677 1997 758 putent,
2032 693 2102 736 ex
2135 672 2271 755 piae
2302 672 2524 734 matris
2570 671 2878 735 Ecclesiae
2926 672 3197 756 benigni-

734 781 884 852 tate,
914 778 1207 842 sustineri
1240 797 1416 861 posse
1441 777 1843 842 matrimonia
1876 795 2090 841 eorum
2123 774 2505 838 clandestina
2530 772 2689 855 (scil.
2725 774 3036 838 celebrata
3067 776 3194 839 sine

733 881 932 944 forma
960 901 994 943 a
1020 881 1380 946 Tridentino
1415 879 1689 944 Concilio
1725 879 2132 962 praescripta)
2157 897 2269 941 ceu
2292 875 2519 951 valida,
2547 879 2799 959 propter
2831 896 3047 959 nempe
3070 896 3194 940 ma-

735 983 900 1046 xima
923 984 1090 1047 mala
1116 986 1179 1047 et
1210 984 1430 1067 gravia
1454 987 1592 1047 tum
1617 981 2007 1047 incommoda
2040 983 2176 1044 tum
2204 978 2473 1061 pericula
2506 977 2800 1054 timenda,
2835 977 2892 1041 si
2922 978 3193 1042 invalida

734 1087 935 1147 essent
961 1083 1366 1169 (Schmalzgr.
1395 1085 1501 1147 lib.
1530 1085 1590 1147 4.
1620 1086 1719 1148 tit.
1756 1085 1817 1147 3.
1854 1105 1912 1146 11.
1949 1085 2112 1165 99.);
2148 1082 2293 1145 licet
2333 1080 2395 1144 id
2427 1080 2752 1163 contingat
2784 1081 2848 1143 in
2880 1081 3052 1155 lociS,
3089 1082 3192 1144 ubi

734 1189 829 1250 est
853 1187 1302 1252 catholicorum
1327 1188 1619 1269 parochia
1650 1186 1997 1250 communis
2030 1185 2221 1250 etiam
2246 1184 2396 1266 ipsis
2423 1185 2485 1247 et
2509 1181 2943 1246 Tridentinum
2967 1182 3191 1246 ibidem

735 1290 1205 1373 promulgatum
1253 1290 1439 1354 fuerit
1488 1309 1556 1353 ac
1603 1291 1952 1371 receptum,
2002 1287 2184 1351 modo
2235 1287 2318 1350 ibi
2368 1284 2682 1368 publicum
2724 1284 2934 1368 vigeat
2982 1304 3192 1349 eorum

733 1392 942 1456 cultus
982 1393 1358 1456 exercitium.

826 1497 957 1558 Imo
1007 1499 1152 1560 sunt
1199 1498 1305 1577 qui
1354 1497 1700 1578 opinentur,
1760 1494 1967 1557 valida
2014 1492 2227 1556 haberi
2277 1511 2455 1575 posse
2503 1491 2833 1556 eorundem
2882 1490 3191 1574 coniugia,

734 1598 878 1662 licet
925 1599 1081 1662 inita
1121 1598 1350 1663 fuerint
1388 1619 1530 1663 cum
1569 1598 1863 1680 quopiam
1911 1617 1981 1660 ex
2028 1594 2484 1677 impedimentis
2523 1595 2677 1658 iuris
2714 1613 2879 1657 mere
2920 1593 3195 1657 ecclesia-

735 1701 910 1764 stici:
963 1701 1039 1764 ad
1086 1702 1252 1783 quod
1289 1701 1623 1766 tenendum
1663 1701 1798 1763 DD.
1850 1700 2055 1782 plures
2103 1697 2415 1760 ducuntur
2463 1698 2829 1781 argumento
2878 1696 3076 1779 petito
3126 1716 3191 1760 ex

734 1803 1014 1867 doctrina
1033 1804 1106 1867 de
1133 1806 1193 1868 vi
1218 1803 1699 1880 consuetudiniS,
1728 1822 1886 1883 quae
1904 1803 2070 1885 leges
2096 1801 2293 1882 possit
2312 1799 2629 1885 abrogare.
2652 1798 2791 1862 Vid.
2813 1794 3189 1884 Schmalzgr.

735 1905 842 1969 lib.
877 1908 937 1969 4.
980 1906 1079 1970 tit.
1120 1908 1175 1969 1.
1214 1926 1313 1969 nn.
1357 1906 1685 1969 378.-380.

823 2002 1000 2075 335.
1052 2007 1345 2085 Quaestio
1393 2008 1603 2092 gravis
1652 2009 1764 2082 est,
1825 2026 1901 2069 an
1948 2005 2191 2088 legibus
2240 2002 2545 2067 Ecclesiae
2594 2002 2949 2087 obligentur
2995 2003 3091 2067 illi
3126 2023 3193 2067 ex

735 2108 1078 2182 haereticis,
1107 2108 1179 2172 de
1205 2110 1429 2191 quibus
1454 2109 1729 2194 graviter
1755 2108 2099 2182 dubitatur,
2130 2125 2206 2168 an
2233 2105 2434 2168 valide
2468 2106 2593 2169 sint
2616 2104 2940 2187 baptizati.
2982 2104 3193 2187 Neque

733 2209 896 2274 enim
937 2211 1218 2274 absolute
1254 2211 1460 2296 urgeri
1492 2210 1624 2275 heic
1657 2212 1864 2293 potest
1902 2208 2300 2291 principium:
2345 2207 2637 2270 standum
2668 2225 2797 2271 esse
2836 2226 2946 2290 pro
2984 2207 3193 2272 valore

735 2314 929 2386 actus,
960 2317 1070 2377 aut
1107 2314 1419 2396 praesumi
1449 2313 1705 2388 factum,
1735 2312 1901 2394 quod
1934 2311 2006 2400 de
2036 2311 2170 2375 iure
2204 2310 2551 2374 faciendum
2590 2313 2743 2374 erat.
2779 2309 2941 2373 Nam
2982 2312 3047 2373 1⁰
3072 2330 3190 2375 non
3278 2327 3290 2340 ·

732 2416 979 2478 constat
1001 2416 1203 2497 reipsa
1228 2415 1300 2480 de
1338 2416 1532 2488 factm
1564 2416 1631 2477 20
1662 2415 1919 2484 factum,
1954 2414 2099 2477 licet
2136 2415 2589 2496 praesumatur,
2631 2412 2879 2476 aliunde
2916 2414 3192 2478 noscitur

733 2517 911 2581 valde
943 2517 1280 2589 incertum;
1323 2519 1546 2601 quippe
1580 2519 1845 2593 constat,
1881 2535 2060 2600 saepe
2093 2516 2477 2599 baptismum
2511 2533 2629 2579 non
2672 2515 2789 2578 rite
2821 2516 3106 2581 conferri.

822 2620 981 2682 Hinc
1019 2621 1227 2702 gravis
1275 2622 1436 2684 inter
1485 2621 1638 2683 alias
1687 2639 1748 2683 se
1797 2620 2078 2701 quaestio
2131 2620 2392 2695 offerret,
2445 2639 2520 2682 an
2570 2618 2775 2682 valida
2815 2618 2943 2683 sint
2980 2621 3193 2684 matri·

731 2722 958 2796 monia,
996 2721 1047 2784 si
1081 2721 1154 2784 de
1192 2720 1450 2785 alterius
1481 2722 1791 2803 baptismo
1825 2720 2170 2793 dubitatur,
2208 2723 2458 2803 propter
2496 2720 2930 2804 disparitatem
2962 2722 3187 2786 cultus.

731 2825 867 2901 Qua
893 2826 1100 2886 tamen
1132 2824 1194 2886 in
1233 2844 1296 2886 re
1330 2823 1601 2886 Ecclesia
1626 2826 1756 2887 stat
1789 2841 1897 2905 pro
1933 2822 2291 2886 validitate:
2328 2841 2589 2903 cumque
2613 2822 2819 2886 cultus
2858 2822 3190 2907 disparitas

730 2931 814 2993 sit
845 2930 1354 3011 impedimentum
1379 2930 1532 2993 iuris
1559 2929 1975 3005 ecclesiastici,
2018 2929 2165 2992 dum
2204 2929 2476 2993 Ecclesia
2515 2929 2726 3013 exigit,
2760 2948 2835 2993 ne
2860 2947 3188 2995 conversus

729 3036 971 3115 separet
1010 3052 1072 3097 se
1121 3054 1156 3097 a
1195 3032 1474 3116 coniuge,
1516 3052 1585 3096 eo
1633 3033 1768 3115 ipso
1817 3052 1929 3096 sua
1979 3032 2353 3096 auctoritate
2393 3032 2639 3114 supplet
2677 3030 3005 3096 defectum.
3056 3033 3187 3097 Imo

729 3136 978 3217 propter
1009 3136 1381 3220 gravissima
1413 3134 1822 3212 incommoda,
1860 3154 2017 3216 quae
2051 3135 2206 3198 alias
2240 3136 2657 3215 sequerentur,
2686 3134 3057 3218 principium
3091 3157 3189 3222 ge-

729 3241 932 3304 nerale
981 3242 1312 3305 tenendum
1352 3243 1463 3316 est,
1515 3242 1695 3305 hosce
1743 3240 1804 3304 in
1857 3241 2139 3304 omnibus
2179 3239 2649 3304 considerandos
2689 3259 2818 3304 esse
2857 3242 2955 3305 uti
2991 3241 3189 3323 bapti·

729 3346 920 3407 zatos.
957 3341 1141 3407 Secus
1175 3364 1295 3409 non
1330 3344 1534 3408 solum
1581 3344 1824 3428 seiungi
1856 3344 2146 3427 coniuges
2180 3345 2448 3426 possent,
2491 3343 2594 3407 sed
2632 3343 2883 3426 insuper
2913 3344 2967 3407 si
3000 3363 3057 3407 v.
3094 3365 3184 3429 gr.

726 3444 1119 3508 dubitaretur
1166 3445 1238 3509 de
1277 3446 1585 3527 baptismo
1633 3445 1824 3519 illius,
1876 3446 1982 3527 qui
2021 3448 2114 3509 est
2160 3445 2479 3529 presbyter
2525 3445 2623 3509 vel
2669 3446 3011 3528 episcopus,
3062 3446 3186 3509 iarn

724 3545 823 3608 hic
856 3563 918 3608 se
951 3548 1157 3627 posset
1189 3547 1423 3628 nuptiis
1470 3547 1686 3629 ligare.
1721 3548 1929 3611 Aliam
1967 3548 2316 3631 graviorem
2351 3549 2775 3629 quaestionem
2816 3548 2952 3613 vide
2990 3549 3054 3613 in
3107 3553 3182 3612 tr.

728 3646 802 3707 dc
833 3645 996 3711 Fide
1026 3648 1141 3712 sub
1182 3649 1239 3731 ἓ.
1282 3648 1513 3713 XLIII.

800 3792 986 3844 XXVI.
1013 3793 1059 3843 3.
1087 3790 1191 3844 Etsi
1217 3791 1356 3857 pueri
1378 3791 1565 3844 ratione
1589 3798 1781 3845 utentes
1810 3792 1998 3857 legibus
2024 3792 2086 3845 iis
2108 3792 2372 3859 Ecclesiae,
2398 3808 2603 3860 quarum
2623 3794 2825 3848 materia
2846 3809 3016 3848 eorum
3038 3794 3186 3848 aelati

725 3884 801 3929 est
825 3876 1137 3939 convenienS,
1169 3892 1213 3931 V.
1241 3892 1314 3941 gr.
1335 3877 1656 3930 confessionis
1682 3891 1888 3941 annuae,
1913 3880 2181 3931 secundum
2224 3879 2401 3930 Navar.
2432 3877 2630 3944 Henriq.
2657 3884 2705 3931 et
2731 3883 2859 3932 Azor
2888 3878 3005 3932 item
3038 3880 3182 3933 absti-

728 3962 916 4015 nentiae
945 3977 969 4014 a
996 3960 1242 4026 carnibus»,
1274 3961 1536 4015 auditionis
1562 3962 1715 4015 sacris
1740 3962 2007 4015 secundum
2034 3964 2211 4015 Sanch.
2240 3970 2331 4015 etc.
2360 3963 2637 4028 obligentur
2656 3965 2815 4029 quoad
2837 3968 3028 4031 culpam
3044 3978 3057 4030 ;
3083 3979 3178 4017 non

725 4053 885 4100 tamen
899 4048 1060 4111 quoad
1080 4060 1261 4113 poenas
1286 4046 1576 4113 ordinariaS,
1600 4046 1690 4100 nisi
1713 4052 1825 4100 sunt
1852 4050 2077 4114 pubereS,
2093 4050 2260 4113 quales
2287 4055 2397 4101 511111
2418 4046 2755 4101 masculianno
2781 4049 2862 4101 14.
2884 4051 3077 4115 puellae
3104 4051 3180 4101 12.

724 4134 968 4184 absoluto,
998 4134 1064 4184 lta
1092 4134 1257 4193 501115,
1291 4133 1440 4196 Vasq.
1468 4130 1532 4185 de
1559 4132 1766 4186 Poenit.
1795 4148 1841 4197 q.
1872 4134 1954 4184 90.
1978 4147 2022 4184 a.
2058 4136 2105 4184 2.
2135 4132 2195 4184 Sa
2220 4146 2269 4184 v.
2306 4131 2573 4187 Censura.

814 4252 990 4325 336.
1013 4256 1308 4320 Doctrina
1334 4258 1407 4319 A.
1424 4260 1514 4320 est
1529 4258 1850 4342 perspicua
1870 4278 1976 4323 nec
1999 4279 2133 4322 eam
2152 4259 2290 4340 quis
2323 4260 2559 4341 respuit
2576 4260 2637 4323 et
2663 4277 2709 4322 s.
2738 4258 2920 4341 Alph.
2948 4280 3006 4323 u.
3035 4262 3181 4324 155.

724 4358 872 4420 dum
906 4377 1042 4420 eam
1093 4358 1332 4439 probat,
1384 4358 1575 4435 addit,
1625 4379 1873 4442 peccare
1920 4361 2118 4445 igitur
2166 4364 2467 4442 parenteS,
2508 4379 2772 4442 quorum
2802 4361 3183 4445 negligentia

723 4462 856 4535 fiat,
892 4463 962 4523 ut
997 4461 1167 4542 pueri
1201 4462 1558 4545 praeceptis,
1595 4482 1861 4543 quorum
1894 4464 2154 4527 materia
2200 4466 2293 4525 est
2325 4464 2687 4526 conveniens
2720 4463 2913 4527 aetati
2946 4484 3182 4539 eorum,

723 4583 843 4628 uon
884 4562 1290 4627 satisfaciant.
