3529 5158
334 370 440 446 187]
891 389 1205 432 ancn‘lA
1243 387 1672 430 monAmTA'rrs.
1712 386 2246 429 emorraeum-ran
2730 373 2802 427 85
2819 368 2826 379 ’

336 482 745 559 advertentia‚
775 504 852 548 an
892 504 964 550 ex
989 485 1362 551 conscientia
1388 487 1553 549 recta
1580 484 1677 548 vel
1715 502 1968 548 erronea
1997 484 2233 548 factum
2257 482 2573 566 quidpiam
2595 482 2802 548 fuerit.

332 584 491 649 Item
523 585 807 651 remissio
840 588 940 652 vel
978 588 1250 653 intensio
1286 589 1481 664 actuS,
1509 604 1668 667 quae
1700 587 1881 669 plane
1913 585 1990 649 ad
2023 586 2324 650 maiorem
2355 587 2467 649 aut
2503 586 2803 650 minorem

330 687 536 750 meriti
586 687 686 752 vel
734 689 1024 754 demeriti
1067 708 1421 754 mensuram
1466 688 1807 752 conferunt.
1847 687 1988 751 Huc
2033 707 2277 770 quoque
2314 689 2554 770 spectat
2597 691 2800 752 certus

331 787 551 852 modus
601 788 666 852 in
720 790 962 855 actione
1008 811 1065 855 v.
1116 812 1208 875 gr.
1259 791 1313 855 si
1358 809 1540 872 quem
1586 790 2005 854 crudelissime
2052 790 2360 866 occideris,
2410 790 2800 873 discerpendo

332 890 630 968 membra,
673 892 1047 957 extrahendo
1077 893 1263 957 iecur.
1305 893 1465 957 Item
1510 892 1565 956 si
1603 910 1709 974 per
1739 892 1868 955 vim
1898 891 2215 974 quidpiam
2249 892 2529 956 ablatum
2561 894 2658 957 est
2702 893 2799 957 vel

330 994 621 1074 stuprum
658 993 929 1058 illatum.

427 1093 695 1173 Qua-ndo
742 1096 1274 1161 circumstantiam
1321 1096 1552 1160 indicat
1584 1096 1879 1179 temporis
1917 1097 1980 1159 et
2017 1095 2277 1160 refertur
2306 1099 2444 1160 tum
2491 1095 2568 1160 ad
2614 1096 2794 1161 dura-

328 1196 565 1259 tionem
605 1196 868 1261 actionis
894 1217 951 1260 v.
978 1219 1070 1283 gr.
1098 1199 1151 1262 si
1178 1198 1375 1262 obiter
1400 1199 1495 1262 vel
1520 1198 1750 1263 defixus
1790 1198 1898 1261 diu
1930 1198 2234 1280 aspexeris
2263 1215 2386 1262 non
2418 1199 2785 1280 aspicienda,

326 1296 376 1359 si
413 1296 524 1360 diu
570 1297 916 1363 inhonestis
963 1300 1447 1384 cogitationibus
1482 1300 1838 1377 inhaeseriS,
1873 1300 1925 1363 si
1957 1299 2064 1363 diu
2102 1299 2312 1363 odium
2350 1298 2607 1363 foveris:
2649 1302 2787 1364 tum

326 1398 401 1461 ad
438 1399 974 1464 circumstantiam
1020 1402 1424 1466 extrinsecam
1471 1402 1702 1467 actioni
1732 1421 1790 1465 v.
1825 1422 1917 1486 gr.
1952 1402 2005 1466 si
2035 1402 2098 1465 in
2145 1401 2400 1466 ecclesia
2436 1401 2788 1467 confabula-

324 1499 601 1564 tionibus
632 1500 979 1579 indulseris‚
1006 1502 1155 1567 dum
1187 1522 1266 1568 ss
1300 1503 1601 1588 Mysteria
1637 1504 2108 1586 peragebantur,
2137 1503 2190 1565 si
2219 1503 2406 1584 paulo
2444 1506 2585 1585 post
2616 1522 2786 1567 sum-

323 1605 495 1684 ptam
534 1602 993 1669 Eucharistiam
1024 1605 1124 1669 vel
1154 1607 1534 1690 cogitatione
1571 1606 1671 1670 vel
1700 1605 1903 1669 verbis
1941 1606 2052 1668 aut
2089 1623 2268 1686 opere
2304 1605 2590 1686 peccasti.

409 1705 500 1768 De
549 1705 647 1768 his
697 1706 982 1771 omnibus
1015 1726 1065 1771 s.
1105 1708 1376 1772 Thomas
1419 1708 1475 1770 1.
1518 1709 1578 1770 2.
1616 1727 1679 1789 q.
1718 1708 1775 1770 7.
1812 1726 1867 1770 a.
1909 1707 1970 1770 3.
2011 1732 2045 1763 «
2077 1705 2266 1770 Ratio
2304 1706 2490 1770 huius
2537 1724 2787 1771 enume-

320 1805 581 1870 rationis
620 1806 708 1870 sic
742 1807 934 1890 accipi
973 1812 1198 1891 potest.
1232 1809 1397 1873 Nam
1442 1808 1910 1873 circumstantia
1942 1807 2169 1871 dicitur
2205 1808 2386 1889 quasi
2430 1809 2602 1872 extra
2646 1809 2785 1874 sub-

318 1909 624 1972 stantiam
661 1912 840 1974 actus
879 1912 1194 1989 exsistenS,
1229 1912 1320 1976 ita
1352 1915 1561 1976 tamen
1607 1910 1775 1993 quod
1807 1911 2016 1993 aliquo
2047 1909 2231 1975 modo
2263 1911 2526 1994 attingit
2553 1911 2778 1993 ipsum.

318 2010 648 2097 Contingit
684 2017 896 2078 autem
942 2014 1057 2078 hoe
1103 2013 1234 2078 fieri
1271 2014 1629 2096 tripliciter:
1662 2031 1788 2077 uno
1834 2012 2018 2076 modo
2054 2011 2120 2074 in
2166 2014 2473 2092 quantum
2519 2011 2781 2095 attingit

316 2114 524 2199 ipsum
573 2119 803 2193 actum,
854 2117 976 2181 alio
1031 2116 1215 2182 modo
1260 2117 1325 2180 in
1381 2118 1686 2199 quantum
1741 2115 2004 2199 attingit
2047 2132 2299 2178 causam
2346 2116 2541 2191 actus,
2589 2114 2777 2179 tertio

317 2218 501 2282 modo
538 2219 605 2282 in
642 2222 948 2301 quantum
994 2218 1254 2304 attingit
1284 2220 1586 2283 effectum.
1620 2220 1836 2301 Ipsum
1869 2219 2077 2281 autem
2118 2219 2328 2281 actum
2374 2216 2636 2300 attingit
2677 2216 2775 2280 vel

314 2339 420 2401 per
443 2320 705 2385 modum
735 2339 1076 2398 mensurae,
1118 2322 1278 2386 sicut
1319 2325 1553 2400 temlms
1583 2322 1647 2384 et
1678 2320 1867 2393 locu-9,
1900 2319 1998 2383 vel
2029 2337 2137 2401 per
2164 2319 2421 2382 modum
2450 2318 2775 2399 qualitatis

314 2425 512 2499 actus,
548 2424 711 2487 sicut
758 2424 974 2488 modus
1008 2424 1256 2506 ayemli.
1291 2424 1381 2487 Ex
1424 2426 1601 2506 parte
1649 2425 1861 2487 autem
1907 2421 2176 2497 effectuS,
2210 2423 2284 2484 ut
2329 2439 2471 2483 cum
2501 2419 2775 2484 conside·

313 2527 491 2590 ratur
538 2525 687 2608 quid
721 2527 945 2609 aliquis
982 2526 1212 2592 fecerit.
1247 2527 1337 2591 Ex
1368 2528 1543 2610 parte
1573 2544 1717 2591 vero
1756 2542 1979 2589 causae
2014 2527 2208 2599 actuS,
2247 2523 2312 2586 in
2343 2523 2647 2604 quantum
2695 2522 2773 2587 ad

311 2644 566 2691 causam
598 2628 849 2692 finalem
881 2630 1179 2712 accipitur
1195 2633 1459 2708 propter
1493 2628 1665 2709 quid,
1706 2648 1778 2693 ex
1809 2631 1983 2711 parte
2018 2644 2241 2692 causae
2271 2625 2612 2689 materialis
2643 2626 2771 2690 sive

312 2727 539 2792 obiecti
587 2730 887 2812 accipitur
923 2730 1090 2794 circa
1135 2731 1306 2812 quid,
1342 2750 1412 2795 ex
1460 2734 1634 2814 parte
1680 2749 1824 2795 vero
1871 2748 2093 2794 causae
2140 2729 2381 2813 agentis
2417 2728 2771 2811 principalis

309 2829 617 2912 accipitur
646 2832 790 2912 quis
825 2833 1039 2916 egerit,
1079 2852 1151 2897 ex
1195 2838 1370 2916 parte
1415 2852 1559 2898 vero
1597 2851 1819 2898 causae
1858 2834 2099 2918 agentis
2143 2831 2636 2896 instrumentalis
2667 2850 2768 2896 ac-

303 2931 538 3014 cipitur
567 2933 795 3012 quibus
822 2933 1088 2998 aemilii&
1120 2960 1180 2998 ».

411 3102 544 3153 LVl.
570 3100 846 3155 Bonitatcm
884 3116 972 3156 seu
1012 3101 1243 3156 iilalitiam
1281 3102 1574 3175 primariam,
1599 3117 1722 3168 quae
1749 3102 1940 3157 actibus
1962 3103 2091 3156 inest
2120 3117 2180 3155 ex
2208 3102 2402 3156 obiecto
2437 3103 2510 3168 (l.
2533 3105 2580 3153 2.
2601 3117 2650 3166 q.
2677 3104 2759 3154 l8.

303 3191 395 3237 art.
420 3184 512 3251 2.),
541 3183 950 3249 circumstantiae,
981 3185 1108 3238 inter
1133 3200 1254 3252 quas
1282 3186 1550 3253 principem
1589 3189 1750 3240 locum
1779 3186 1966 3238 obtinet
2003 3185 2103 3250 illa,
2129 3200 2251 3248 quae
2284 3191 2440 3236 actum
2472 3184 2664 3246 attingit
2700 3199 2760 3235 ex

300 3276 445 3334 parte
471 3267 584 3321 fluis
611 3270 682 3334 (A.
706 3273 754 3323 2.
775 3284 822 3335 q.
841 3270 892 3322 7.
911 3277 1004 3323 art.
1028 3270 1114 3334 4.),
1139 3273 1284 3324 modo
1305 3270 1431 3324 intra
1460 3272 1662 3324 eandem
1689 3268 1902 3336 speciem
1931 3270 2009 3323 vel
2037 3273 2213 3331 augent
2241 3269 2320 3320 vel
2346 3265 2583 3328 minuunt,
2612 3268 2757 3318 modo

296 3352 343 3405 in
370 3352 525 3406 aliam
564 3351 777 3419 speciem
807 3352 1150 3420 (theologicam
1174 3354 1409 3422 intellige)
1433 3358 1749 3420 transierunt,
1778 3356 1923 3406 modo
1963 3366 2091 3406 nova
2127 3351 2353 3418 quapiam
2380 3349 2556 3404 morali
2591 3350 2756 3418 specie

296 3439 571 3492 cumulant.

362 3525 563 3577 Novam
581 3524 767 3578 addunt
789 3525 1023 3579 moralem
1045 3524 1274 3592 speciem,
1294 3527 1713 3592 quandocumque,
1736 3529 1790 3578 ut
1804 3523 1963 3589 inquit
1982 3538 2021 3575 S.
2043 3525 2218 3577 Thom.
2239 3525 2286 3575 l.
2310 3525 2359 3576 2.
2379 3537 2426 3588 q.
2445 3525 2462 3574 l
2478 3525 2525 3575 8.
2547 3527 2637 3576 art.
2656 3524 2674 3574 l
2692 3523 2757 3585 0.,

290 3608 565 3676 respiciunt
603 3610 862 3675 specialem
889 3607 1108 3663 ordinem
1134 3608 1339 3662 rationis
1365 3611 1445 3663 vel
1472 3624 1556 3676 pro
1584 3612 1664 3664 vel
1702 3616 1887 3663 contra.
1913 3610 2232 3662 Transierunt
2276 3606 2324 3660 in
2361 3606 2503 3661 aliam
2543 3607 2754 3673 speciem

293 3693 650 3758 theologicam,
685 3708 795 3747 cum
833 3693 1073 3748 eiusmodi
1113 3700 1422 3759 augmentum
1461 3701 1544 3748 aut
1585 3693 1968 3748 imminutionem
2008 3691 2220 3746 malitiae
2257 3692 2532 3760 important,
2570 3699 2624 3746 ut
2654 3707 2762 3759 pec·

296 3786 458 3832 catum
501 3793 564 3831 ex
608 3777 789 3832 veniali
827 3782 909 3832 ssat
949 3782 1170 3842 mortale,
1198 3785 1282 3833 aut
1310 3779 1584 3843 viceversa3
1622 3779 1735 3833 licet
1771 3793 2014 3845 nunquam
2055 3778 2315 3841 contingat,
2343 3785 2394 3831 ut
2420 3786 2668 3844 peccatum
2700 3791 2760 3829 ex

290 3876 470 3926 genere
499 3877 596 3915 suo
622 3861 832 3926 veniale,
861 3877 922 3917 ex
949 3862 1310 3917 circumstantia
1335 3867 1418 3917 liat
1444 3865 1665 3925 mortale,
1685 3862 1780 3916 nisi
1805 3867 1925 3916 haec
1953 3864 2097 3916 addat
2121 3861 2324 3915 alterius
2350 3861 2532 3927 speciei
2557 3862 2760 3913 moralis

290 3947 659 4002 deformitatem
688 3947 734 4012 (t
749 3988 763 4001 .
784 3950 832 4000 2.
853 3963 899 4013 q.
923 3950 1009 4002 88.
1032 3956 1120 4002 art.
1141 3950 1231 4016 5.).
1260 3950 1390 4002 lutra
1415 3950 1620 4002 eandem
1645 3949 1856 4015 denique
1894 3947 2105 4014 speciem
2146 3946 2437 4000 imminuunt
2465 3947 2545 3999 vel
2568 3952 2764 4008 augent,

288 4045 395 4085 cum
434 4032 645 4086 inducta
682 4030 972 4096 immutatio,
1001 4032 1107 4086 sive
1145 4032 1270 4086 levis
1308 4046 1366 4085 ea
1405 4032 1468 4086 sit
1506 4031 1627 4094 sive,
1666 4039 1721 4088 ut
1758 4032 1911 4096 aiunt,
1951 4030 2231 4086 notabiliter
2271 4043 2555 4095 aggravans
2581 4029 2762 4081 nullam

291 4117 545 4172 diversam
585 4114 805 4184 speciem
844 4131 932 4170 nec
972 4119 1202 4171 moralem
1241 4116 1428 4171 scilicet
1462 4133 1550 4172 nec
1591 4117 1914 4182 theologicam
1951 4116 2111 4171 inlert.

373 4258 501 4331 87.
538 4261 647 4325 Ita
682 4278 733 4322 s.
775 4258 1045 4323 Thomas
1076 4259 1150 4324 de
1180 4261 1462 4325 bonitate
1494 4262 1788 4343 primaria
1819 4262 1918 4326 vel
1949 4262 2193 4326 malitia
2224 4261 2266 4325 1.
2301 4280 2382 4324 c.:
2416 4284 2451 4318 «
2483 4259 2761 4323 Primum

283 4363 450 4444 quod
485 4362 568 4427 ad
618 4359 1070 4444 plenitudinem
1117 4362 1355 4426 essendi
1399 4364 1702 4445 pertinere
1748 4363 2013 4440 videtur,
2048 4366 2143 4428 est
2186 4364 2270 4440 id,
2310 4362 2475 4444 quod
2520 4361 2628 4426 dat
2675 4361 2762 4425 rei

282 4467 573 4548 speciem.
610 4463 797 4528 Sicut
844 4465 1050 4527 autem
1095 4484 1191 4528 res
1238 4466 1542 4529 naturalis
1588 4467 1778 4530 habet
1824 4466 2086 4548 speciem
2133 4486 2202 4530 ex
2251 4484 2364 4528 sua
2409 4464 2626 4537 forma,
2667 4463 2757 4526 ita

277 4569 442 4634 actio
482 4568 687 4631 habet
720 4564 984 4646 speciem
1021 4585 1091 4630 ex
1124 4567 1383 4644 obiect0‚
1421 4567 1584 4631 sicut
1614 4570 1677 4632 et
1705 4570 1916 4632 motus
1947 4586 2018 4631 ex
2049 4568 2330 4632 termino.
