3529 5158
736 357 844 410 290
1273 365 1484 407 rssAcT.
1525 364 1615 406 111.
1652 364 1738 406 nn
1776 364 2294 408 1111013113.οΑοπ
2330 366 2369 405 1.
2409 365 2553 407 mm.
2592 368 2657 406 11.
3060 349 3206 426 [259]

737 487 851 531 1133
876 467 1125 533 fuisset:
1163 465 1401 549 optima
1433 464 1598 530 enim
1623 467 1718 528 est
1739 465 1955 548 legum
1991 463 2293 546 interpres
2325 465 2706 529 consuetudo
2740 490 2800 529 ».
2836 464 2936 528 Ita
2968 484 3041 529 ex
3071 465 3201 529 sola

735 568 1180 633 consuetudine
1228 569 1291 632 et
1336 568 1525 632 huius
1571 566 2084 650 interpretatione
2122 567 2407 641 habetur
2458 566 2623 647 quod
2667 568 2765 631 lex
2812 566 3204 652 quadragesi-

739 672 922 735 malis
970 671 1185 738 ieiunii
1223 691 1345 737 non
1393 671 1664 735 violetur
1696 672 1853 753 potu
1876 672 1987 734 aut
2027 669 2443 735 modicissima
2479 671 2832 754 sumptione
2880 671 2999 734 cibi
3026 692 3082 736 v.
3109 692 3199 756 gr.

737 757 1237 853 electuariorum‚
1275 774 1543 839 violetur
1591 791 1733 837 vero
1783 773 2103 849 ieiunium,
2138 772 2303 853 quod
2349 773 2428 836 ad
2459 773 2821 838 sumendam
2855 792 2936 837 ss,
2972 773 3206 838 Eucha-

740 877 988 941 ristiam
1025 878 1384 959 requiritur.
1420 875 1694 940 Praeter
1727 874 1922 957 leyem
1953 878 2066 950 est,
2102 895 2260 957 quae
2284 875 2522 940 inducit
2545 894 2779 941 novum
2808 877 2907 940 ius
2939 879 3002 941 et
3039 895 3207 961 prae-

739 981 894 1062 cipit
927 982 1039 1043 aut
1069 979 1356 1062 prohibet
1388 978 1644 1060 aliquid,
1679 978 1752 1041 de
1777 996 1901 1059 quo
1949 978 2122 1041 nulla
2158 977 2255 1041 lex
2288 979 2432 1041 ante
2455 978 2595 1042 fuit.
2631 976 2723 1042 Of.
2757 997 2890 1042 can.
2936 977 3206 1042 Consue-

744 1081 911 1144 tudo,
940 1081 1101 1145 Dist.
1142 1081 1192 1145 Ι.
1240 1105 1276 1139 «
1308 1078 1706 1145 Consuetudo
1756 1081 1969 1144 autem
2015 1082 2109 1144 est
2154 1079 2253 1142 ius
2285 1078 2596 1161 quoddam
2634 1080 2911 1144 moribus
2960 1081 3207 1145 institu-

744 1185 902 1259 tum,
937 1182 1102 1264 quod
1135 1202 1244 1266 pro
1277 1184 1413 1268 lege
1461 1184 1818 1265 suscipitur,
1853 1202 1995 1245 cum
2033 1181 2239 1245 deficit
2267 1182 2364 1245 lex
2397 1206 2431 1240 »
2471 1185 2534 1245 et
2563 1183 2606 1246 1.
2641 1181 2742 1246 De
2788 1183 3016 1265 quibus
3060 1183 3203 1267 Dig.

743 1286 819 1349 de
852 1286 1166 1367 Leyibus:
1212 1311 1248 1345 ‹<
1285 1288 1377 1351 De
1423 1287 1648 1368 quibus
1695 1286 1898 1351 causis
1945 1285 2191 1366 scriptis
2235 1284 2479 1369 legibus
2525 1304 2647 1349 non
2694 1286 2951 1362 utimur,
3000 1284 3065 1350 id
3109 1304 3210 1349 cu-

741 1387 967 1453 stodiri
992 1391 1258 1471 oportet,
1293 1388 1459 1470 quod
1481 1388 1761 1453 moribus
1785 1390 1847 1453 et
1871 1387 2312 1451 consuetudine
2336 1386 2663 1453 inductum
2694 1390 2787 1451 est
2820 1414 2879 1451 ».
2909 1388 3007 1453 lta
3027 1408 3084 1452 v.
3111 1408 3203 1472 gr.

742 1509 879 1555 mos
927 1491 1276 1555 abstinendi
1323 1511 1359 1554 a
1405 1490 1735 1556 lacticiniis
1783 1491 1848 1553 in
1910 1489 2283 1570 quibusdam
2341 1509 2448 1571 per
2504 1509 2735 1553 annum
2780 1490 3027 1554 ieiuniis
3075 1490 3207 1553 heic

743 1593 999 1657 Romae.
1044 1591 1282 1656 Contra
1313 1592 1506 1674 leyem
1555 1592 1682 1656 sive
1729 1590 1872 1654 huic
1911 1592 2234 1654 contraria
2266 1594 2380 1666 est,
2421 1611 2545 1673 qua
2574 1590 2994 1656 introducitur
3026 1611 3209 1677 oppo-

741 1695 938 1759 situm
990 1695 1149 1780 legis
1203 1695 1333 1759 sive
1378 1695 1533 1759 iuris
1565 1694 1823 1758 humani
1871 1693 2288 1759 antecedentis
2347 1697 2410 1758 et
2461 1694 2619 1779 legis
2666 1695 2851 1759 huius
2899 1714 3009 1760 seu
3053 1696 3206 1760 iuris

741 1797 1066 1880 dispositio
1101 1797 1199 1861 vel
1232 1817 1351 1860 usu
1382 1815 1504 1861 non
1530 1797 1825 1879 recipitur
1850 1797 1947 1860 vel
1971 1799 2215 1879 recepta
2250 1798 2591 1881 abrogatur
2617 1800 2728 1861 aut
2760 1798 2817 1862 01
2847 1797 3204 1883 derogatur.

743 1900 842 1964 Ita
906 1899 1285 1963 consuetudo
1351 1898 1685 1981 accipiendi
1743 1898 2066 1964 candelam
2108 1899 2199 1984 ‘ab
2253 1899 2349 1974 iis,
2399 1899 2508 1980 qui
2552 1917 2760 1964 sacros
2809 1899 3050 1965 ordines
3111 1920 3208 1964 su-

742 2002 1032 2085 scipiunt.

834 2101 1012 2192 259.
1049 2103 1136 2170 Ut
1173 2105 1553 2170 consuetudo
1603 2105 1685 2168 sit
1716 2105 1882 2168 iuris
1912 2108 1976 2169 et
1997 2124 2121 2169 non
2165 2124 2333 2168 mere
2361 2105 2534 2184 facti,
2569 2106 2775 2189 plures
2807 2107 3209 2188 requiruntur

743 2207 1144 2272 conditiones,
1181 2205 1241 2272 S.
1269 2207 1453 2290 Alph.
1482 2207 1523 2270 l.
1551 2226 1600 2271 c.
1642 2228 1700 2272 n.
1733 2207 1880 2271 107.
1907 2206 2077 2283 dicit,
2114 2208 2241 2270 bria
2276 2208 2534 2289 requiri3
2560 2207 2666 2272 sed
2696 2208 2910 2273 deinde
2935 2211 3207 2290 quinque

743 2314 1033 2382 recenset.
1069 2310 1198 2375 Alii
1245 2313 1536 2392 quatuor,
1572 2311 1669 2375 uti
1700 2309 2006 2375 Schmalz.
2034 2311 2076 2373 1.
2110 2330 2161 2374 c.
2196 2332 2255 2374 n.
2293 2313 2375 2384 5.,
2411 2312 2755 2394 postulant.

832 2414 888 2478 A
935 2414 1294 2496 doctoribus
1342 2413 1755 2478 communiter
1803 2413 2141 2494 requiritur
2192 2414 2257 2474 10
2296 2411 2385 2476 Ut
2421 2413 2506 2477 sit
2541 2413 2967 2479 rationabilis:
3018 2416 3089 2478 2⁰
3120 2414 3207 2480 Ut

742 2517 1062 2603 duraverit
1110 2519 1387 2600 tempore
1436 2515 1769 2597 requisito:
1806 2516 1876 2578 3⁰
1913 2515 2003 2581 Ut
2038 2516 2451 2581 intercesserit
2481 2517 2781 2599 requisita
2814 2520 3072 2583 actuum
3094 2517 3208 2583 fre-

751 2620 1006 2701 quentia
1038 2622 1101 2683 et
1133 2619 1356 2682 horum
1388 2618 1598 2682 debita
1629 2618 1940 2699 qualitas:
1975 2619 2045 2681 4⁰
2070 2618 2158 2683 Ut
2204 2618 2369 2683 adsit
2397 2619 2775 2703 legislatoris
2806 2639 3159 2685 consensus,

834 2720 895 2784 S.
928 2721 1113 2803 Alph.
1155 2719 1361 2784 addit:
1418 2723 1492 2784 ut
1529 2719 1962 2785 introducatur
2009 2739 2046 2783 a
2092 2722 2539 2785 communitate
2585 2723 2649 2787 et
2691 2741 2816 2786 non
2863 2741 2899 2787 a
2946 2742 3203 2806 persona

745 2822 1144 2911 particulam
1165 2822 1289 2887 *sed
1326 2822 1444 2886 1100
1490 2824 1767 2888 revocari
1814 2822 1891 2886 ad
1938 2824 2026 2886 3¹¹²
2075 2825 2299 2905 potest.
2349 2824 2509 2888 Item
2557 2827 2630 2889 ut
2677 2824 2840 2889 adsit
2887 2826 3204 2911 obligandi

743 2924 1029 3007 intentio,
1062 2924 1230 3007 quod
1259 2925 1492 3008 pariter
1531 2923 1607 2988 ad
1641 2926 1727 2988 3¹¹¹
1760 2925 2043 2991 refertur.

761 3082 766 3111 3
831 3028 1045 3093 Prima
1065 3026 1338 3093 conditio
1372 3029 1484 3103 est,
1521 3028 1696 3091 utsii
1724 3025 2144 3091 rationabilis.
2170 3029 2261 3093 Ex
2292 3048 2488 3109 quae.
2507 3028 2690 3112 Alph.
2717 3030 2759 3093 1.
2784 3031 2840 3093 1.
2860 3051 2920 3095 11.
2946 3032 3093 3095 107.
3120 3032 3201 3095 ΙΙ.

742 3111 948 3221 infert,
1005 3131 1171 3214 quod
1220 3131 1297 3196 ob
1335 3131 1522 3196 huius
1579 3130 1949 3197 conditionis
1996 3130 2303 3195 defectum
2349 3132 2521 3196 nulla
2570 3133 2777 3196 valeat
2823 3133 3202 3198 consuetudo

743 3238 961 3305 contra
991 3234 1192 3318 legem
1224 3233 1578 3297 naturalem
1610 3236 1722 3297 aut
1753 3233 2046 3309 divinam,
2089 3233 2192 3297 sed
2240 3232 2443 3297 solum
2482 3235 2699 3298 contra
2743 3235 2944 3319 legem
2993 3236 3206 3300 huma-

743 3357 908 3401 nam.
943 3337 1000 3399 V
1004 3355 1178 3400 erum
1201 3354 1297 3399 res
1329 3338 1425 3405 est
1456 3336 1706 3401 uberius
1738 3335 2123 3400 declaranda.

831 3439 978 3515 Alii,
1009 3440 1080 3502 ut
1128 3436 1430 3501 Schmalz.
1465 3458 1525 3502 n.
1570 3438 1648 3513 7.,
1699 3440 1994 3503 statuunt
2040 3457 2148 3521 pro
2195 3437 2630 3501 irrationabili
2675 3440 2863 3521 atque
2895 3439 3048 3504 adeo
3096 3458 3202 3523 pro

743 3541 1096 3623 corruptela
1126 3540 1565 3606 decernendam
1596 3542 2103 3607 consuetudinem
2135 3560 2607 3624 quamcumque,
2652 3544 2719 3606 1⁰
2750 3562 2909 3625 quae
2941 3544 3025 3609 sit
3071 3563 3205 3608 con-

741 3644 939 3723 traria
984 3642 1108 3713 iuri
1152 3641 1361 3707 divino
1413 3646 1526 3708 aut
1572 3644 1866 3709 naturali.
1914 3643 2078 3708 Nam
2124 3644 2503 3709 consuetudo
2536 3646 2871 3710 constituit·
2903 3646 3004 3710 ius
3042 3664 3203 3711 mere

744 3747 1115 3824 humanum;
1166 3749 1353 3829 atque
1399 3747 1496 3811 ius
1543 3746 1889 3831 humanum
1935 3746 2209 3812 naturali
2270 3749 2383 3810 aut
2428 3745 2638 3812 divino
2685 3748 3039 3830 praevalere
3085 3766 3201 3812 non

745 3851 969 3932 potest.

924 3953 992 4015 20
1026 3950 1196 4031 Quae
1228 3954 1532 4037 repugnet
1579 3952 1804 4035 pietati
1848 3952 1912 4016 in
1958 3954 2244 4035 parentes
2292 3955 2404 4015 aut
2450 3952 2762 4037 Religioni
2809 3972 2956 4038 erga
3005 3954 3203 4018 Deum

744 4058 861 4123 aut
900 4056 965 4120 in
1013 4055 1208 4121 divini
1253 4056 1461 4123 cultus
1493 4055 1967 4123 diminutionem
1998 4053 2193 4129 cedat,
2235 4074 2293 4117 v.
2326 4074 2418 4139 gr.
2455 4054 2510 4118 si
2552 4058 2669 4117 aut
2696 4053 3079 4134 parentibus
3108 4074 3207 4117 ne-

742 4159 1018 4233 cessaria
1062 4162 1445 4238 owyarentar
1479 4156 1802 4230 alimenta,
1835 4159 1948 4221 aut
1980 4157 2297 4220 canonicis
2341 4158 2476 4221 sine
2507 4158 2679 4221 iusta
2713 4176 2904 4221 causa
2933 4157 3206 4222 absenti-

745 4261 859 4323 bus
905 4259 1211 4325 darentur
1257 4259 1731 4325 distributiones
1761 4258 2164 4340 quotidianae
2197 4261 2312 4323 etc.

925 4363 994 4426 3⁰
1026 4381 1186 4443 quae
1215 4362 1576 4445 disciplinae
1623 4363 2071 4428 ecclesiasticae
2118 4381 2377 4427 nervum
2414 4363 2780 4445 disrumpat,
2822 4383 2879 4426 v,
2915 4383 3010 4447 gr.
3051 4380 3206 4445 quae

733 4464 1127 4547 per-mitteret
1159 4462 1562 4528 interdictum
1596 4463 1834 4547 aliasve
1882 4484 2180 4529 censuras
2216 4467 2463 4545 impune
2500 4464 2761 4529 violari:
2793 4466 2916 4531 vid.
2950 4485 3002 4530 c.
3052 4465 3204 4530 Cum

750 4568 915 4641 iuter
939 4570 998 4631 5.
1034 4565 1107 4635 de
1148 4566 1544 4640 Consuetud„
1585 4571 1697 4633 aut
1741 4567 1802 4635 si
1850 4568 2275 4647 impunitatem
2302 4573 2553 4648 peccato
2584 4568 2974 4634 concedeoet:
3006 4569 3129 4633 vid.
3152 4586 3205 4631 c.

747 4669 857 4733 Ea:
877 4672 1063 4749 parte
1094 4671 1195 4734 10.
1222 4669 1323 4733 tit.
1353 4669 1484 4734 eod.
