3529 5158
1179 345 1264 385 mr
1299 345 1511 386 unm-m
1546 344 1593 387 s.
1632 346 1935 389 ALPnousx
1973 348 2102 390 mc.
2771 336 2878 392 669

414 443 874 526 probabilitatis
920 443 1151 528 gradus
1197 432 1261 507 et
1304 442 1723 519 nihilominuS‚
1774 446 1849 508 ut
1888 445 2044 509 alias
2081 464 2283 529 super.
2323 467 2384 510 n.
2421 448 2526 510 24.
2578 446 2872 525 vidimuS‚

415 564 463 610 3.
498 548 732 611 Doctor
767 564 842 611 ne
885 545 1417 628 probabilissimae
1455 545 1703 628 quidem
1751 547 2024 630 opinioni
2056 548 2186 612 vim
2230 549 2455 613 tribuit
2488 549 2869 626 excludendi,

412 649 745 730 quominus
794 647 1081 733 opposita
1126 648 1324 730 possit
1369 666 1499 712 esse
1545 667 1709 712 vera.
1767 648 2088 729 Quomodo
2133 650 2333 736 igitur
2387 651 2697 717 eiusmodi
2747 651 2873 715 vim

414 751 685 816 tribuere
713 751 959 816 videtur
996 750 1288 834 opinioni,
1329 770 1486 833 quae
1517 771 1640 816 uno
1672 752 1923 817 tantum
1955 753 2156 839 gradu
2193 754 2515 838 oppositae
2542 754 2875 838 probabili-

413 855 610 919 tatem
653 848 943 939 superet?

504 957 608 1021 56.
642 956 728 1021 At
758 958 922 1023 enim
968 958 1097 1041 ipse
1143 976 1191 1021 s.
1226 959 1460 1023 Doctor
1489 957 1553 1021 in
1585 978 1648 1023 se
1679 959 1911 1042 recepit
1956 960 2332 1025 solutionem
2362 961 2671 1026 eiusmodi
2719 960 2876 1024 diffi-

412 1062 687 1126 cultatis.
721 1062 840 1126 Illa
872 1063 1053 1137 enim,
1087 1081 1246 1145 quae
1279 1062 1686 1147 allegavimus
1719 1084 1797 1125 ex
1820 1062 2077 1127 Monito
2108 1064 2347 1129 adiecto
2379 1065 2655 1130 Editioni
2680 1065 2874 1129 Theo-

411 1165 616 1249 logiae
631 1165 891 1230 Moralis
911 1184 1048 1230 ann.
1087 1166 1300 1244 1773„
1319 1165 1798 1248 insequentibus
1816 1166 2189 1232 editionibus
2207 1187 2346 1233 ann.
2372 1170 2562 1234 1779.
2582 1170 2647 1233 01
2676 1168 2872 1232 1785.

412 1267 502 1350 (111
527 1268 753 1349 quibus
776 1267 1100 1331 Monitum
1118 1267 1276 1331 illud
1299 1287 1421 1332 non
1447 1268 1531 1341 adj
1548 1268 1731 1331 finem
1748 1269 1906 1333 tomi
1936 1270 2010 1333 Il.
2031 1271 2183 1335 utin
2199 1271 2485 1335 Editione
2502 1289 2644 1337 ann.
2672 1272 2869 1335 1773.

409 1369 514 1435 sed
546 1369 907 1435 adiunctum
938 1369 1265 1454 systemati
1295 1369 1542 1446 Morali,
1576 1369 1844 1453 primam
1890 1371 2075 1436 huius
2107 1374 2349 1455 partem
2380 1374 2742 1457 constituit)
2775 1393 2872 1456 pe-

406 1471 578 1536 nitus
617 1470 872 1536 delenda
918 1491 967 1537 3.
1004 1474 1238 1537 Doctor
1266 1472 1398 1555 ipse
1429 1473 1668 1536 censuit
1700 1491 1772 1536 30
1802 1491 1986 1555 porro
2026 1474 2335 1559 integram
2364 1475 2543 1539 illam
2574 1495 2872 1561 paragra—

406 1574 602 1656 phum
633 1592 705 1637 ex
734 1573 978 1639 Monito
1025 1574 1135 1639 illo
1173 1573 1485 1656 expunxit.
1526 1572 1828 1653 Quocirca
1876 1575 2113 1658 optimo
2161 1594 2307 1640 sane
2344 1577 2603 1641 consilio
2637 1576 2710 1640 de
2756 1577 2874 1642 1130

409 1674 715 1739 sententia
742 1693 776 1738 a
803 1693 849 1739 s.
886 1676 1154 1740 Doctore
1177 1675 1542 1758 temperata,
1569 1676 1695 1739 imo
1728 1678 2035 1760 expuncta
2057 1677 2400 1741 lectorem
2384 1678 2432 1742 11
2462 1678 2869 1756 monuissent,

411 1777 518 1858 qui
571 1775 852 1859 deinceps
904 1776 1324 1861 supradictam
1377 1796 1425 1840 S.
1477 1777 1767 1841 Doctoris
1814 1777 2143 1860 epistolam
2190 1778 2488 1843 edendam
2550 1784 2870 1857 curarunt,

409 1879 755 1963 exemplum
789 1879 1084 1944 nimirum
1114 1879 1311 1962 ipsius
1348 1897 1396 1943 s.
1432 1880 1721 1943 Doctoris
1758 1881 2085 1958 sectantes,
2126 1880 2235 1963 qui
2266 1881 2319 1945 si
2350 1881 2597 1963 quando
2637 1901 2672 1945 a
2704 1902 2875 1965 prac-

405 1980 643 2046 cedenti
689 1981 900 2064 aliqua
951 1981 1259 2047 sententia
1304 1980 1585 2045 discessit
1633 1982 1745 2045 aut
1776 1981 2239 2066 temperandam
2272 2001 2381 2048 seu
2411 1983 2870 2049 reformandam

406 2082 581 2148 illam
618 2084 1017 2162 existimavit,
1059 2083 1322 2149 sollicite
1367 2083 1628 2148 lectores
1659 2083 1732 2147 (10
1766 2084 2203 2167 qualicumque
2233 2085 2588 2151 mutatione
2618 2105 2869 2152 monere

410 2204 531 2251 non
562 2186 1005 2269 praetermisit.

496 2291 785 2358 Ceterum
832 2293 1178 2359 addendum
1224 2293 1358 2357 11010
1404 2297 1517 2369 est,
1566 2293 1750 2358 istius
1789 2293 2090 2376 epistolae
2119 2295 2495 2378 particulam
2532 2295 2636 2359 vix
2668 2294 2864 2360 ullam

409 2394 622 2459 afferre
644 2394 1097 2471 difficultatem,
1125 2395 1370 2477 quando
1409 2396 1650 2480 integer
1680 2396 1888 2460 textus
1927 2396 2357 2479 perpendatur.
2391 2396 2627 2480 Utique
2664 2417 2712 2463 s.
2753 2400 2872 2463 Do-

408 2497 544 2561 ctor
571 2497 658 2560 ibi
704 2497 944 2562 scribit:
988 2523 1023 2555 «
1054 2498 1172 2562 Del
1200 2500 1367 2563 resto
1407 2498 1562 2575 dico,
1612 2498 1721 2562 0110
1770 2498 2017 2581 quando
2053 2500 2117 2563 la
2161 2499 2364 2585 rigida
2412 2503 2445 2564 0
2491 2503 2867 2566 certamente

406 2600 819 2683 probabiliore
866 2602 1056 2666 anche
1103 2600 1167 2665 di
1213 2621 1296 2667 un
1344 2602 1557 2687 grado,
1594 2603 1792 2667 allora
1822 2605 1855 2666 0
1893 2603 2084 2666 anche
2113 2603 2561 2668 notabilmente
2593 2604 2700 2687 11111
2733 2623 2868 2688 pro·

406 2701 672 2767 babile...
708 2722 739 2767 e
778 2708 903 2769 cosi
936 2704 1091 2780 dice,
1127 2723 1324 2770 essere
1370 2706 1432 2769 la
1480 2708 1673 2770 stessa
1706 2706 1770 2769 la
1803 2708 2089 2770 sentenza
2118 2705 2229 2790 piu
2261 2706 2601 2790 probabile,
2650 2709 2760 2773 che
2807 2708 2872 2771 la

405 2805 855 2871 notabilmente
901 2808 1008 2889 piu
1054 2808 1368 2889 probabile
1401 2833 1462 2872 ».
1504 2808 1585 2871 Et
1627 2807 1824 2873 infra:
1866 2832 1901 2866 «
1934 2805 2296 2894 Soggiungo
2345 2810 2618 2874 un‘altra
2653 2811 2869 2894 parola

403 2907 563 2971 circa
600 2908 664 2971 la
696 2927 810 2973 sua
841 2908 1083 2974 lettera.
1125 2908 1187 2974 Sl
1222 2910 1486 2995 signore,
1529 2910 1708 2974 basta
1741 2910 1851 2975 che
1881 2910 1945 2974 la
1977 2913 2265 2976 sentenza
2290 2912 2382 2975 sia
2413 2912 2525 2994 piu
2552 2913 2871 2994 probabile

403 3008 465 3072 di
511 3029 597 3074 un
632 3009 858 3095 grado:
906 3029 1011 3075 ma
1055 3011 1499 3076 intendiamoci
1544 3012 1711 3086 bene,
1763 3014 1985 3094 questo
2031 3013 2225 3097 grado
2271 3013 2352 3076 ha
2392 3013 2470 3075 da
2509 3031 2673 3076 esser
2718 3014 2867 3086 tale,

403 3112 514 3175 che
551 3113 638 3175 mi
668 3113 863 3178 faccia
895 3117 1082 3190 certo,
1132 3115 1242 3179 che
1287 3115 1348 3178 la
1396 3117 1683 3178 sentenza
1717 3114 1809 3177 sia
1849 3114 1957 3196 piu
1996 3114 2314 3197 probabile
2348 3133 2379 3178 0
2412 3114 2521 3178 0110
2552 3115 2641 3178 1111
2673 3115 2868 3179 faccia

407 3213 621 3278 vedere
650 3217 1057 3282 moralmente
1104 3235 1140 3281 o
1186 3218 1280 3281 sia
1317 3216 1869 3280 sufficientemente
1915 3216 2314 3300 promulgata
2345 3217 2406 3280 la
2444 3217 2653 3301 legge:
2690 3237 2721 3281 0
2754 3236 2866 3282 0011

403 3317 499 3382 cib
532 3336 651 3382 non
688 3338 764 3383 110
800 3319 1105 3402 parliamo
1137 3319 1243 3403 piu
1283 3317 1345 3381 di
1376 3320 1597 3400 questa
1628 3317 1895 3381 materia
1930 3340 1990 3380 ».

490 3420 613 3485 Res
659 3439 804 3506 ergo
853 3440 925 3485 eo
973 3421 1221 3486 demum
1267 3419 1446 3495 redit,
1482 3418 2102 3502 praeponderantiam
2148 3420 2336 3484 istam
2378 3421 2564 3485 unius
2612 3422 2860 3486 tantum

397 3521 630 3608 gradus
664 3521 766 3607 (di
793 3543 883 3587 zm
912 3521 1111 3605 yrado
1142 3520 1303 3603 solo)
1338 3520 1640 3586 eiusmodi
1673 3537 1805 3585 esse
1846 3520 2081 3598 debere,
2115 3522 2190 3586 ut
2230 3522 2297 3583 1⁰
2335 3521 2541 3605 opinio
2577 3543 2687 3606 pro
2727 3525 2863 3609 lege

398 3624 482 3689 sit
527 3628 688 3688 certe
734 3627 797 3688 et
840 3622 1200 3689 notabiliter
1233 3622 1646 3704 probabilior.
1687 3623 1881 3688 Porro
1929 3625 2217 3700 testante,
2259 3626 2332 3690 ut
2371 3624 2639 3690 vidimus
2688 3647 2860 3710 supr.

401 3747 460 3791 n.
500 3729 601 3791 14.
636 3727 994 3792 doctissimo
1034 3727 1103 3791 P.
1138 3727 1467 3812 Haringer‚
1518 3726 1724 3810 opinio
1774 3729 1936 3791 certe
1984 3729 2047 3791 et
2093 3727 2455 3792 notabiliter
2485 3728 2868 3810 probabilior

402 3850 475 3895 ex
518 3833 723 3895 mente
772 3849 819 3895 3.
860 3828 1164 3912 Α1111101131
1194 3829 1499 3913 potiorem
1531 3828 1797 3913 gradum
1828 3830 1999 3893 tenet
2038 3848 2109 3892 ac
2139 3828 2400 3911 potioris
2431 3828 2717 3911 ponderis
2750 3833 2863 3907 est,

403 3951 592 4015 quam
616 3932 1113 4015 probabilissima
1138 3932 1201 3996 et
1224 3931 1497 4014 proxime
1516 3931 1592 3995 ad
1610 3932 1982 3995 sententiam
2013 3930 2334 3995 moraliter
2349 3931 2583 3994 certam
2609 3932 2864 3997 accedit.

402 4036 473 4098 2⁰
502 4033 780 4118 Oportet,
815 4035 889 4098 ut
917 4033 1041 4097 ista
1087 4053 1211 4097 uno
1260 4033 1459 4118 gradu
1506 4032 1995 4117 praeponderans
2042 4033 2448 4116 probabilitas
2494 4033 2698 4119 legem
2746 4037 2869 4099 suf-

398 4136 676 4201 ficienter
720 4136 1075 4221 promulget
1121 4137 1185 4200 et
1228 4136 1515 4200 declaret.
1551 4136 1744 4217 Atqui
1794 4154 1864 4199 ex
1911 4135 2192 4200 doctrina
2225 4154 2273 4200 3.
2315 4134 2618 4219 Alphonsi
2650 4139 2727 4200 ut
2770 4139 2867 4202 lex

280 4305 281 4308 ,
399 4239 644 4304 dicatur
690 4238 1064 4304 sufficienter
1109 4239 1528 4323 promulgata,
1563 4256 1806 4303 necesse
1853 4238 1967 4311 est,
2008 4237 2083 4302 ut
2118 4239 2314 4302 cesset
2363 4238 2685 4321 oppositae
2736 4242 2870 4323 opi-

397 4344 601 4408 nionis
649 4343 1087 4427 probabilitas;
1130 4365 1302 4411 secus
1352 4346 1514 4410 enim
1560 4344 1879 4429 probabile
1928 4346 2107 4423 esset,
2155 4344 2358 4431 legem
2406 4364 2528 4409 11011
2577 4347 2867 4412 exsistere

402 4447 591 4528 atque
638 4445 788 4511 adeo
834 4446 933 4511 lex
994 4448 1280 4513 evaderet
1339 4448 1562 4512 dubia:
1612 4447 2019 4533 probabilitas
2083 4449 2292 4513 autem
2358 4447 2679 4532 oppositae
2743 4451 2870 4533 opi-

398 4549 603 4614 nionis
635 4567 757 4613 non
789 4550 1008 4627 cessat,
1042 4550 1162 4614 nisi
1201 4551 1408 4635 opinio
1440 4570 1552 4635 pro
1599 4551 1734 4637 lege
1769 4553 2050 4617 assumat
2080 4571 2394 4617 summum
2429 4552 2614 4617 illum
2650 4553 2867 4636 proba·
