3529 5158
729 353 836 409 576
1104 362 1433 410 macr-xlv.
1475 368 1557 408 nn
1596 366 1906 409 Pacca‘rrs.
1945 366 2144 410 carm·
2181 368 2221 407 1.
2259 365 2403 408 mm.
2441 364 2531 407 111.
2572 365 2709 406 aar.
2749 366 2815 408 11.
3051 351 3200 428 [649]

728 465 964 532 reditus
1013 468 1090 532 ad
1124 465 1389 532 similem
1424 466 1635 530 actum
1673 463 1852 545 quasi
1885 464 2258 528 naturaliter
2293 464 2368 528 fit
2400 463 2530 528 sine
2560 481 2724 528 nova
2754 463 3200 530 deliberatione

730 568 823 650 (et
856 571 948 634 ita
981 568 1205 634 Suarez
1241 568 1523 633 admittit
1569 567 1871 651 principia
1917 566 2096 652 Lugo
2143 565 2425 649 superius
2463 565 2790 650 exposita).
2825 566 3196 651 Exemplum

729 675 826 738 est
860 674 923 737 in
957 692 1048 751 eo,
1083 674 1193 755 qui
1239 693 1345 756 per
1390 673 1608 736 horam
1642 671 1964 753 permanet
2008 670 2072 733 in
2105 668 2513 735 delectatione
2549 687 2799 735 morosa
2836 670 3000 735 circa
3032 671 3195 735 idem

729 775 1057 841 obiectum.
1106 774 1469 857 Numquam
1517 774 1679 837 enim
1724 772 1791 838 id
1837 772 1913 837 fit
1941 772 2032 836 ita
2071 772 2382 849 continue,
2417 773 2566 854 quin
2598 772 2850 837 interim
2887 774 3192 857 cogitatio

729 878 807 943 ad
854 878 976 942 alia
1023 878 1325 960 rapiatur,
1375 876 1522 941 licet
1568 876 1788 940 statim
1836 876 1913 939 ad
1951 875 2206 939 eandem
2238 874 2714 940 delectationem
2744 876 2977 941 redeat.
3013 878 3199 943 Diffi-

727 982 1030 1046 cillimum
1077 999 1224 1065 ergo
1274 980 1436 1044 esset
1483 978 1760 1063 obligare
1807 977 2119 1042 hominem
2169 977 2244 1042 ad
2295 978 2725 1062 explicandum
2769 979 2946 1044 illam
2995 982 3198 1046 varie-

727 1086 923 1151 tatem
980 1086 1043 1148 et
1095 1102 1215 1147 non
1266 1082 1419 1147 satis
1468 1100 1598 1145 esse
1645 1079 1925 1145 confiteri
1971 1082 2177 1145 totum
2225 1080 2381 1145 illud
2428 1081 2751 1165 peccatum
2783 1101 2890 1165 per
2932 1084 3191 1148 modum

725 1188 909 1252 unius
934 1213 995 1250 ».
1045 1186 1127 1250 Et
1173 1186 1294 1250 huc
1339 1183 1538 1249 facere
1586 1183 1833 1247 videtur
1879 1182 2043 1264 quod
2092 1184 2273 1247 notat
2303 1192 2445 1247 cum
2478 1183 2656 1269 Lugo
2695 1184 2760 1249 et
2790 1184 2952 1250 Viva
2998 1188 3194 1251 etiam

725 1310 774 1354 s.
808 1289 1164 1371 Alphonsus
1202 1308 1261 1351 n.
1297 1288 1403 1351 47.
1437 1287 1501 1350 in
1532 1286 1659 1364 fin„
1694 1285 1859 1367 quod
1901 1310 1935 1343 «
1969 1285 2022 1349 si
2053 1285 2259 1368 plures
2283 1286 2641 1352 huiusmodi
2665 1289 2842 1352 actus
2873 1308 2947 1353 ex
2979 1290 3194 1355 eodem

722 1393 962 1475 impetu
978 1391 1507 1473 concupiscentiae
1530 1388 1889 1474 procedunt,
1917 1407 2110 1452 unum
2137 1390 2459 1471 peccatum
2482 1389 2748 1454 mortale
2772 1392 3187 1472 constituunt,

725 1493 842 1557 etsi
875 1493 1125 1576 aliquod
1158 1494 1340 1557 breve
1377 1492 1778 1556 intervallum
1819 1491 1981 1555 inter
2014 1493 2190 1556 actus
2223 1491 2564 1557 intercedat
2595 1517 2656 1556 ».

814 1591 986 1666 649.
1008 1595 1126 1660 Sed
1152 1595 1274 1660 alia
1300 1595 1434 1659 heic
1455 1594 1727 1658 succedit
1758 1594 2062 1676 quaestio,
2098 1614 2342 1678 nempe:
2388 1594 2558 1675 Quae
2580 1598 2644 1659 et
2663 1594 2874 1677 qualis
2900 1600 3194 1678 temporis

721 1698 1030 1763 distantia
1059 1697 1343 1780 sufficiat
1362 1695 1452 1760 ad
1470 1695 1600 1771 hoc,
1626 1700 1699 1759 ut
1714 1695 1940 1777 plures
1968 1700 2167 1771 actus,
2200 1717 2327 1760 non
2357 1696 2774 1773 subordinati,
2799 1718 2921 1764 non
2945 1702 3191 1783 possint

722 1801 919 1867 facere
945 1822 1137 1866 unum
1163 1802 1531 1885 peccatum?
1556 1797 1783 1864 Suarez
1817 1800 1857 1863 l.
1886 1820 1936 1863 c.
1965 1819 2022 1863 n.
2055 1800 2181 1874 13„
2208 1800 2529 1865 moraliter
2559 1801 2767 1865 censet
2795 1802 3189 1887 interrumpi,

730 1931 763 1961 «
796 1906 1042 1987 quando
1074 1904 1336 1969 cessatio
1386 1922 1421 1967 a
1470 1903 1661 1986 priori
1695 1902 1841 1966 actu
1873 1902 2074 1966 multo
2122 1905 2400 1986 tempore
2431 1903 2701 1981 duravit,
2735 1905 2812 1969 ut
2840 1924 2899 1969 v.
2935 1927 3031 1991 gr.
3070 1927 3193 1987 per

721 2007 955 2071 horam.
983 2006 1146 2071 Nam
1176 2007 1324 2070 licet
1345 2005 1618 2070 naturali
1653 2004 1838 2070 modo
1865 2006 1929 2069 et
1961 2006 2192 2088 absque
2224 2006 2477 2089 speciali
2502 2005 2889 2073 advertentia
2916 2010 2982 2073 et
3013 2010 3192 2075 liber·

721 2111 853 2174 tate
892 2109 1319 2193 (interruptio)
1350 2108 1641 2173 inchoata
1673 2109 1881 2185 fuerit,
1925 2110 1997 2173 ut
2027 2127 2136 2191 per
2165 2127 2453 2173 somnum
2486 2111 2548 2174 et
2578 2110 2933 2176 naturalem
2966 2111 3189 2177 distra-

720 2212 1005 2288 ctionem,
1057 2213 1110 2277 si
1157 2213 1367 2276 tamen
1414 2231 1520 2295 per
1563 2211 1819 2295 longam
1867 2229 2107 2275 moram
2140 2211 2392 2276 duravit
2437 2212 2501 2276 et
2544 2213 2762 2296 postea
2809 2213 3014 2291 homo,
3041 2235 3186 2278 cum

716 2314 1060 2396 sufficienti
1088 2313 1534 2379 deliberatione
1559 2314 1636 2377 ad
1668 2312 2063 2398 peccandum,
2100 2313 2366 2378 similem
2401 2315 2610 2379 actum
2634 2315 2906 2393 inchoat,
2945 2334 3180 2380 novum

716 2419 1037 2502 peccatum
1054 2418 1303 2503 physice
1322 2419 1385 2481 et
1401 2416 1722 2481 moraliter
1747 2415 2112 2479 distinctum
2145 2415 2514 2493 committit3
2550 2417 2703 2499 quia
2723 2419 2926 2482 virtus
2938 2418 3186 2498 prioris

714 2518 1184 2585 deliberationis
1222 2517 1444 2583 saltem
1480 2522 1741 2598 propter
1773 2537 2011 2582 moram
2051 2519 2344 2600 temeris
2390 2520 2640 2585 omnino
2686 2524 2967 2588 cessavit.
3014 2523 3185 2610 Ergo

716 2624 1019 2707 posterior
1050 2624 1225 2687 actus
1256 2622 1330 2685 fit
1364 2642 1435 2686 ex
1468 2641 1628 2685 nova
1659 2620 2104 2685 deliberatione
2136 2622 2467 2687 distincta:
2505 2643 2653 2710 ergo
2701 2625 2797 2689 est
2825 2626 3023 2692 etiam
3054 2648 3189 2693 mo-

713 2726 929 2790 raliter
975 2725 1334 2799 distinctus3
1387 2724 1533 2806 quia
1583 2725 1905 2806 peccatum
1951 2745 2072 2789 non
2128 2726 2587 2809 multiplicatur
2632 2728 2752 2792 nisi
2799 2749 2907 2812 per
2950 2751 3184 2797 novum

716 2847 1078 2893 consensum
1113 2826 1359 2890 omnino
1384 2826 1670 2902 liberum,
1697 2826 1984 2891 habitum
2009 2828 2152 2910 post
2182 2830 2571 2894 transactum
2603 2832 2667 2895 et
2697 2829 2949 2897 finitum
2987 2835 3181 2899 alium

717 2932 925 2994 actum
966 2955 1024 2992 ».

802 3034 875 3097 In
913 3034 1137 3117 quibus
1172 3032 1419 3097 adverte
1463 3034 1530 3096 1ο
1576 3033 1741 3115 quod
1775 3033 2002 3117 exigat,
2054 3035 2127 3098 ut
2172 3034 2473 3100 secundus
2522 3038 2698 3101 actus
2730 3039 2876 3120 post
2922 3037 3179 3124 longam

711 3137 1029 3221 physicam
1060 3136 1575 3218 interruptionem
1600 3155 1719 3200 non
1756 3137 2110 3201 resumatur
2136 3137 2196 3201 vi
2220 3138 2443 3220 prioris
2467 3136 2951 3219 deliberationiS‚
2989 3162 3175 3223 quam

711 3241 958 3303 omnino
984 3258 1250 3304 cessasse
1276 3239 1598 3322 supponit:
1637 3239 1706 3302 2⁰
1730 3239 1895 3321 quod
1923 3238 1997 3302 ad
2033 3240 2367 3305 secundum
2402 3243 2612 3305 actum
2634 3242 2918 3326 requirat
2948 3263 3175 3309 novam

707 3341 1210 3406 deliberationem
1243 3341 1654 3405 sufficientem
1675 3340 1750 3405 ad
1777 3343 2172 3425 peccandum.
2200 3343 2393 3408 Porro
2411 3343 2534 3409 duo
2560 3345 2711 3409 haec
2729 3345 2941 3411 locum
2977 3347 3179 3412 adhuc

710 3444 1050 3510 concedunt
1096 3444 1436 3508 sententiae
1483 3444 1681 3529 Lugo,
1732 3465 1889 3527 quae
1939 3447 2113 3509 actus
2162 3446 2351 3510 etiam
2383 3446 2572 3531 longa
2619 3447 2877 3533 physica
2913 3449 3180 3513 interru-

709 3547 918 3629 ptione
964 3546 1273 3610 seiunctos
1324 3547 1623 3622 admittit,
1676 3547 1784 3630 qui
1831 3551 2039 3612 tamen
2088 3548 2557 3631 dependentiam
2589 3550 2863 3615 habeant
2905 3552 3176 3616 causali-

710 3649 863 3714 tatis
895 3649 1056 3712 inter
1087 3668 1169 3712 se.

799 3749 1085 3817 Ceterum
1125 3773 1266 3817 cum
1307 3750 1531 3817 Suarez
1566 3753 1742 3836 ponit
1775 3753 2122 3836 exemplum
2155 3749 2363 3826 horae,
2404 3772 2526 3818 non
2559 3757 2655 3820 est
2686 3756 3061 3822 censendum
3102 3759 3176 3823 ad

709 3856 1219 3939 interruptionem
1245 3857 1476 3938 requiri
1500 3857 1751 3928 horam:
1789 3876 1932 3920 nam
1958 3856 2162 3920 minus
2194 3856 2597 3921 intervallum
2627 3858 2911 3924 sufficere
2944 3863 3170 3943 potest.

798 3954 970 4029 850.
994 3960 1271 4041 Denique
1299 3959 1565 4022 occurrit
1601 3959 1903 4041 quaestio,
1931 3957 2107 4022 cuius
2140 3958 2372 4024 solutio
2408 3977 2618 4024 omnes
2651 3961 2994 4027 sententias
3027 3982 3173 4045 quo·

708 4062 1034 4129 dammodo
1083 4064 1372 4128 conciliat
1405 4061 1607 4143 quoad
1644 4061 1901 4144 praxim,
1936 4061 2081 4125 licet
2129 4062 2432 4126 rationem
2469 4063 2801 4129 solutionis
2835 4064 3018 4130 aliter
3061 4065 3168 4129 alii

705 4168 1077 4251 intelligant,
1119 4185 1336 4248 nempe
1383 4185 1470 4227 em
1502 4164 1785 4247 sufficiat
1824 4162 2016 4243 fateri
2048 4168 2304 4245 tempus,
2338 4186 2457 4247 quo
2489 4164 2658 4229 mala
2707 4165 2994 4232 voluntas
3027 4188 3170 4248 per·

706 4268 1045 4342 duraverit,
1081 4288 1136 4331 v.
1173 4288 1265 4354 gr.
1311 4267 1521 4332 odium
1554 4286 1660 4350 per
1691 4287 1980 4331 mensem.

794 4370 1033 4435 Solutio
1068 4391 1115 4435 s.
1153 4370 1455 4454 Alphonsi
1485 4371 1633 4434 haec
1667 4372 1760 4433 est
1793 4391 1850 4433 n.
1887 4370 2024 4433 37.:
2069 4396 2102 4426 «
2127 4371 2456 4437 Poenitens
2489 4370 2736 4455 quidem
2771 4373 2956 4440 debet
2988 4375 3168 4459 expli-

703 4492 859 4548 care,
911 4473 958 4534 si
1010 4475 1233 4555 potest,
1285 4476 1439 4556 quot
1488 4474 1724 4538 vicibus
1760 4474 2082 4538 voluntate
2131 4475 2475 4550 consensit3
2518 4476 2567 4540 si
2603 4495 2747 4540 vero
2782 4496 2904 4542 non
2941 4480 3160 4561 potest,

702 4576 847 4658 quia
882 4593 1110 4658 pravus
1145 4577 1387 4640 animus
1422 4575 1754 4640 diuturnus
1789 4577 1928 4653 fuit,
1964 4576 2114 4640 tunc
2152 4577 2383 4641 sufficit
2408 4577 2588 4643 fateri
2622 4581 2890 4663 tempus,
2932 4601 3055 4663 quo
3102 4582 3159 4645 in

705 4680 818 4745 tali
858 4697 1047 4762 pravo
1083 4678 1287 4741 animo
1322 4679 1803 4759 perseveraverit
1837 4705 1896 4742 ›.
