3529 5158
347 332 497 407 [407]
1004 328 1155 395 Qun>
1190 347 1395 389 Possrr
1435 349 1597 389 mm
1634 350 1699 391 m
1736 349 1890 391 mnu
1925 349 2143 391 mvmo
2708 336 2816 391 399

437 445 518 509 Et
565 463 713 509 sane
744 444 857 523 illi,
896 446 1003 527 qui
1035 445 1435 523 contendunt,
1469 446 1836 511 Pontificem
1872 466 2050 530 posse
2081 447 2433 530 dispensare
2467 447 2531 511 in
2567 448 2704 532 lege
2729 447 2817 512 di-

345 548 510 625 vina,
546 548 816 612 utuntur
851 547 949 612 bis
990 549 1258 613 maxime
1304 550 1724 633 argumentis:
1779 552 1845 613 1⁰
1877 550 2024 632 quia
2057 550 2373 633 dispensat
2417 550 2482 614 in
2528 550 2815 614 sollemni

345 652 809 736 Religiosorum
832 650 1235 735 professione:
1278 653 1347 715 2ο
1377 652 1526 734 quia
1558 652 1891 735 aliquando
1929 653 2265 736 dispensat,
2306 655 2380 718 ut
2408 654 2692 718 minister
2723 672 2816 717 sa-

346 754 650 819 cramenti
697 752 1186 819 confirmationis
1231 754 1317 818 sit
1361 754 1619 837 simplex
1665 755 1977 820 sacerdos:
2035 757 2105 819 30
2152 757 2299 838 quia
2349 755 2681 838 aliquando
2729 754 2817 819 di-

342 857 662 941 spensavit
707 856 926 940 (prout
954 856 1210 938 quidam
1239 857 1514 935 narrant,
1548 856 1654 921 sed
1685 858 2179 940 probabilissime
2225 858 2438 922 fabula
2475 860 2617 941 est),
2651 858 2814 922 utin

341 958 650 1024 sacrificio
683 959 915 1023 Missae
941 961 1401 1024 consecraretur
1431 978 1555 1024 una
1592 959 1924 1024 dumtaxat
1946 960 2175 1042 species
2206 960 2418 1042 panis:
2447 959 2518 1022 4⁰
2548 960 2697 1040 quia
2728 960 2816 1023 di-

343 1063 601 1145 spensat
630 1061 694 1125 in
726 1061 891 1125 votis
922 1061 1437 1144 iuramentisque:
1481 1065 1551 1126 5ο
1582 1062 1729 1144 quia
1776 1062 2092 1144 dispensat
2120 1063 2184 1127 in
2217 1062 2617 1127 matrimonio
2634 1063 2809 1126 rato:

339 1160 412 1225 6⁰
445 1164 594 1245 quia
626 1162 942 1247 dispensat
965 1163 1028 1227 in
1052 1164 1385 1228 residentia
1415 1163 1863 1247 Episcoporum
1895 1164 2033 1240 etc„
2060 1182 2218 1246 quae
2245 1164 2471 1241 omnia,
2498 1164 2809 1245 inquiunt,

339 1268 495 1330 sunt
517 1266 670 1330 iuris
709 1264 921 1331 divini.

429 1367 554 1448 Qui
585 1386 729 1432 vero
768 1368 1160 1451 dispensandi
1188 1370 1253 1433 in
1284 1369 1420 1454 lege
1450 1369 1660 1434 divina
1689 1368 2056 1435 facultatem
2086 1371 2318 1453 negant
2353 1368 2661 1445 Pontifici,
2687 1387 2811 1434 non

339 1474 718 1554 inficiantur,
754 1476 1129 1541 auctoritate
1153 1476 1425 1541 eiusdem
1448 1476 1768 1541 Pontificis
1796 1476 2229 1551 intercedente,
2263 1476 2577 1559 praedicta
2603 1475 2811 1540 omnia

338 1580 551 1644 locum
581 1578 824 1655 habere,
860 1578 962 1643 sed
995 1581 1247 1663 negant,
1281 1580 1345 1643 in
1381 1579 1480 1643 his
1511 1598 1722 1643 veram
1747 1599 1819 1643 ac
1856 1579 2100 1662 proprie
2131 1579 2364 1643 dictam
2393 1578 2550 1662 legis
2566 1578 2811 1642 divinae

341 1681 869 1764 dispensationem
915 1681 1302 1746 intervenire.
1337 1681 1620 1747 Breviter
1649 1683 1801 1746 haec
1837 1681 2082 1746 iuvabit
2110 1681 2383 1756 innuere,
2426 1680 2572 1762 quia
2619 1680 2811 1744 conti-

335 1785 491 1848 nent
522 1783 833 1848 doctrinas
865 1784 1028 1848 scitu
1051 1784 1290 1868 dignas.

427 1880 613 1957 407.
645 1886 729 1949 Et
758 1886 923 1969 quod
956 1886 1185 1951 attinet
1215 1887 1293 1951 ad
1325 1887 1684 1952 sollemnem
1722 1887 2039 1972 religionis
2086 1885 2547 1969 professionem,
2573 1883 2808 1961 dicunt,

334 2009 406 2055 ex
432 1989 850 2054 communiori
870 1990 1009 2053 DD.
1036 1989 1342 2054 sententia
1366 1989 1517 2073 (vid.
1552 1988 1780 2055 Suarez
1805 1989 1879 2053 de
1910 1988 2096 2054 Statu
2119 1987 2329 2071 Reli-9.
2357 1990 2510 2053 tom.
2529 1988 2590 2051 3.
2617 1987 2724 2051 lib.
2747 1988 2808 2049 6.

331 2111 474 2176 cap.
515 2092 617 2156 16.
654 2113 712 2156 ιι.
750 2092 900 2169 5.-7,
935 2095 999 2157 et
1031 2091 1410 2177 Schmalzgr.
1445 2093 1553 2157 lib.
1589 2094 1650 2156 4.
1685 2093 1788 2158 tit.
1825 2093 1884 2156 6.
1918 2114 1977 2157 ιι.
2005 2092 2278 2175 48.-51.)
2326 2091 2809 2156 sollemnitatem

333 2196 635 2261 votorum
666 2214 790 2260 non
827 2214 958 2260 esse
989 2195 1143 2260 iuris
1174 2195 1386 2271 divini,
1421 2196 1528 2260 sed
1572 2198 1824 2260 tantum
1861 2194 2276 2259 ecclesiastici.
2312 2193 2392 2258 Et
2438 2194 2528 2258 ita
2561 2192 2809 2275 quidem

329 2298 502 2362 clare
541 2298 604 2361 in
636 2316 770 2380 cap.
814 2297 996 2377 Quod
1013 2301 1221 2361 votum
1241 2299 1404 2362 unic.
1431 2297 1505 2362 de
1541 2298 1689 2362 Voto
1720 2298 1785 2362 in
1819 2298 1913 2361 6.:
1956 2322 1990 2355 «
2015 2296 2144 2362 Nos
2166 2297 2366 2381 igitur
2397 2296 2805 2370 attendenteS,

329 2399 503 2483 quod
553 2399 686 2464 voti
734 2399 1121 2464 sollemnitas
1158 2420 1229 2465 ex
1267 2400 1400 2465 sola
1446 2401 1893 2465 constitutione
1929 2400 2236 2464 Ecclesiae
2274 2401 2369 2463 est
2404 2399 2656 2462 inventa
2663 2422 2803 2461 .....

329 2507 517 2589 Quod
572 2506 738 2571 idem
792 2507 1059 2592 legimus
1121 2508 1184 2572 in
1246 2509 1440 2573 const.
1505 2507 1900 2572 Ascendente
1953 2506 2228 2571 Domino
2289 2505 2575 2591 Gregorii
2629 2505 2805 2569 XIII.

330 2613 438 2676 25.
480 2609 634 2674 maii
676 2610 865 2673 1584.
902 2610 1068 2674 hisce
1104 2611 1339 2676 verbis:
1387 2637 1423 2669 «
1453 2610 1584 2676 Nos
1622 2611 2098 2688 considerantes,
2132 2611 2267 2674 voti
2299 2609 2803 2685 sollemnitatem,

328 2715 472 2779 sola
527 2711 839 2777 Ecclesiae
893 2713 1341 2778 constitutione
1386 2713 1704 2778 inventam
1756 2733 1887 2778 esse
1907 2763 1921 2777 .
1945 2762 1996 2777 ..
2055 2739 2117 2776 ».
2170 2712 2342 2778 Unde
2397 2713 2484 2777 sie
2532 2713 2808 2797 arguunt

327 2814 595 2897 (Suarez
643 2815 686 2879 1.
735 2834 786 2879 c.
825 2835 886 2879 n.
944 2815 1062 2899 7.):
1112 2815 1397 2881 Pontifex
1441 2817 1649 2899 potest
1694 2817 2045 2900 dispensare
2097 2817 2162 2880 in
2211 2835 2577 2899 quacunque
2624 2815 2808 2879 eccle-

328 2919 592 2984 siastica
640 2918 1119 2984 constitutione:
1154 2938 1300 3004 ergo
1333 2921 1540 3003 potest
1585 2921 1778 2985 etiam
1822 2920 2175 3002 dispensare
2220 2919 2283 2983 in
2317 2921 2464 2984 voto
2498 2919 2802 2994 sollemni,

330 3041 439 3087 seu
491 3022 559 3085 in
607 3020 1031 3085 sollemnitate
1087 3024 1398 3099 votorum,
1456 3023 1540 3086 Et
1601 3022 1740 3085 aliis
1798 3021 2032 3085 verbis:
2094 3020 2515 3085 insolubilitas
2572 3021 2806 3103 profes-

329 3125 531 3191 sionis
580 3123 908 3208 religiosae
944 3124 1146 3188 oritur
1178 3143 1249 3188 ex
1296 3123 1713 3188 sollemnitate
1744 3123 1974 3204 ipsius:
2026 3121 2204 3202 atqui
2247 3122 2372 3184 ista
2418 3121 2805 3185 sollemnitas

328 3227 671 3292 subiicitur
702 3227 1009 3308 potestati
1040 3226 1363 3290 ecclesiae:
1400 3244 1546 3308 ergo
1595 3225 1657 3288 et
1703 3223 1814 3287 illa
1847 3221 2288 3287 insolubilitas.
2323 3221 2525 3301 Quam
2557 3222 2807 3303 quidem

330 3328 820 3412 prudentissime
877 3329 954 3393 ab
1001 3327 1275 3392 Ecclesia
1306 3326 1669 3391 institutam
1705 3325 1920 3408 paucis
1958 3324 2181 3406 probat
2231 3322 2608 3408 Schmalzgr.
2659 3325 2700 3387 l.
2752 3344 2803 3388 c.

332 3451 395 3495 n.
436 3431 568 3500 50..
603 3448 676 3494 ιι6
710 3430 945 3494 scilicet
992 3448 1103 3513 pro
1151 3429 1355 3494 lubito
1393 3429 1646 3512 possent
1670 3427 1973 3512 Religiosi
2020 3447 2052 3491 e
2096 3426 2457 3510 perfectiore
2505 3428 2679 3492 statu
2729 3427 2805 3492 ad

327 3532 860 3616 imperfectiorem
894 3533 1171 3607 desilire:
1206 3533 1322 3596 hoc
1354 3532 1518 3597 enim
1563 3530 1967 3614 contingeret,
2001 3530 2122 3594 nisi
2168 3549 2275 3614 per
2319 3530 2806 3596 sollemnitatem

332 3635 470 3700 voti
521 3633 736 3699 addita
781 3634 1008 3699 fuisset
1054 3634 1148 3699 vis
1195 3634 1486 3699 dirimens
1523 3633 2022 3709 matrimonium:
2063 3634 2288 3718 quippe
2326 3654 2467 3700 cum
2514 3636 2666 3701 haec
2712 3636 2805 3700 vis

327 3757 440 3821 per
487 3756 554 3802 se
607 3755 731 3802 non
777 3738 931 3803 insit
974 3738 1122 3803 voto
1186 3738 1518 3814 castitatis,
1580 3737 1909 3822 religiosus
1963 3738 2165 3802 valide
2212 3738 2621 3804 contraxisset
2679 3758 2808 3802 ma-

327 3839 705 3905 trimonium
754 3842 817 3904 et
861 3860 1003 3904 cum
1051 3840 1168 3904 hoc
1213 3841 1297 3905 sit
1342 3840 1690 3919 insolubile,
1730 3840 1985 3924 proinde
2031 3859 2063 3904 e
2110 3840 2469 3922 perfectiore
2507 3840 2680 3903 statu
2728 3839 2807 3903 ad

324 3940 853 4025 imperfectiorem
900 3942 1177 4026 dilapsus
1222 3943 1554 4007 haberetur
1597 3943 1995 4008 necessarius
2044 3940 2230 4006 Patet
2277 3960 2443 4025 erge,
2494 3941 2805 4023 quomodo

326 4045 660 4109 asseratur
704 4044 995 4109 Pontifici
1042 4045 1119 4109 ab
1165 4045 1262 4110 his
1295 4046 1429 4110 DD.
1469 4045 1737 4110 facultas
1784 4043 2176 4128 dispensandi
2223 4044 2286 4107 in
2332 4043 2625 4128 religiosa
2671 4063 2808 4126 pro-

329 4147 604 4211 fessione
643 4165 756 4210 nec
780 4150 992 4211 tamen
1029 4149 1335 4232 cogantur
1364 4148 1707 4225 concedere,
1743 4168 1885 4212 eum
1916 4147 2265 4230 dispensare
2295 4147 2360 4210 in
2406 4146 2543 4232 lege
2575 4146 2802 4211 divina.

422 4247 640 4312 Huius
675 4251 889 4313 autem
921 4248 1236 4315 doctrinae
1267 4251 1715 4316 consectarium
1760 4250 1977 4334 magni
2012 4249 2312 4314 momenti
2348 4250 2444 4314 est
2491 4249 2808 4315 adverten-

323 4351 506 4415 dum.
542 4349 713 4413 Nam
761 4350 814 4414 si
863 4350 1251 4417 sollemnitas
1281 4352 1676 4436 professionis
1707 4352 2079 4437 Religiosae,
2114 4372 2380 4435 quacum
2411 4372 2566 4417 nexa
2599 4353 2694 4418 est
2730 4354 2808 4416 ir·

321 4453 552 4517 ritatio
604 4453 922 4534 sequentis
961 4455 1361 4533 matrimonii,
1412 4458 1506 4520 est
1541 4456 1695 4520 iuris
1742 4475 1906 4521 mere
1954 4456 2378 4532 ecclesiastici:
2428 4455 2805 4539 dispensatio

323 4556 536 4640 igitur
579 4555 751 4619 facta
801 4574 837 4618 a
884 4556 1185 4621 Pontifice
1231 4559 1351 4623 erit
1396 4558 1621 4636 valida,
1657 4559 1905 4624 etiamsi
1951 4560 2028 4623 ab
2072 4559 2208 4642 ipso
2256 4558 2630 4624 concedatur
2676 4558 2807 4621 sine
