3529 5158
695 354 803 409 556
1083 367 1297 408 ‘runo-r.
1337 367 1418 407 ιν.
1457 365 1543 405 nn
1579 363 1883 405 racemus.
1923 362 2134 403 cunr.
2173 363 2214 402 1.
2249 363 2392 404 mm.
2432 362 2521 402 111.
2562 362 2700 402 Αιιτ.
2739 361 2779 402 1.
3015 346 3162 422 [622]

693 464 804 545 qui
852 466 948 528 est
985 482 1021 527 a
1068 462 1308 527 ratione
1355 460 1682 544 procedens
1729 459 2141 534 voluntariae,
2183 459 2429 541 oportet
2472 457 2638 539 quod
2676 458 2855 522 actus
2898 458 3158 523 moralis

699 566 960 647 speciem
1008 565 1238 629 habeat
1282 563 1619 629 secundum
1666 562 1901 644 aliquid
1949 563 2011 625 in
2060 562 2298 626 obiecto
2334 560 2812 639 consideratum,
2845 560 3016 642 quod
3055 582 3159 624 or-

693 665 902 731 dinem
933 667 1119 731 habet
1145 666 1234 731 ad
1260 666 1585 729 rationem.
1612 665 1695 729 Et
1718 665 1806 729 sic
1835 665 1900 728 in
1938 664 2322 748 praecedenti
2355 664 2715 745 quaestione
2749 663 2910 745 (scil.
2944 665 3066 728 art.
3097 665 3155 727 1.

690 768 885 833 eiusd.
926 771 1198 853 quaest.)
1234 768 1471 832 dictum
1517 769 1631 845 est,
1669 767 1836 850 quod
1881 767 1936 831 si
1981 767 2066 831 sit
2110 766 2474 830 conveniens
2520 765 2769 843 rationi,
2809 766 2932 829 erit
2977 767 3155 831 actus

687 870 889 936 bonus
922 871 1260 937 secundum
1298 872 1580 953 speciem,
1615 871 1668 934 si
1701 872 1912 934 autem
1944 870 2029 933 sit
2065 867 2420 933 discordans
2458 887 2494 932 a
2517 868 2778 945 ratione,
2816 868 3155 934 secundum

688 976 956 1058 speciem
1002 976 1209 1041 malus
1255 976 1392 1041 erit.
1432 976 1504 1039 In
1550 974 1669 1038 hoc
1714 974 1944 1049 autem,
1993 972 2158 1054 quod
2202 991 2326 1037 non
2374 973 2469 1036 est
2511 972 2878 1036 conveniens
2923 972 3154 1037 rationi

688 1077 854 1140 circa
887 1079 1200 1143 obiectum
1231 1077 1707 1153 consideratum,
1740 1074 2142 1140 diversificari
2177 1075 2386 1157 potest
2414 1075 2650 1158 peccati
2680 1074 2911 1157 species
2954 1074 3153 1157 dupli-

688 1177 862 1255 citer,
889 1199 1012 1244 uno
1037 1180 1220 1245 modo
1245 1180 1492 1261 quidem
1516 1178 1945 1255 materialiter,
1972 1177 2095 1241 alio
2118 1177 2303 1241 modo
2327 1176 2689 1241 formaliter.
2716 1175 3152 1240 Mater-taliter

691 1280 941 1361 quidem
973 1301 1079 1364 per
1125 1282 1480 1364 oppositum
1529 1280 1606 1344 ad
1653 1280 1953 1345 virtutem
1999 1279 2177 1361 (haec
2224 1279 2301 1343 ad
2348 1280 2408 1342 3.
2457 1280 2699 1361 partem
2752 1279 3152 1344 resolutionis

689 1384 1046 1467 pertinent).
1088 1383 1421 1463 Differunt
1461 1384 1627 1446 enim
1672 1383 1935 1445 virtutes
1977 1383 2195 1461 specie,
2233 1381 2567 1445 mundum
2613 1380 2782 1462 quod
2823 1383 2986 1445 ratio
3029 1402 3150 1446 me-

685 1484 862 1548 dium
889 1486 1218 1550 adinvenit
1244 1487 1314 1549 in
1345 1485 1611 1550 diversis
1639 1485 1964 1561 materiis;
2003 1487 2175 1567 puta,
2208 1484 2453 1549 iustitia
2484 1486 2580 1548 est
2609 1485 2946 1550 secundum
2985 1485 3149 1567 quod

685 1588 848 1652 ratio
895 1588 1169 1653 medium
1215 1588 1544 1653 constituit
1602 1588 1665 1651 in
1721 1587 2318 1651 commutationibus
2378 1589 2441 1650 et
2493 1585 3038 1651 distributionibus
3081 1590 3145 1652 et

686 1690 1047 1756 huiusmodi
1094 1691 1507 1756 actionibus..
1541 1691 1605 1754 et
1636 1690 1722 1753 sic
1754 1689 1828 1752 de
1867 1689 2070 1753 aliis...
2121 1687 2222 1752 Sic
2267 1706 2415 1773 ergo
2446 1688 2510 1752 et
2539 1707 2647 1770 per
2679 1690 3036 1771 oppositum
3066 1690 3143 1753 ad

683 1793 948 1858 virtutes
980 1794 1231 1876 peccata
1262 1792 1553 1857 differunt
1580 1792 1778 1875 specie
1810 1790 2146 1854 secundum
2192 1790 2473 1853 diversas
2500 1790 2821 1864 materias,
2855 1794 3012 1874 puta
3041 1792 3148 1856 ho-

680 1895 1021 1974 micidium,
1059 1897 1318 1973 furtum,
1360 1884 1801 1962 adulterium...
1836 1895 1953 1961 Sed
2000 1898 2146 1979 quia
2192 1898 2354 1961 circa
2390 1915 2580 1960 unam
2610 1898 2963 1974 materiam,
3003 1917 3145 1963 cum

682 1997 767 2059 sit
806 2016 929 2061 una
961 1998 1182 2075 virtue,
1222 2000 1594 2083 contingunt
1631 2018 1762 2063 esse
1794 2000 2045 2082 peccata
2075 1999 2273 2082 specie
2304 1998 2565 2075 diversa,
2598 1999 2847 2080 oportet
2877 2001 3146 2066 secundo

683 2098 1069 2164 considerare
1098 2099 1452 2178 formaliter
1489 2098 1915 2166 diversitatem
1961 2102 2184 2183 speciei
2213 2101 2278 2164 in
2310 2100 2575 2183 peccatis
2622 2099 2802 2182 (haec
2836 2102 3148 2184 pertinent

683 2201 761 2265 ad
795 2203 853 2265 2.
895 2204 1138 2286 partem
1181 2204 1414 2287 resol.),
1448 2207 1633 2287 prout
1670 2204 1906 2268 scilicet
1941 2205 2230 2286 peccatur
2267 2204 2364 2268 vel
2395 2202 2732 2268 secundum
2767 2205 3144 2287 superabun-

683 2304 962 2370 dantiam
987 2306 1086 2370 vel
1110 2306 1446 2371 secundum
1471 2306 1799 2383 defectum,
1825 2306 1988 2371 sicut
2016 2305 2220 2370 differt
2249 2304 2556 2370 timiditas
2581 2325 2616 2369 a
2640 2307 3141 2389 praesumptione

680 2408 745 2471 et
775 2408 1166 2473 illiberalitas
1214 2429 1251 2473 a
1297 2407 1740 2494 prodigalitate
1790 2408 1885 2472 vel
1931 2408 2266 2473 secundum
2298 2408 2571 2472 diversas
2615 2408 3138 2485 circumstantias,

680 2511 845 2575 sicut
890 2511 1120 2594 species
1166 2512 1351 2597 gulae
1396 2511 1872 2596 distinguuntur
1900 2510 2235 2575 secundum
2281 2529 2382 2585 ea,
2421 2529 2580 2593 quae
2625 2510 2742 2574 hoc
2788 2530 2974 2576 versu
3006 2531 3143 2577 con-

680 2615 993 2678 tinentur:
1023 2615 1454 2698 Praepropere,
1481 2615 1672 2691 laute,
1700 2614 1904 2690 nimis,
1933 2613 2233 2690 ardenter,
2260 2612 2535 2678 studiose
2557 2613 2709 2694 (vid.
2741 2615 2801 2676 2.
2822 2616 2883 2676 2.
2908 2633 2969 2695 q.
2994 2615 3141 2679 148.

675 2717 793 2778 art.
823 2717 914 2790 4.)
948 2741 1007 2779 ».

768 2816 985 2896 Quoad
1010 2818 1345 2882 seeundum
1368 2818 1581 2900 itaque
1604 2821 1866 2901 partem,
1892 2818 2178 2882 videlicet
2197 2817 2401 2899 quoad
2436 2818 2887 2901 oppositionem
2920 2823 3140 2886 contra

674 2919 931 2985 eandem
977 2920 1295 3000 virtutem,
1343 2919 1499 2984 nihil
1544 2923 1640 2985 est
1685 2921 1850 3004 quod
1883 2920 2166 2999 addatur,
2201 2921 2320 2986 nisi
2356 2921 2521 3003 quod
2566 2920 2913 2987 notandum
2945 2925 3134 3000 venit,

674 3022 736 3086 id
783 3023 987 3087 valere
1025 3024 1229 3087 solum
1260 3023 1334 3087 de
1373 3022 1731 3101 virtutibus,
1772 3043 1929 3105 quae
1962 3024 2024 3087 in
2060 3023 2263 3088 medio
2301 3042 2572 3106 quonam
2604 3024 2974 3100 consistunt,
3016 3045 3135 3091 non

671 3144 816 3190 vero
854 3126 919 3190 in
957 3125 1117 3202 aliia,
1158 3146 1216 3190 v.
1257 3146 1351 3210 gr.
1383 3125 1447 3189 in
1495 3126 1774 3190 caritate.

762 3223 945 3297 622.
980 3227 1197 3307 Quoad
1230 3228 1483 3292 tertiam
1514 3247 1658 3293 vero
1698 3230 1958 3310 partem,
1992 3229 2055 3292 in
2088 3246 2212 3309 qua
2242 3228 2467 3292 tertius
2491 3229 2712 3294 modus
2743 3231 3136 3314 specificandi

673 3333 926 3414 peccata
957 3330 1332 3415 assignatur.
1368 3329 1606 3396 Auctor
1636 3332 1779 3413 post
1800 3330 2043 3395 Tanner
2072 3330 2227 3413 disp.
2255 3331 2316 3394 4.
2344 3329 2418 3394 de
2441 3329 2694 3395 Peccat.
2719 3353 2779 3414 q.
2810 3334 2871 3396 2.
2898 3333 3046 3399 dub.
3076 3335 3134 3399 1.

672 3436 980 3498 memorat
1017 3433 1328 3497 diversam
1374 3433 1827 3512 deformitatem
1874 3453 1944 3497 ex
1991 3433 2232 3498 diverso
2279 3434 2484 3511 mod0,
2518 3454 2641 3516 quo
2676 3437 2998 3519 peccatum
3047 3439 3138 3501 at-

671 3535 867 3620 tingit
910 3536 1240 3599 materiam
1271 3536 1456 3601 nnius
1486 3536 1760 3601 virtutis,
1797 3536 1880 3600 Et
1914 3536 2128 3601 deinde
2160 3538 2337 3620 ponit
2366 3538 2713 3620 exemplum
2758 3540 3024 3622 petitum
3054 3559 3127 3604 ex

672 3637 908 3700 virtute
954 3637 1254 3714 iustitiae,
1290 3638 1391 3702 cui
1428 3639 1826 3721 opponuntur
1862 3641 2134 3721 quatuor
2178 3639 2420 3704 diversa
2466 3641 2737 3723 peccata,
2770 3643 2904 3706 scil.
2937 3643 3134 3710 homi·

668 3740 921 3817 cidium‚
968 3738 1227 3816 furtum,
1278 3740 1674 3816 adulterium,
1721 3740 2046 3805 detractio,
2086 3742 2248 3806 Tum
2295 3742 2468 3807 addit
2511 3742 2826 3809 diversum
2871 3746 3129 3812 modum

665 3841 1014 3926 attingendi
1057 3843 1386 3907 materiam
1431 3843 1685 3907 virtutis
1715 3862 1846 3908 esse
1877 3845 2198 3920 eiusmodi,
2234 3849 2308 3910 ut
2337 3864 2458 3910 non
2490 3847 2575 3911 sit
2609 3848 2822 3913 eadem
2854 3848 3126 3915 facilitas

665 3946 1091 4012 committendi
1139 3950 1473 4028 utrumque
1517 3950 1859 4030 peccatum.

756 4048 991 4113 Verum
1031 4067 1079 4112 s,
1121 4049 1393 4113 Thomas
1423 4068 1546 4113 non
1584 4048 1759 4127 dixit,
1795 4069 1867 4114 ea
1897 4052 2147 4134 peccata
2193 4053 2409 4117 contra
2452 4051 2765 4117 iustitiam
2803 4055 3005 4138 specie
3039 4055 3125 4119 di-

665 4152 1000 4217 versificari
1047 4152 1287 4216 ratione
1323 4151 1549 4217 diversi
1579 4152 1770 4228 modi,
1804 4172 1926 4235 quo
1975 4155 2294 4240 attingant
2336 4156 2664 4218 materiam
2700 4156 2974 4222 eiusdem
3003 4158 3121 4221 vir-

672 4255 845 4326 tut-is,
895 4253 998 4317 sed
1047 4254 1255 4337 potius
1302 4254 1458 4318 dixit
1503 4255 1778 4320 diversas
1826 4275 1957 4321 esse
2002 4258 2297 4323 materias
2344 4258 2615 4324 eiusdem
2662 4258 2941 4325 virtutis
2981 4259 3120 4324 Vid.

660 4355 795 4419 eius
842 4357 1027 4420 verba
1072 4376 1207 4440 sup.
1257 4377 1315 4420 11.
1366 4376 1564 4440 praec.

757 4454 1004 4521 Scilicet
1050 4459 1166 4522 etsi
1217 4459 1280 4523 in
1326 4459 1583 4524 diversis
1629 4461 1909 4528 materiis
1943 4464 2020 4527 ab
2057 4483 2181 4529 una
2229 4465 2461 4529 virtute
2507 4464 2806 4543 devietur,
2843 4467 3117 4531 attamen

663 4557 948 4640 specialis
997 4562 1203 4642 potest
1248 4578 1377 4624 esse
1407 4561 1591 4638 ratio,
1625 4582 1736 4626 cur
1766 4564 1830 4626 in
1865 4564 1942 4629 iis
1976 4585 2013 4628 a
2049 4566 2283 4630 virtute
2319 4566 2641 4631 recedatur
2668 4567 2799 4631 sive
2836 4568 3118 4652 specialis
