3529 5158
699 365 772 420 90
1199 382 1411 424 'raso-r.
1449 382 1491 423 1.
1526 381 1613 423 11111
1651 382 1908 425 Amos
1944 383 2236 427 numme.
2272 385 2475 429 CAPUT
2512 387 2643 428 vm.
3048 372 3156 448 [99]

693 474 1007 542 interserit
1037 478 1176 543 aliis
1214 479 1458 556 finibus,
1491 480 1585 544 ita
1616 482 1692 544 ut
1726 480 1923 544 veluti
1945 482 2401 545 concomitebur.
2430 483 2530 547 Ita
2554 482 2925 557 adolescens,
2953 483 3064 564 qui
3085 503 3158 548 ex

695 577 1043 643 obedientia
1089 579 1198 644 dat
1237 598 1485 662 operam
1532 580 1739 646 studio
1788 583 1851 645 et
1881 582 2068 646 simul
2098 583 2386 667 tangitur
2421 584 2762 667 cupiditate
2794 603 2989 649 vanae
3027 586 3159 669 glo-

692 681 904 746 riolae.
930 683 1095 747 Bene
1133 685 1345 747 autem
1377 682 1646 747 advertit
1677 702 1727 748 s.
1762 684 2035 749 Thomas
2086 686 2143 748 1.
2194 687 2254 749 2.
2288 705 2347 768 q.
2385 687 2488 750 20.
2526 706 2581 751 6.
2617 686 2700 763 6.,
2750 687 2884 751 11616
2932 687 3036 770 agi
3082 688 3157 751 de

692 785 839 846 actu
883 784 1171 848 exteriori
1217 785 1324 867 qui
1370 804 1531 849 unus
1578 789 1673 850 est
1717 786 1783 849 in
1830 805 2049 870 genere
2095 789 2376 863 naturae,
2425 787 2531 852 sed
2574 788 2904 871 multiplex
2950 792 3046 854 est
3092 790 3155 852 in

690 904 910 969 genere
954 887 1166 951 1110116.
1201 886 1377 951 Unde
1407 886 1750 952 concludit:
1793 912 1828 945 «
1866 887 1932 952 Si
1981 888 2282 971 accipitur
2317 908 2481 954 unus
2514 893 2710 968 actus,
2746 892 2932 973 prout
2964 893 3059 955 est
3089 892 3157 955 in

691 1007 911 1071 genere
934 990 1145 1066 moris,
1171 989 1553 1071 impossibile
1587 992 1701 1065 est,
1728 989 1894 1071 quod
1927 991 2012 1054 sit
2042 991 2240 1055 bonus
2272 994 2337 1056 et
2373 993 2577 1057 malus
2615 993 2898 1058 bonitate
2935 995 3000 1057 et
3028 1012 3159 1057 ma-

688 1089 831 1155 litia
866 1091 1119 1155 morali:
1154 1091 1208 1155 si
1255 1093 1463 1156 tamen
1511 1092 1594 1156 sit
1640 1111 1802 1156 unus
1833 1093 2078 1157 unitate
2108 1097 2369 1159 naturae
2407 1096 2469 1158 et
2506 1113 2628 1159 non
2669 1095 2913 1160 unitate
2941 1094 3154 1167 moris,

691 1195 900 1275 potest
946 1212 1075 1258 esse
1108 1194 1304 1257 bonus
1336 1196 1399 1257 et
1430 1195 1633 1258 malus
1665 1220 1727 1259 ».
1762 1194 2062 1274 Quocirca
2101 1195 2173 1260 de
2204 1196 2335 1269 illo,
2376 1196 2484 1278 qui
2515 1195 2689 1260 vadit
2728 1197 2805 1260 ad
2836 1196 3158 1261 ecclesiam

692 1315 764 1360 ex
800 1295 1145 1360 intentione
1183 1294 1377 1359 divini
1423 1296 1681 1371 servitii,
1716 1296 1821 1360 sed
1870 1296 2185 1361 subintrat
2229 1298 2495 1362 intentio
2535 1317 2730 1363 vanae
2775 1298 3033 1381 gloriae,
3065 1299 3160 1361 ita

693 1396 963 1462 decernit
997 1396 1146 1460 ibid.
1182 1397 1260 1461 ad
1300 1398 1385 1460 l.:
1428 1422 1463 1455 «
1501 1398 1615 1461 Ille
1662 1399 1872 1461 motus
1920 1399 2250 1463 continuus
2290 1399 2502 1479 (eundi
2535 1400 2612 1464 ad
2645 1399 3009 1483 ecclesiam),
3050 1399 3160 1482 qui

693 1498 968 1582 procedit
1013 1518 1085 1563 ex
1131 1499 1371 1563 diversa
1401 1499 1766 1575 intentione,
1800 1498 1945 1562 licet
1977 1500 2061 1564 sit
2093 1519 2254 1564 unus
2286 1501 2531 1567 unitate
2578 1504 2858 1578 naturae,
2892 1521 3016 1566 non
3063 1504 3160 1566 est

692 1604 901 1666 tamen
947 1621 1108 1666 unus
1155 1601 1398 1666 unitate
1434 1601 1624 1665 moris
1671 1627 1733 1664 ».
1784 1601 1875 1665 De
1922 1600 2135 1666 eadem
2180 1622 2242 1667 re
2292 1605 2351 1666 2.
2387 1603 2530 1668 dist.
2581 1606 2687 1669 40.
2736 1625 2794 1686 q.
2851 1606 2907 1668 1.
2958 1624 3011 1669 a.
3048 1606 3156 1669 4.:

694 1730 729 1763 «
760 1704 1024 1769 Bonitas
1062 1705 1126 1769 et
1155 1704 1401 1768 malitia
1434 1723 1753 1786 nunquam
1786 1707 2050 1787 possunt
2081 1724 2212 1770 esse
2258 1706 2323 1769 in
2370 1725 2495 1771 11116
2534 1708 2774 1772 actione
2821 1708 3157 1773 secundum

690 1804 856 1887 quod
901 1807 997 1869 est
1031 1824 1176 1882 una,
1217 1804 1322 1870 sed
1369 1804 1704 1870 secundum
1735 1805 1901 1887 quod
1933 1808 2029 1870 est
2059 1807 2260 1871 multa
2293 1833 2355 1870 ».

777 1907 1106 1972 Praeterea
1154 1909 1222 1969 2⁰
1269 1907 1409 1969 finis
1456 1907 1677 1971 leviter
1722 1908 1927 1971 malus
1982 1911 2190 1989 potest
2243 1911 2536 1991 conseque:
2581 1911 2969 1975 voluntatem
3029 1911 3159 1976 16111

690 2010 937 2073 bonam.
977 2010 1069 2073 De
1100 2028 1223 2090 qua
1256 2028 1319 2072 re
1352 2028 1401 2072 s.
1436 2009 1708 2072 Thomas
1744 2010 1801 2073 1.
1846 2012 1903 2073 2.
1940 2030 1998 2092 q.
2040 2011 2140 2075 19.
2176 2029 2231 2074 a.
2271 2011 2327 2074 7.
2364 2011 2440 2075 ad
2475 2014 2565 2076 2.:
2601 2037 2635 2070 «
2660 2010 2776 2077 Sed
2809 2012 2862 2077 si
2892 2012 3158 2079 intentio

693 2110 778 2174 sit
807 2128 1202 2192 consequens,
1238 2112 1386 2174 tunc
1418 2111 1712 2175 voluntas
1751 2112 1964 2194 potuit
1995 2131 2126 2176 esse
2163 2113 2326 2177 bona
2358 2117 2422 2178 et
2465 2133 2572 2197 per
2616 2114 3025 2179 intentionem
3073 2135 3161 2180 se-

692 2214 982 2293 quentem
1014 2230 1135 2276 non
1160 2212 1537 2296 depravatur
1566 2212 1673 2276 1116
1707 2217 1886 2277 actus
1920 2214 2294 2293 voluntatis,
2335 2215 2443 2296 qui
2476 2216 2825 2298 praecessit,
2853 2217 2955 2282 sed
2982 2219 3161 2282 actus

694 2314 1059 2392 voluntatiS,
1094 2314 1203 2396 qui
1239 2315 1506 2379 iteratur
1544 2315 1627 2396 (si
1658 2315 2021 2379 excludatur
2051 2315 2192 2380 finis
2224 2317 2421 2382 bonus
2462 2317 2573 2382 aut
2605 2317 2913 2382 obiectum
2936 2318 3165 2384 forma·

700 2415 843 2479 liter
879 2417 1139 2499 bonum)
1174 2442 1233 2480 ».

780 2518 882 2582 Ita
929 2518 1345 2595 concionator,
1396 2518 1505 2601 qui
1544 2518 1814 2601 coeperit
1861 2539 1931 2583 ex
1978 2519 2212 2584 sincero
2261 2520 2389 2584 zelo
2437 2520 2790 2586 concionem
2838 2524 2900 2587 et
2945 2521 3162 2587 deinde

699 2619 993 2702 inspectis
1033 2620 1420 2684 auditoribus
1460 2620 1676 2697 doctis,
1708 2621 2125 2686 aemulatione
2164 2621 2263 2685 vel
2303 2641 2461 2686 vana
2491 2622 2694 2707 gloria
2740 2622 3008 2688 ducitur.

787 2719 1063 2784 Tandem
1088 2721 1157 2784 3⁰
1190 2720 1328 2785 finis
1360 2721 1579 2785 leviter
1609 2721 1814 2784 malus
1846 2724 2054 2804 potest
2086 2724 2276 2787 etiam
2300 2723 2677 2800 antecedere,
2704 2725 2794 2788 ita
2821 2727 3052 2801 tamen,
3088 2729 3163 2791 ut

692 2840 815 2886 non
844 2821 1137 2887 informet
1171 2841 1324 2906 opus
1358 2824 1734 2905 subsequens
1771 2824 2168 2907 imperatum,
2205 2826 2310 2890 sed
2341 2828 2432 2890 ita
2473 2827 2806 2892 extrinsece
2853 2829 3036 2908 adsit,
3087 2833 3163 2894 ut

692 2923 900 3007 potius
940 2925 1178 2988 occasio
1213 2925 1644 3006 subsequentis
1679 2926 1856 2988 actus
1889 2926 2010 2989 dici
2059 2929 2267 3008 queat.
2318 2928 2418 2992 Ita
2466 2929 2517 2993 si
2565 2930 2703 3011 quis
2749 2930 3023 2995 humano
3073 2952 3164 2996 re-

692 3029 906 3110 spectu
928 3031 1274 3105 moveatur,
1294 3030 1369 3092 ut
1391 3027 1638 3091 intersit
1662 3028 2122 3109 supplicationi,
2151 3031 2224 3094 ut
2249 3030 2498 3094 accedat
2516 3030 2592 3094 ad
2618 3029 3011 3096 Sacramenta
3041 3037 3159 3097 etc.

690 3130 817 3195 Iste
848 3128 1121 3195 defectus
1150 3130 1213 3193 in
1247 3130 1506 3205 motivo,
1541 3148 1664 3211 quo
1711 3129 2076 3212 impellitur,
2110 3150 2232 3195 non
2256 3131 2533 3214 impedit,
2570 3133 2902 3214 quominus
2950 3132 3165 3200 Sacra-

692 3233 907 3297 menta
938 3232 1055 3296 rite
1088 3231 1390 3314 suscipiat
1428 3234 1492 3296 et
1531 3232 1654 3295 alia
1686 3232 1805 3296 rite
1838 3235 2117 3317 peragat.

800 3370 861 3420 M.
888 3369 1036 3420 Multo
1079 3381 1196 3420 vero
1223 3367 1383 3421 minus
1419 3367 1686 3434 corrumpit
1723 3377 1886 3422 actum
1925 3369 2194 3424 turmaliter
2221 3385 2283 3426 ex
2325 3371 2519 3426 obiecto
2561 3374 2759 3436 bonum,
2787 3372 2829 3425 si
2854 3373 2964 3440 quis
2991 3389 3162 3430 secun-

693 3450 863 3504 darius
899 3450 1008 3503 ssnis
1046 3453 1262 3514 accedat,
1299 3450 1382 3516 qui
1424 3455 1662 3506 habeatur
1700 3452 1999 3528 indifferens.
2040 3459 2193 3509 Secus
2230 3456 2513 3520 dicendum,
2555 3457 2595 3510 si
2635 3458 2745 3511 nnis
2782 3458 3067 3515 indifferens
3097 3462 3162 3516 sit

696 3534 863 3588 totalis
901 3548 1047 3587 661166
1088 3541 1226 3587 actus
1266 3535 1493 3601 ponendi.

781 3634 900 3707 99.
943 3635 1007 3699 Si
1046 3636 1183 3700 finis
1215 3637 1436 3702 leviter
1473 3640 1696 3716 malus,
1739 3642 1847 3721 qui
1886 3661 2007 3705 non
2047 3642 2129 3707 sit
2160 3663 2347 3708 causa
2379 3645 2600 3728 agendi
2634 3647 2871 3725 totalis,
2907 3668 3030 3714 non
3064 3651 3162 3716 de-

692 3741 914 3821 pravat
949 3740 1158 3802 totum
1201 3757 1355 3821 opus
1388 3739 1515 3822 (L),
1553 3760 1588 3804 a
1612 3741 1867 3817 ,fortiori
1903 3743 1967 3806 id
2005 3763 2126 3808 non
2164 3745 2388 3810 efficiet
2420 3746 2560 3812 finis
2607 3748 2976 3815 indifferens.

776 3840 940 3925 Ergo
974 3859 1095 3904 non
1129 3841 1392 3905 vitiatur
1431 3861 1584 3925 opus
1617 3843 1873 3908 canendi
1911 3844 1972 3907 in
2013 3846 2285 3924 ecclesia,
2319 3867 2390 3912 eo
2424 3848 2589 3930 quod
2621 3853 2837 3916 cantor
2873 3851 3161 3920 intendat

688 3942 877 4007 etiam
909 3943 1166 4007 lucrari:
1202 3944 1289 4008 sic
1335 3944 1442 4025 qui
1490 3946 1809 4009 ecclesiam
1867 3945 1998 4010 adit
2035 3949 2108 4010 ut
2155 3949 2346 4012 etiam
2391 3948 2729 4017 delectetur
2772 3954 3016 4018 musica
3064 3956 3162 4021 vel

688 4046 1034 4126 praesentia
1066 4045 1227 4130 regis
1267 4046 1549 4110 alicuius.
1584 4046 1729 4110 Dixi
1762 4050 1992 4124 autem,
2029 4049 2079 4111 si
2130 4049 2268 4112 finis
2308 4052 2391 4114 sit
2423 4052 2789 4130 indifferens,
2824 4056 2971 4120 licet
3002 4077 3161 4138 quae

687 4148 1045 4209 enumerata
1094 4148 1259 4222 sunt,
1312 4147 1388 4211 ad
1435 4148 1729 4212 honestos
1781 4153 1957 4213 actus
2004 4152 2277 4215 revocari
2325 4156 2585 4233 queant:
2622 4155 2724 4218 sed
2756 4155 3070 4221 habentur
3088 4162 3162 4223 ut

685 4242 1096 4309 indifferentia
1142 4247 1289 4328 quia
1321 4248 1596 4330 plerique
1632 4250 1824 4314 istam
1861 4252 2251 4317 honestatem
2284 4254 2492 4319 animo
2531 4274 2651 4320 non
2685 4261 3023 4323 sectantur.

776 4342 1009 4409 Contra
1040 4365 1181 4411 vero
1222 4347 1565 4426 dicendum,
1617 4353 1865 4432 quando
1915 4354 2054 4418 finis
2100 4354 2450 4421 indifferens
2496 4359 2657 4421 esset
2701 4360 2922 4424 totalis
2970 4380 3161 4428 causa

688 4448 887 4510 actus.
922 4447 994 4510 In
1042 4447 1157 4510 hac
1203 4449 1367 4513 enim
1413 4451 1747 4535 hypothesi
1793 4455 1966 4519 nulla
2015 4456 2307 4522 voluntas
2355 4463 2699 4542 superesset
2730 4480 2878 4546 erga
2925 4463 3162 4529 bonum

687 4549 875 4628 atque
908 4548 1058 4612 adeo
1093 4549 1267 4613 nulla
1299 4556 1459 4616 esset
1491 4555 1784 4618 voluntas
1818 4555 1980 4619 boni.
2017 4557 2248 4622 Verum
2287 4560 2437 4625 haec
2467 4562 2831 4646 hypothesis
2863 4568 3163 4648 supponit

684 4649 914 4715 falsam
938 4651 1286 4716 doctrinam
1310 4653 1384 4717 de
1409 4658 1554 4719 actu
1572 4673 1789 4738 nempe
1811 4656 2180 4724 indifferenti
2204 4662 2270 4726 in
2287 4663 2634 4734 individuo:
2663 4664 2737 4730 de
2762 4685 2884 4747 qua
2909 4687 2974 4732 re
2991 4685 3156 4732 mox.
