<?xml version="1.0" encoding="UTF-8"?>
<!DOCTYPE html PUBLIC "-//W3C//DTD XHTML 1.0 Transitional//EN"
    "http://www.w3.org/TR/xhtml1/DTD/xhtml1-transitional.dtd">
<html xmlns="http://www.w3.org/1999/xhtml" xml:lang="en" lang="en">
 <head>
  <title>
</title>
<meta http-equiv="Content-Type" content="text/html;charset=utf-8" />
  <meta name='ocr-system' content='tesseract 3.04.00' />
  <meta name='ocr-capabilities' content='ocr_page ocr_carea ocr_par ocr_line ocrx_word'/>
</head>
<body>
  <div class='ocr_page' id='page_1' title='image "./opustheologicum00palmgoog_0582.png"; bbox 0 0 3529 5158; ppageno 0'>
   <div class='ocr_carea' id='block_1_1' title="bbox 345 344 2806 420">
    <p class='ocr_par' dir='ltr' id='par_1_1' title="bbox 345 344 2806 420">
     <span class='ocr_line' id='line_1_1' title="bbox 345 344 2806 420; baseline -0.001 -21"><span class='ocrx_word' id='word_1_1' title='bbox 345 345 493 420; x_wconf 73' lang='lat'>[5301</span> <span class='ocrx_word' id='word_1_2' title='bbox 989 366 1376 408; x_wconf 67' lang='lat' dir='ltr'>nmmum-no</span> <span class='ocrx_word' id='word_1_3' title='bbox 1415 362 1801 405; x_wconf 55' lang='lat' dir='ltr'>sumamus.</span> <span class='ocrx_word' id='word_1_4' title='bbox 1840 360 2157 402; x_wconf 61' lang='lat' dir='ltr'>sni-rernm</span> <span class='ocrx_word' id='word_1_5' title='bbox 2699 344 2806 398; x_wconf 83' lang='grc'>489</span> 
     </span>
    </p>
   </div>
   <div class='ocr_carea' id='block_1_2' title="bbox 310 456 2807 4640">
    <p class='ocr_par' dir='ltr' id='par_1_2' title="bbox 337 456 2807 1052">
     <span class='ocr_line' id='line_1_2' title="bbox 344 456 2803 542; baseline 0 -24"><span class='ocrx_word' id='word_1_6' title='bbox 344 456 404 519; x_wconf 89' lang='lat' dir='ltr'>in</span> <span class='ocrx_word' id='word_1_7' title='bbox 450 476 598 522; x_wconf 85' lang='lat' dir='ltr'>casu</span> <span class='ocrx_word' id='word_1_8' title='bbox 645 461 868 542; x_wconf 85' lang='lat' dir='ltr'>posito.</span> <span class='ocrx_word' id='word_1_9' title='bbox 902 463 1114 527; x_wconf 89' lang='lat' dir='ltr'>Primo</span> <span class='ocrx_word' id='word_1_10' title='bbox 1154 465 1206 527; x_wconf 89' lang='lat' dir='ltr'>si</span> <span class='ocrx_word' id='word_1_11' title='bbox 1237 463 1439 528; x_wconf 87' lang='lat' dir='ltr'>dicat:</span> <span class='ocrx_word' id='word_1_12' title='bbox 1475 459 1550 525; x_wconf 77' lang='lat' dir='ltr'>Si</span> <span class='ocrx_word' id='word_1_13' title='bbox 1594 459 1703 524; x_wconf 80' lang='lat' dir='ltr'>hoc</span> <span class='ocrx_word' id='word_1_14' title='bbox 1750 457 1983 532; x_wconf 76' lang='lat' dir='ltr'>liceret,</span> <span class='ocrx_word' id='word_1_15' title='bbox 2016 460 2077 521; x_wconf 79' lang='lat' dir='ltr'>si</span> <span class='ocrx_word' id='word_1_16' title='bbox 2110 477 2238 520; x_wconf 77' lang='lat' dir='ltr'>non</span> <span class='ocrx_word' id='word_1_17' title='bbox 2269 461 2427 520; x_wconf 79' lang='lat' dir='ltr'>esset</span> <span class='ocrx_word' id='word_1_18' title='bbox 2458 461 2803 536; x_wconf 70' lang='lat' dir='ltr'>peccabam,</span> 
     </span>
     <span class='ocr_line' id='line_1_3' title="bbox 344 557 2806 639; baseline -0 -17"><span class='ocrx_word' id='word_1_19' title='bbox 344 557 681 624; x_wconf 77' lang='lat' dir='ltr'>delectarer</span> <span class='ocrx_word' id='word_1_20' title='bbox 724 562 799 626; x_wconf 81' lang='lat' dir='ltr'>de</span> <span class='ocrx_word' id='word_1_21' title='bbox 846 585 931 629; x_wconf 79' lang='lat' dir='ltr'>eo,</span> <span class='ocrx_word' id='word_1_22' title='bbox 966 565 1273 631; x_wconf 85' lang='lat' dir='ltr'>Secundo:</span> <span class='ocrx_word' id='word_1_23' title='bbox 1323 565 1618 629; x_wconf 79' lang='lat' dir='ltr'>Delector</span> <span class='ocrx_word' id='word_1_24' title='bbox 1663 562 1738 626; x_wconf 81' lang='lat' dir='ltr'>de</span> <span class='ocrx_word' id='word_1_25' title='bbox 1782 561 1893 626; x_wconf 80' lang='lat' dir='ltr'>hoc</span> <span class='ocrx_word' id='word_1_26' title='bbox 1939 561 2168 626; x_wconf 80' lang='lat' dir='ltr'>obiecto</span> <span class='ocrx_word' id='word_1_27' title='bbox 2213 558 2379 623; x_wconf 82' lang='lat' dir='ltr'>malo</span> <span class='ocrx_word' id='word_1_28' title='bbox 2410 563 2473 623; x_wconf 79' lang='lat' dir='ltr'>et</span> <span class='ocrx_word' id='word_1_29' title='bbox 2486 557 2806 639; x_wconf 74' lang='lat' dir='ltr'>prohibito</span> 
     </span>
     <span class='ocr_line' id='line_1_4' title="bbox 339 660 2807 748; baseline -0 -25"><span class='ocrx_word' id='word_1_30' title='bbox 339 660 450 723; x_wconf 73' lang='lat' dir='ltr'>sub</span> <span class='ocrx_word' id='word_1_31' title='bbox 495 664 769 738; x_wconf 79' lang='lat' dir='ltr'><em>mortali,</em></span> <span class='ocrx_word' id='word_1_32' title='bbox 816 667 878 729; x_wconf 79' lang='lat' dir='ltr'>si</span> <span class='ocrx_word' id='word_1_33' title='bbox 907 672 1235 748; x_wconf 73' lang='lat' dir='ltr'>peccatu-m</span> <span class='ocrx_word' id='word_1_34' title='bbox 1265 689 1393 733; x_wconf 77' lang='lat' dir='ltr'>non</span> <span class='ocrx_word' id='word_1_35' title='bbox 1423 671 1585 732; x_wconf 79' lang='lat' dir='ltr'>esset</span> <span class='ocrx_word' id='word_1_36' title='bbox 1609 670 1728 730; x_wconf 80' lang='lat' dir='ltr'>aut</span> <span class='ocrx_word' id='word_1_37' title='bbox 1754 665 1869 729; x_wconf 74' lang='lat' dir='ltr'>sub</span> <span class='ocrx_word' id='word_1_38' title='bbox 1901 663 2250 728; x_wconf 78' lang='lat' dir='ltr'>conditione</span> <span class='ocrx_word' id='word_1_39' title='bbox 2281 660 2449 744; x_wconf 73' lang='lat' dir='ltr'>quod</span> <span class='ocrx_word' id='word_1_40' title='bbox 2475 665 2639 724; x_wconf 77' lang='lat' dir='ltr'>esset</span> <span class='ocrx_word' id='word_1_41' title='bbox 2675 660 2807 723; x_wconf 73' lang='lat' dir='ltr'><em>lici-</em></span> 
     </span>
     <span class='ocr_line' id='line_1_5' title="bbox 344 762 2805 853; baseline 0.001 -29"><span class='ocrx_word' id='word_1_42' title='bbox 344 766 486 826; x_wconf 79' lang='lat' dir='ltr'>tum.</span> <span class='ocrx_word' id='word_1_43' title='bbox 528 762 593 828; x_wconf 89' lang='lat' dir='ltr'>Si</span> <span class='ocrx_word' id='word_1_44' title='bbox 627 766 743 831; x_wconf 91' lang='lat' dir='ltr'>hoc</span> <span class='ocrx_word' id='word_1_45' title='bbox 764 768 949 834; x_wconf 89' lang='lat' dir='ltr'>modo</span> <span class='ocrx_word' id='word_1_46' title='bbox 984 771 1209 852; x_wconf 88' lang='lat' dir='ltr'>aliquis</span> <span class='ocrx_word' id='word_1_47' title='bbox 1247 771 1610 844; x_wconf 86' lang='lat' dir='ltr'>delectatur,</span> <span class='ocrx_word' id='word_1_48' title='bbox 1644 771 1858 853; x_wconf 89' lang='lat' dir='ltr'>peccat</span> <span class='ocrx_word' id='word_1_49' title='bbox 1887 766 2272 842; x_wconf 57' lang='lat' dir='ltr'>mortalitem</span> <span class='ocrx_word' id='word_1_50' title='bbox 2308 766 2402 829; x_wconf 89' lang='lat' dir='ltr'>sin</span> <span class='ocrx_word' id='word_1_51' title='bbox 2436 783 2580 828; x_wconf 75' lang='lat' dir='ltr'>vero</span> <span class='ocrx_word' id='word_1_52' title='bbox 2612 763 2805 846; x_wconf 87' lang='lat' dir='ltr'>priori</span> 
     </span>
     <span class='ocr_line' id='line_1_6' title="bbox 339 865 2798 953; baseline 0 -25"><span class='ocrx_word' id='word_1_53' title='bbox 339 865 540 945; x_wconf 87' lang='lat' dir='ltr'>modo,</span> <span class='ocrx_word' id='word_1_54' title='bbox 574 886 695 931; x_wconf 91' lang='lat' dir='ltr'>non</span> <span class='ocrx_word' id='word_1_55' title='bbox 729 870 847 933; x_wconf 90' lang='lat' dir='ltr'>erit</span> <span class='ocrx_word' id='word_1_56' title='bbox 885 875 1206 953; x_wconf 89' lang='lat' dir='ltr'>peccatum</span> <span class='ocrx_word' id='word_1_57' title='bbox 1238 874 1525 938; x_wconf 75' lang='lat' dir='ltr'>mortale.</span> <span class='ocrx_word' id='word_1_58' title='bbox 1561 873 1663 936; x_wconf 92' lang='lat' dir='ltr'>Ita</span> <span class='ocrx_word' id='word_1_59' title='bbox 1695 870 2055 935; x_wconf 87' lang='lat' dir='ltr'>Salmantic.</span> <span class='ocrx_word' id='word_1_60' title='bbox 2089 868 2164 930; x_wconf 76' lang='lat' dir='ltr'>de</span> <span class='ocrx_word' id='word_1_61' title='bbox 2195 866 2447 931; x_wconf 73' lang='lat' dir='ltr'>Pecoat.</span> <span class='ocrx_word' id='word_1_62' title='bbox 2483 868 2664 930; x_wconf 86' lang='lat' dir='ltr'>tract.</span> <span class='ocrx_word' id='word_1_63' title='bbox 2693 867 2798 929; x_wconf 84' lang='lat'>20.</span> 
     </span>
     <span class='ocr_line' id='line_1_7' title="bbox 337 969 843 1052; baseline 0.008 -22"><span class='ocrx_word' id='word_1_64' title='bbox 337 986 465 1050; x_wconf 88' lang='lat' dir='ltr'>cap.</span> <span class='ocrx_word' id='word_1_65' title='bbox 507 969 607 1032; x_wconf 84' lang='lat'>13.</span> <span class='ocrx_word' id='word_1_66' title='bbox 642 990 701 1034; x_wconf 91' lang='lat' dir='ltr'>n.</span> <span class='ocrx_word' id='word_1_67' title='bbox 730 971 843 1052; x_wconf 27' lang='lat'>¹61.</span> 
     </span>
    </p>

    <p class='ocr_par' dir='ltr' id='par_1_3' title="bbox 334 1066 2799 1262">
     <span class='ocr_line' id='line_1_8' title="bbox 422 1066 2799 1160; baseline -0.003 -20"><span class='ocrx_word' id='word_1_68' title='bbox 422 1066 598 1141; x_wconf 75' lang='grc'><strong>529.</strong></span> <span class='ocrx_word' id='word_1_69' title='bbox 634 1069 753 1136; x_wconf 87' lang='lat' dir='ltr'>Sed</span> <span class='ocrx_word' id='word_1_70' title='bbox 785 1075 848 1137; x_wconf 89' lang='lat' dir='ltr'>et</span> <span class='ocrx_word' id='word_1_71' title='bbox 880 1075 1143 1140; x_wconf 88' lang='lat' dir='ltr'>secunda</span> <span class='ocrx_word' id='word_1_72' title='bbox 1176 1097 1317 1160; x_wconf 90' lang='lat' dir='ltr'>pars</span> <span class='ocrx_word' id='word_1_73' title='bbox 1350 1076 1747 1141; x_wconf 74' lang='lat' dir='ltr'>resolutionis</span> <span class='ocrx_word' id='word_1_74' title='bbox 1781 1075 1942 1138; x_wconf 88' lang='lat' dir='ltr'>circa</span> <span class='ocrx_word' id='word_1_75' title='bbox 1974 1071 2448 1137; x_wconf 71' lang='lat' dir='ltr'>delectationem</span> <span class='ocrx_word' id='word_1_76' title='bbox 2485 1070 2799 1152; x_wconf 87' lang='lat' dir='ltr'>appetitus</span> 
     </span>
     <span class='ocr_line' id='line_1_9' title="bbox 334 1173 2615 1262; baseline -0 -27"><span class='ocrx_word' id='word_1_77' title='bbox 334 1173 610 1237; x_wconf 81' lang='lat' dir='ltr'>sensitivi</span> <span class='ocrx_word' id='word_1_78' title='bbox 643 1175 758 1239; x_wconf 88' lang='lat' dir='ltr'>sub</span> <span class='ocrx_word' id='word_1_79' title='bbox 790 1177 1138 1242; x_wconf 89' lang='lat' dir='ltr'>conditione</span> <span class='ocrx_word' id='word_1_80' title='bbox 1178 1180 1276 1243; x_wconf 90' lang='lat' dir='ltr'>est</span> <span class='ocrx_word' id='word_1_81' title='bbox 1308 1198 1418 1262; x_wconf 91' lang='lat' dir='ltr'>pro</span> <span class='ocrx_word' id='word_1_82' title='bbox 1451 1178 1815 1242; x_wconf 83' lang='lat' dir='ltr'>diversitate</span> <span class='ocrx_word' id='word_1_83' title='bbox 1855 1176 2237 1240; x_wconf 89' lang='lat' dir='ltr'>obiectorum</span> <span class='ocrx_word' id='word_1_84' title='bbox 2267 1173 2615 1236; x_wconf 84' lang='lat' dir='ltr'>limitanda.</span> 
     </span>
    </p>

    <p class='ocr_par' dir='ltr' id='par_1_4' title="bbox 310 1275 2797 2793">
     <span class='ocr_line' id='line_1_10' title="bbox 418 1275 2793 1365; baseline 0 -27"><span class='ocrx_word' id='word_1_85' title='bbox 418 1276 583 1340; x_wconf 83' lang='lat' dir='ltr'>Bene</span> <span class='ocrx_word' id='word_1_86' title='bbox 615 1275 839 1342; x_wconf 86' lang='lat' dir='ltr'>Suarez</span> <span class='ocrx_word' id='word_1_87' title='bbox 867 1278 940 1342; x_wconf 82' lang='lat' dir='ltr'>de</span> <span class='ocrx_word' id='word_1_88' title='bbox 964 1279 1217 1345; x_wconf 78' lang='lat' dir='ltr'>Peccat.</span> <span class='ocrx_word' id='word_1_89' title='bbox 1245 1281 1403 1365; x_wconf 84' lang='lat' dir='ltr'>disp.</span> <span class='ocrx_word' id='word_1_90' title='bbox 1435 1283 1494 1345; x_wconf 86' lang='lat'>5.</span> <span class='ocrx_word' id='word_1_91' title='bbox 1523 1281 1669 1345; x_wconf 88' lang='lat' dir='ltr'>sect.</span> <span class='ocrx_word' id='word_1_92' title='bbox 1701 1280 1759 1343; x_wconf 85' lang='lat'>7.</span> <span class='ocrx_word' id='word_1_93' title='bbox 1787 1299 1847 1344; x_wconf 89' lang='lat' dir='ltr'>n.</span> <span class='ocrx_word' id='word_1_94' title='bbox 1868 1280 1961 1342; x_wconf 86' lang='lat'>9.:</span> <span class='ocrx_word' id='word_1_95' title='bbox 1988 1301 2023 1336; x_wconf 83' lang='lat'>‹&lt;</span> <span class='ocrx_word' id='word_1_96' title='bbox 2048 1278 2187 1341; x_wconf 89' lang='lat' dir='ltr'>Duo</span> <span class='ocrx_word' id='word_1_97' title='bbox 2221 1276 2370 1340; x_wconf 90' lang='lat' dir='ltr'>sunt</span> <span class='ocrx_word' id='word_1_98' title='bbox 2393 1275 2793 1339; x_wconf 86' lang='lat' dir='ltr'>advertenda:</span> 
     </span>
     <span class='ocr_line' id='line_1_11' title="bbox 331 1377 2797 1460; baseline 0 -20"><span class='ocrx_word' id='word_1_99' title='bbox 331 1377 527 1460; x_wconf 90' lang='lat' dir='ltr'>primo</span> <span class='ocrx_word' id='word_1_100' title='bbox 552 1398 682 1443; x_wconf 89' lang='lat' dir='ltr'>esse</span> <span class='ocrx_word' id='word_1_101' title='bbox 705 1381 1114 1447; x_wconf 84' lang='lat' dir='ltr'>differentiam</span> <span class='ocrx_word' id='word_1_102' title='bbox 1143 1384 1307 1448; x_wconf 91' lang='lat' dir='ltr'>inter</span> <span class='ocrx_word' id='word_1_103' title='bbox 1332 1385 1604 1448; x_wconf 77' lang='lat' dir='ltr'>actiones</span> <span class='ocrx_word' id='word_1_104' title='bbox 1630 1386 1865 1445; x_wconf 75' lang='lat' dir='ltr'>natura</span> <span class='ocrx_word' id='word_1_105' title='bbox 1889 1399 2007 1444; x_wconf 74' lang='lat' dir='ltr'>sua</span> <span class='ocrx_word' id='word_1_106' title='bbox 2030 1378 2254 1452; x_wconf 69' lang='lat' dir='ltr'>mla-s,</span> <span class='ocrx_word' id='word_1_107' title='bbox 2280 1378 2379 1442; x_wconf 88' lang='lat' dir='ltr'>vel</span> <span class='ocrx_word' id='word_1_108' title='bbox 2401 1378 2620 1454; x_wconf 89' lang='lat' dir='ltr'>malas,</span> <span class='ocrx_word' id='word_1_109' title='bbox 2648 1378 2797 1459; x_wconf 85' lang='lat' dir='ltr'>quia</span> 
     </span>
     <span class='ocr_line' id='line_1_12' title="bbox 332 1480 2793 1564; baseline 0 -21"><span class='ocrx_word' id='word_1_110' title='bbox 332 1481 699 1562; x_wconf 87' lang='lat' dir='ltr'>prohibitas;</span> <span class='ocrx_word' id='word_1_111' title='bbox 736 1503 878 1548; x_wconf 90' lang='lat' dir='ltr'>nam</span> <span class='ocrx_word' id='word_1_112' title='bbox 908 1485 973 1548; x_wconf 90' lang='lat' dir='ltr'>in</span> <span class='ocrx_word' id='word_1_113' title='bbox 1023 1486 1147 1550; x_wconf 89' lang='lat' dir='ltr'>illis</span> <span class='ocrx_word' id='word_1_114' title='bbox 1179 1506 1301 1550; x_wconf 90' lang='lat' dir='ltr'>non</span> <span class='ocrx_word' id='word_1_115' title='bbox 1332 1486 1478 1550; x_wconf 90' lang='lat' dir='ltr'>licet</span> <span class='ocrx_word' id='word_1_116' title='bbox 1511 1485 1801 1549; x_wconf 87' lang='lat' dir='ltr'>delectari</span> <span class='ocrx_word' id='word_1_117' title='bbox 1850 1484 1966 1546; x_wconf 87' lang='lat' dir='ltr'>sub</span> <span class='ocrx_word' id='word_1_118' title='bbox 1997 1500 2387 1564; x_wconf 87' lang='lat' dir='ltr'>quacumque</span> <span class='ocrx_word' id='word_1_119' title='bbox 2425 1480 2793 1557; x_wconf 89' lang='lat' dir='ltr'>conditione,</span> 
     </span>
     <span class='ocr_line' id='line_1_13' title="bbox 329 1582 2794 1670; baseline -0 -25"><span class='ocrx_word' id='word_1_120' title='bbox 329 1583 472 1663; x_wconf 88' lang='lat' dir='ltr'>quia</span> <span class='ocrx_word' id='word_1_121' title='bbox 497 1583 826 1650; x_wconf 75' lang='lat' dir='ltr'>delectatio</span> <span class='ocrx_word' id='word_1_122' title='bbox 860 1606 1099 1670; x_wconf 83' lang='lat' dir='ltr'>semper</span> <span class='ocrx_word' id='word_1_123' title='bbox 1132 1588 1333 1651; x_wconf 87' lang='lat' dir='ltr'>oritur</span> <span class='ocrx_word' id='word_1_124' title='bbox 1365 1608 1436 1651; x_wconf 78' lang='lat' dir='ltr'>ex</span> <span class='ocrx_word' id='word_1_125' title='bbox 1467 1587 1705 1651; x_wconf 86' lang='lat' dir='ltr'>motivo</span> <span class='ocrx_word' id='word_1_126' title='bbox 1739 1605 1847 1669; x_wconf 91' lang='lat' dir='ltr'>per</span> <span class='ocrx_word' id='word_1_127' title='bbox 1879 1605 1943 1649; x_wconf 92' lang='lat' dir='ltr'>se</span> <span class='ocrx_word' id='word_1_128' title='bbox 1976 1603 2195 1667; x_wconf 84' lang='lat' dir='ltr'>pravo:</span> <span class='ocrx_word' id='word_1_129' title='bbox 2230 1585 2292 1647; x_wconf 92' lang='lat' dir='ltr'>in</span> <span class='ocrx_word' id='word_1_130' title='bbox 2328 1583 2424 1646; x_wconf 90' lang='lat' dir='ltr'>his</span> <span class='ocrx_word' id='word_1_131' title='bbox 2457 1601 2620 1657; x_wconf 82' lang='lat' dir='ltr'>vere,</span> <span class='ocrx_word' id='word_1_132' title='bbox 2648 1582 2794 1662; x_wconf 87' lang='lat' dir='ltr'>quia</span> 
     </span>
     <span class='ocr_line' id='line_1_14' title="bbox 325 1685 2793 1768; baseline -0 -20"><span class='ocrx_word' id='word_1_133' title='bbox 325 1686 662 1751; x_wconf 89' lang='lat' dir='ltr'>secundum</span> <span class='ocrx_word' id='word_1_134' title='bbox 686 1707 749 1751; x_wconf 91' lang='lat' dir='ltr'>se</span> <span class='ocrx_word' id='word_1_135' title='bbox 774 1689 871 1752; x_wconf 89' lang='lat' dir='ltr'>vel</span> <span class='ocrx_word' id='word_1_136' title='bbox 895 1689 1190 1753; x_wconf 80' lang='lat' dir='ltr'>honestae</span> <span class='ocrx_word' id='word_1_137' title='bbox 1216 1692 1312 1753; x_wconf 82' lang='lat' dir='ltr'>vel</span> <span class='ocrx_word' id='word_1_138' title='bbox 1338 1689 1750 1753; x_wconf 86' lang='lat' dir='ltr'>indifferentes</span> <span class='ocrx_word' id='word_1_139' title='bbox 1778 1688 1943 1764; x_wconf 79' lang='lat' dir='ltr'>sunt,</span> <span class='ocrx_word' id='word_1_140' title='bbox 1973 1687 2179 1768; x_wconf 87' lang='lat' dir='ltr'>potest</span> <span class='ocrx_word' id='word_1_141' title='bbox 2212 1686 2351 1766; x_wconf 87' lang='lat' dir='ltr'>quis</span> <span class='ocrx_word' id='word_1_142' title='bbox 2385 1685 2515 1748; x_wconf 88' lang='lat' dir='ltr'>sine</span> <span class='ocrx_word' id='word_1_143' title='bbox 2544 1685 2793 1766; x_wconf 86' lang='lat' dir='ltr'>peccato</span> 
     </span>
     <span class='ocr_line' id='line_1_15' title="bbox 326 1786 2796 1874; baseline -0 -24"><span class='ocrx_word' id='word_1_144' title='bbox 326 1788 583 1852; x_wconf 86' lang='lat' dir='ltr'>mortali</span> <span class='ocrx_word' id='word_1_145' title='bbox 619 1789 682 1852; x_wconf 90' lang='lat' dir='ltr'>in</span> <span class='ocrx_word' id='word_1_146' title='bbox 730 1789 855 1854; x_wconf 88' lang='lat' dir='ltr'>illis</span> <span class='ocrx_word' id='word_1_147' title='bbox 903 1790 989 1854; x_wconf 88' lang='lat' dir='ltr'>sic</span> <span class='ocrx_word' id='word_1_148' title='bbox 1036 1791 1438 1855; x_wconf 86' lang='lat' dir='ltr'>consideratis</span> <span class='ocrx_word' id='word_1_149' title='bbox 1478 1790 1788 1867; x_wconf 87' lang='lat' dir='ltr'>delectari,</span> <span class='ocrx_word' id='word_1_150' title='bbox 1832 1788 1998 1874; x_wconf 90' lang='lat' dir='ltr'>quod</span> <span class='ocrx_word' id='word_1_151' title='bbox 2044 1788 2136 1863; x_wconf 86' lang='lat' dir='ltr'>fit,</span> <span class='ocrx_word' id='word_1_152' title='bbox 2172 1788 2418 1870; x_wconf 91' lang='lat' dir='ltr'>quando</span> <span class='ocrx_word' id='word_1_153' title='bbox 2465 1786 2796 1868; x_wconf 87' lang='lat' dir='ltr'>apprehen-</span> 
     </span>
     <span class='ocr_line' id='line_1_16' title="bbox 323 1889 2793 1975; baseline 0.001 -23"><span class='ocrx_word' id='word_1_154' title='bbox 323 1889 562 1953; x_wconf 88' lang='lat' dir='ltr'>duntur</span> <span class='ocrx_word' id='word_1_155' title='bbox 595 1891 805 1955; x_wconf 90' lang='lat' dir='ltr'>ablata</span> <span class='ocrx_word' id='word_1_156' title='bbox 839 1893 1270 1975; x_wconf 85' lang='lat' dir='ltr'>prohibitione.</span> <span class='ocrx_word' id='word_1_157' title='bbox 1299 1892 1575 1957; x_wconf 87' lang='lat' dir='ltr'>Secundo</span> <span class='ocrx_word' id='word_1_158' title='bbox 1609 1891 2054 1956; x_wconf 86' lang='lat' dir='ltr'>advertendum</span> <span class='ocrx_word' id='word_1_159' title='bbox 2093 1891 2204 1966; x_wconf 80' lang='lat' dir='ltr'>est,</span> <span class='ocrx_word' id='word_1_160' title='bbox 2243 1911 2318 1954; x_wconf 88' lang='lat' dir='ltr'>an</span> <span class='ocrx_word' id='word_1_161' title='bbox 2350 1890 2456 1953; x_wconf 88' lang='lat' dir='ltr'>illc</span> <span class='ocrx_word' id='word_1_162' title='bbox 2488 1891 2665 1953; x_wconf 87' lang='lat' dir='ltr'>actus</span> <span class='ocrx_word' id='word_1_163' title='bbox 2695 1890 2793 1954; x_wconf 88' lang='lat' dir='ltr'>vel</span> 
     </span>
     <span class='ocr_line' id='line_1_17' title="bbox 322 1991 2793 2078; baseline 0.001 -25"><span class='ocrx_word' id='word_1_164' title='bbox 322 1991 652 2057; x_wconf 89' lang='lat' dir='ltr'>delectatio</span> <span class='ocrx_word' id='word_1_165' title='bbox 691 2011 799 2076; x_wconf 89' lang='lat' dir='ltr'>per</span> <span class='ocrx_word' id='word_1_166' title='bbox 830 2014 893 2057; x_wconf 91' lang='lat' dir='ltr'>se</span> <span class='ocrx_word' id='word_1_167' title='bbox 925 1995 1008 2057; x_wconf 88' lang='lat' dir='ltr'>sit</span> <span class='ocrx_word' id='word_1_168' title='bbox 1039 2014 1229 2078; x_wconf 81' lang='lat' dir='ltr'>capax</span> <span class='ocrx_word' id='word_1_169' title='bbox 1265 1996 1526 2059; x_wconf 87' lang='lat' dir='ltr'>alicuius</span> <span class='ocrx_word' id='word_1_170' title='bbox 1560 1995 1804 2060; x_wconf 85' lang='lat' dir='ltr'>honesti</span> <span class='ocrx_word' id='word_1_171' title='bbox 1837 1993 2078 2068; x_wconf 79' lang='lat' dir='ltr'>motivi,</span> <span class='ocrx_word' id='word_1_172' title='bbox 2113 1993 2261 2057; x_wconf 91' lang='lat' dir='ltr'>licet</span> <span class='ocrx_word' id='word_1_173' title='bbox 2295 1993 2560 2057; x_wconf 86' lang='lat' dir='ltr'>fortasse</span> <span class='ocrx_word' id='word_1_174' title='bbox 2598 1992 2698 2056; x_wconf 89' lang='lat' dir='ltr'>hic</span> <span class='ocrx_word' id='word_1_175' title='bbox 2727 1993 2793 2056; x_wconf 86' lang='lat' dir='ltr'>et</span> 
     </span>
     <span class='ocr_line' id='line_1_18' title="bbox 323 2094 2790 2179; baseline 0 -24"><span class='ocrx_word' id='word_1_176' title='bbox 323 2112 480 2157; x_wconf 90' lang='lat' dir='ltr'>nunc</span> <span class='ocrx_word' id='word_1_177' title='bbox 511 2094 820 2178; x_wconf 83' lang='lat' dir='ltr'>cogitanti</span> <span class='ocrx_word' id='word_1_178' title='bbox 852 2114 972 2159; x_wconf 91' lang='lat' dir='ltr'>non</span> <span class='ocrx_word' id='word_1_179' title='bbox 1004 2096 1189 2160; x_wconf 89' lang='lat' dir='ltr'>liceat</span> <span class='ocrx_word' id='word_1_180' title='bbox 1221 2098 1281 2160; x_wconf 90' lang='lat' dir='ltr'>in</span> <span class='ocrx_word' id='word_1_181' title='bbox 1316 2097 1432 2161; x_wconf 89' lang='lat' dir='ltr'>tali</span> <span class='ocrx_word' id='word_1_182' title='bbox 1464 2097 1747 2173; x_wconf 89' lang='lat' dir='ltr'>matoria,</span> <span class='ocrx_word' id='word_1_183' title='bbox 1775 2100 1850 2160; x_wconf 90' lang='lat' dir='ltr'>ut</span> <span class='ocrx_word' id='word_1_184' title='bbox 1873 2096 2189 2179; x_wconf 88' lang='lat' dir='ltr'>Religioso</span> <span class='ocrx_word' id='word_1_185' title='bbox 2223 2114 2343 2159; x_wconf 89' lang='lat' dir='ltr'>non</span> <span class='ocrx_word' id='word_1_186' title='bbox 2371 2095 2516 2157; x_wconf 91' lang='lat' dir='ltr'>licet</span> <span class='ocrx_word' id='word_1_187' title='bbox 2546 2094 2790 2176; x_wconf 90' lang='lat' dir='ltr'>dispen-</span> 
     </span>
     <span class='ocr_line' id='line_1_19' title="bbox 322 2195 2788 2284; baseline 0 -27"><span class='ocrx_word' id='word_1_188' title='bbox 322 2213 451 2258; x_wconf 88' lang='lat' dir='ltr'>sare</span> <span class='ocrx_word' id='word_1_189' title='bbox 497 2197 857 2279; x_wconf 81' lang='lat' dir='ltr'>pecuniam3</span> <span class='ocrx_word' id='word_1_190' title='bbox 902 2200 1109 2262; x_wconf 89' lang='lat' dir='ltr'>tamen</span> <span class='ocrx_word' id='word_1_191' title='bbox 1147 2200 1198 2262; x_wconf 91' lang='lat' dir='ltr'>si</span> <span class='ocrx_word' id='word_1_192' title='bbox 1247 2199 1337 2263; x_wconf 87' lang='lat' dir='ltr'>ita</span> <span class='ocrx_word' id='word_1_193' title='bbox 1385 2200 1724 2284; x_wconf 85' lang='lat' dir='ltr'>cogitaret:</span> <span class='ocrx_word' id='word_1_194' title='bbox 1759 2200 1820 2262; x_wconf 78' lang='lat' dir='ltr'>si</span> <span class='ocrx_word' id='word_1_195' title='bbox 1865 2198 2081 2262; x_wconf 75' lang='lat' dir='ltr'>liceret</span> <span class='ocrx_word' id='word_1_196' title='bbox 2123 2203 2185 2260; x_wconf 82' lang='lat' dir='ltr'>et</span> <span class='ocrx_word' id='word_1_197' title='bbox 2226 2196 2533 2270; x_wconf 77' lang='lat' dir='ltr'>haberem,</span> <span class='ocrx_word' id='word_1_198' title='bbox 2573 2195 2788 2259; x_wconf 82' lang='lat' dir='ltr'>darem</span> 
     </span>
     <span class='ocr_line' id='line_1_20' title="bbox 310 2297 2785 2384; baseline 0.002 -26"><span class='ocrx_word' id='word_1_199' title='bbox 310 2297 716 2377; x_wconf 77' lang='lat' dir='ltr'>pauperibus,</span> <span class='ocrx_word' id='word_1_200' title='bbox 752 2300 814 2363; x_wconf 92' lang='lat' dir='ltr'>et</span> <span class='ocrx_word' id='word_1_201' title='bbox 851 2299 915 2363; x_wconf 91' lang='lat' dir='ltr'>in</span> <span class='ocrx_word' id='word_1_202' title='bbox 940 2301 1056 2365; x_wconf 90' lang='lat' dir='ltr'>hoc</span> <span class='ocrx_word' id='word_1_203' title='bbox 1093 2300 1523 2374; x_wconf 76' lang='lat' dir='ltr'>delectaretur,</span> <span class='ocrx_word' id='word_1_204' title='bbox 1557 2321 1680 2366; x_wconf 90' lang='lat' dir='ltr'>non</span> <span class='ocrx_word' id='word_1_205' title='bbox 1718 2304 2016 2384; x_wconf 85' lang='lat' dir='ltr'>peccaret,</span> <span class='ocrx_word' id='word_1_206' title='bbox 2049 2301 2177 2364; x_wconf 91' lang='lat' dir='ltr'>imo</span> <span class='ocrx_word' id='word_1_207' title='bbox 2223 2299 2385 2364; x_wconf 89' lang='lat' dir='ltr'>forte</span> <span class='ocrx_word' id='word_1_208' title='bbox 2413 2300 2785 2376; x_wconf 76' lang='lat' dir='ltr'>mereretur-3</span> 
     </span>
     <span class='ocr_line' id='line_1_21' title="bbox 320 2397 2785 2487; baseline 0.001 -24"><span class='ocrx_word' id='word_1_209' title='bbox 320 2401 461 2480; x_wconf 92' lang='lat' dir='ltr'>quia</span> <span class='ocrx_word' id='word_1_210' title='bbox 507 2402 649 2465; x_wconf 88' lang='lat' dir='ltr'>tota</span> <span class='ocrx_word' id='word_1_211' title='bbox 680 2401 791 2465; x_wconf 84' lang='lat' dir='ltr'>illa</span> <span class='ocrx_word' id='word_1_212' title='bbox 825 2402 1153 2468; x_wconf 87' lang='lat' dir='ltr'>delectatio</span> <span class='ocrx_word' id='word_1_213' title='bbox 1186 2404 1462 2487; x_wconf 86' lang='lat' dir='ltr'>procedit</span> <span class='ocrx_word' id='word_1_214' title='bbox 1493 2424 1565 2468; x_wconf 79' lang='lat' dir='ltr'>ex</span> <span class='ocrx_word' id='word_1_215' title='bbox 1602 2397 1841 2470; x_wconf 83' lang='lat' dir='ltr'>motivo</span> <span class='ocrx_word' id='word_1_216' title='bbox 1880 2402 2354 2478; x_wconf 81' lang='lat' dir='ltr'>misericordiae,</span> <span class='ocrx_word' id='word_1_217' title='bbox 2389 2400 2553 2483; x_wconf 88' lang='lat' dir='ltr'>quod</span> <span class='ocrx_word' id='word_1_218' title='bbox 2584 2421 2693 2484; x_wconf 90' lang='lat' dir='ltr'>per</span> <span class='ocrx_word' id='word_1_219' title='bbox 2721 2420 2785 2466; x_wconf 89' lang='lat' dir='ltr'>se</span> 
     </span>
     <span class='ocr_line' id='line_1_22' title="bbox 321 2503 2784 2590; baseline 0 -22"><span class='ocrx_word' id='word_1_220' title='bbox 321 2503 411 2568; x_wconf 76' lang='lat' dir='ltr'>est</span> <span class='ocrx_word' id='word_1_221' title='bbox 439 2503 772 2568; x_wconf 90' lang='lat' dir='ltr'>honestum</span> <span class='ocrx_word' id='word_1_222' title='bbox 806 2508 868 2569; x_wconf 91' lang='lat' dir='ltr'>et</span> <span class='ocrx_word' id='word_1_223' title='bbox 899 2505 1143 2570; x_wconf 87' lang='lat' dir='ltr'>licitum</span> <span class='ocrx_word' id='word_1_224' title='bbox 1175 2508 1238 2570; x_wconf 90' lang='lat' dir='ltr'>et</span> <span class='ocrx_word' id='word_1_225' title='bbox 1271 2527 1375 2590; x_wconf 90' lang='lat' dir='ltr'>per</span> <span class='ocrx_word' id='word_1_226' title='bbox 1414 2507 1691 2571; x_wconf 88' lang='lat' dir='ltr'>accidens</span> <span class='ocrx_word' id='word_1_227' title='bbox 1725 2507 1840 2585; x_wconf 90' lang='lat' dir='ltr'>est,</span> <span class='ocrx_word' id='word_1_228' title='bbox 1869 2507 2035 2590; x_wconf 88' lang='lat' dir='ltr'>quod</span> <span class='ocrx_word' id='word_1_229' title='bbox 2072 2505 2450 2590; x_wconf 90' lang='lat' dir='ltr'>applicatum</span> <span class='ocrx_word' id='word_1_230' title='bbox 2486 2503 2562 2567; x_wconf 89' lang='lat' dir='ltr'>ad</span> <span class='ocrx_word' id='word_1_231' title='bbox 2593 2504 2784 2568; x_wconf 87' lang='lat' dir='ltr'>talem</span> 
     </span>
     <span class='ocr_line' id='line_1_23' title="bbox 322 2607 2784 2692; baseline 0.002 -23"><span class='ocrx_word' id='word_1_232' title='bbox 322 2607 644 2671; x_wconf 85' lang='lat' dir='ltr'>materiam</span> <span class='ocrx_word' id='word_1_233' title='bbox 690 2626 813 2672; x_wconf 92' lang='lat' dir='ltr'>non</span> <span class='ocrx_word' id='word_1_234' title='bbox 859 2609 1045 2673; x_wconf 87' lang='lat' dir='ltr'>liceat</span> <span class='ocrx_word' id='word_1_235' title='bbox 1076 2609 1219 2673; x_wconf 88' lang='lat' dir='ltr'>huic</span> <span class='ocrx_word' id='word_1_236' title='bbox 1253 2630 1579 2692; x_wconf 86' lang='lat' dir='ltr'>personae:</span> <span class='ocrx_word' id='word_1_237' title='bbox 1616 2630 1792 2675; x_wconf 88' lang='lat' dir='ltr'>secus</span> <span class='ocrx_word' id='word_1_238' title='bbox 1834 2629 1979 2675; x_wconf 83' lang='lat' dir='ltr'>vero</span> <span class='ocrx_word' id='word_1_239' title='bbox 2027 2611 2141 2685; x_wconf 85' lang='lat' dir='ltr'>est,</span> <span class='ocrx_word' id='word_1_240' title='bbox 2181 2608 2427 2691; x_wconf 89' lang='lat' dir='ltr'>quando</span> <span class='ocrx_word' id='word_1_241' title='bbox 2474 2608 2784 2673; x_wconf 83' lang='lat' dir='ltr'>motivum</span> 
     </span>
     <span class='ocr_line' id='line_1_24' title="bbox 322 2708 1166 2793; baseline 0.007 -23"><span class='ocrx_word' id='word_1_242' title='bbox 322 2708 411 2770; x_wconf 89' lang='lat' dir='ltr'>est</span> <span class='ocrx_word' id='word_1_243' title='bbox 439 2729 546 2793; x_wconf 89' lang='lat' dir='ltr'>per</span> <span class='ocrx_word' id='word_1_244' title='bbox 577 2728 645 2773; x_wconf 89' lang='lat' dir='ltr'>se</span> <span class='ocrx_word' id='word_1_245' title='bbox 673 2709 1073 2775; x_wconf 87' lang='lat' dir='ltr'>inhonestum</span> <span class='ocrx_word' id='word_1_246' title='bbox 1105 2737 1166 2776; x_wconf 83' lang='lat'>».</span> 
     </span>
    </p>

    <p class='ocr_par' dir='ltr' id='par_1_5' title="bbox 310 2806 2782 4640">
     <span class='ocr_line' id='line_1_25' title="bbox 403 2806 2782 2898; baseline 0.002 -24"><span class='ocrx_word' id='word_1_247' title='bbox 403 2806 576 2882; x_wconf 83' lang='grc'><strong>530.</strong></span> <span class='ocrx_word' id='word_1_248' title='bbox 620 2811 783 2875; x_wconf 87' lang='lat' dir='ltr'>Hinc</span> <span class='ocrx_word' id='word_1_249' title='bbox 814 2812 925 2876; x_wconf 89' lang='lat' dir='ltr'>illa</span> <span class='ocrx_word' id='word_1_250' title='bbox 962 2811 1230 2879; x_wconf 89' lang='lat' dir='ltr'>Sanchez</span> <span class='ocrx_word' id='word_1_251' title='bbox 1262 2815 1369 2879; x_wconf 92' lang='lat' dir='ltr'>lib.</span> <span class='ocrx_word' id='word_1_252' title='bbox 1409 2816 1466 2879; x_wconf 90' lang='lat'>1.</span> <span class='ocrx_word' id='word_1_253' title='bbox 1499 2835 1631 2898; x_wconf 89' lang='lat' dir='ltr'>cap.</span> <span class='ocrx_word' id='word_1_254' title='bbox 1674 2817 1732 2878; x_wconf 82' lang='lat'>2.</span> <span class='ocrx_word' id='word_1_255' title='bbox 1775 2836 1836 2878; x_wconf 88' lang='lat' dir='ltr'>n.</span> <span class='ocrx_word' id='word_1_256' title='bbox 1871 2814 2008 2878; x_wconf 83' lang='lat'>35.:</span> <span class='ocrx_word' id='word_1_257' title='bbox 2044 2836 2078 2870; x_wconf 82' lang='lat'><strong>«</strong></span> <span class='ocrx_word' id='word_1_258' title='bbox 2111 2810 2176 2877; x_wconf 90' lang='lat' dir='ltr'>Si</span> <span class='ocrx_word' id='word_1_259' title='bbox 2213 2813 2411 2877; x_wconf 90' lang='lat' dir='ltr'>laicus</span> <span class='ocrx_word' id='word_1_260' title='bbox 2459 2832 2524 2877; x_wconf 87' lang='lat' dir='ltr'>se</span> <span class='ocrx_word' id='word_1_261' title='bbox 2572 2834 2782 2897; x_wconf 89' lang='lat' dir='ltr'>appre-</span> 
     </span>
     <span class='ocr_line' id='line_1_26' title="bbox 318 2911 2781 2983; baseline 0.001 -7"><span class='ocrx_word' id='word_1_262' title='bbox 318 2911 540 2977; x_wconf 88' lang='lat' dir='ltr'>hendat</span> <span class='ocrx_word' id='word_1_263' title='bbox 561 2915 944 2979; x_wconf 85' lang='lat' dir='ltr'>sacerdotem</span> <span class='ocrx_word' id='word_1_264' title='bbox 984 2935 1054 2980; x_wconf 89' lang='lat' dir='ltr'>ac</span> <span class='ocrx_word' id='word_1_265' title='bbox 1087 2918 1531 2982; x_wconf 89' lang='lat' dir='ltr'>audiendarum</span> <span class='ocrx_word' id='word_1_266' title='bbox 1564 2918 2019 2983; x_wconf 89' lang='lat' dir='ltr'>confessionum</span> <span class='ocrx_word' id='word_1_267' title='bbox 2044 2916 2534 2980; x_wconf 82' lang='lat' dir='ltr'>iurisdictionem</span> <span class='ocrx_word' id='word_1_268' title='bbox 2559 2917 2781 2980; x_wconf 89' lang='lat' dir='ltr'>haben-</span> 
     </span>
     <span class='ocr_line' id='line_1_27' title="bbox 320 3016 2778 3102; baseline 0 -23"><span class='ocrx_word' id='word_1_269' title='bbox 320 3016 438 3080; x_wconf 84' lang='lat' dir='ltr'>tem</span> <span class='ocrx_word' id='word_1_270' title='bbox 497 3035 850 3102; x_wconf 89' lang='lat' dir='ltr'>magnoque</span> <span class='ocrx_word' id='word_1_271' title='bbox 904 3018 1141 3083; x_wconf 81' lang='lat' dir='ltr'>fervore</span> <span class='ocrx_word' id='word_1_272' title='bbox 1196 3020 1607 3086; x_wconf 87' lang='lat' dir='ltr'>confessiones</span> <span class='ocrx_word' id='word_1_273' title='bbox 1671 3020 2089 3102; x_wconf 81' lang='lat' dir='ltr'>excipientem,</span> <span class='ocrx_word' id='word_1_274' title='bbox 2140 3021 2253 3081; x_wconf 91' lang='lat' dir='ltr'>aut</span> <span class='ocrx_word' id='word_1_275' title='bbox 2298 3038 2362 3080; x_wconf 90' lang='lat' dir='ltr'>se</span> <span class='ocrx_word' id='word_1_276' title='bbox 2418 3038 2489 3080; x_wconf 85' lang='lat' dir='ltr'>ex</span> <span class='ocrx_word' id='word_1_277' title='bbox 2544 3018 2778 3081; x_wconf 91' lang='lat' dir='ltr'>domini</span> 
     </span>
     <span class='ocr_line' id='line_1_28' title="bbox 318 3117 2777 3205; baseline 0.001 -24"><span class='ocrx_word' id='word_1_278' title='bbox 318 3117 557 3184; x_wconf 89' lang='lat' dir='ltr'>licentia</span> <span class='ocrx_word' id='word_1_279' title='bbox 597 3139 993 3185; x_wconf 87' lang='lat' dir='ltr'>numerosam</span> <span class='ocrx_word' id='word_1_280' title='bbox 1029 3124 1354 3205; x_wconf 89' lang='lat' dir='ltr'>pecuniam</span> <span class='ocrx_word' id='word_1_281' title='bbox 1393 3122 1852 3205; x_wconf 79' lang='lat' dir='ltr'>expendentem,</span> <span class='ocrx_word' id='word_1_282' title='bbox 1889 3122 2002 3184; x_wconf 87' lang='lat' dir='ltr'>aut</span> <span class='ocrx_word' id='word_1_283' title='bbox 2037 3139 2101 3183; x_wconf 90' lang='lat' dir='ltr'>se</span> <span class='ocrx_word' id='word_1_284' title='bbox 2141 3120 2406 3182; x_wconf 90' lang='lat' dir='ltr'>iudicem</span> <span class='ocrx_word' id='word_1_285' title='bbox 2439 3119 2777 3183; x_wconf 84' lang='lat' dir='ltr'>rectissime</span> 
     </span>
     <span class='ocr_line' id='line_1_29' title="bbox 319 3220 2779 3301; baseline -0.001 -17"><span class='ocrx_word' id='word_1_286' title='bbox 319 3240 536 3286; x_wconf 88' lang='lat' dir='ltr'>munus</span> <span class='ocrx_word' id='word_1_287' title='bbox 581 3242 767 3287; x_wconf 77' lang='lat' dir='ltr'>suurn</span> <span class='ocrx_word' id='word_1_288' title='bbox 807 3224 1137 3288; x_wconf 90' lang='lat' dir='ltr'>obeuntem</span> <span class='ocrx_word' id='word_1_289' title='bbox 1184 3243 1255 3287; x_wconf 89' lang='lat' dir='ltr'>ac</span> <span class='ocrx_word' id='word_1_290' title='bbox 1301 3223 1373 3287; x_wconf 91' lang='lat' dir='ltr'>de</span> <span class='ocrx_word' id='word_1_291' title='bbox 1420 3223 1926 3287; x_wconf 86' lang='lat' dir='ltr'>malefactoribus</span> <span class='ocrx_word' id='word_1_292' title='bbox 1973 3220 2351 3285; x_wconf 88' lang='lat' dir='ltr'>iustissimas</span> <span class='ocrx_word' id='word_1_293' title='bbox 2405 3239 2631 3301; x_wconf 87' lang='lat' dir='ltr'>poenas</span> <span class='ocrx_word' id='word_1_294' title='bbox 2677 3240 2779 3283; x_wconf 89' lang='lat' dir='ltr'>su-</span> 
     </span>
     <span class='ocr_line' id='line_1_30' title="bbox 320 3322 2778 3407; baseline 0 -21"><span class='ocrx_word' id='word_1_295' title='bbox 320 3325 677 3401; x_wconf 78' lang='lat' dir='ltr'>mentem...;</span> <span class='ocrx_word' id='word_1_296' title='bbox 704 3325 1028 3391; x_wconf 90' lang='lat' dir='ltr'>dicendum</span> <span class='ocrx_word' id='word_1_297' title='bbox 1062 3328 1174 3399; x_wconf 88' lang='lat' dir='ltr'>est,</span> <span class='ocrx_word' id='word_1_298' title='bbox 1201 3326 1395 3389; x_wconf 88' lang='lat' dir='ltr'>talem</span> <span class='ocrx_word' id='word_1_299' title='bbox 1419 3325 1894 3389; x_wconf 86' lang='lat' dir='ltr'>delectationem</span> <span class='ocrx_word' id='word_1_300' title='bbox 1925 3323 2116 3388; x_wconf 86' lang='lat' dir='ltr'>etiam</span> <span class='ocrx_word' id='word_1_301' title='bbox 2148 3323 2463 3407; x_wconf 82' lang='lat' dir='ltr'>appetitus</span> <span class='ocrx_word' id='word_1_302' title='bbox 2496 3322 2778 3386; x_wconf 88' lang='lat' dir='ltr'>sensitivi</span> 
     </span>
     <span class='ocr_line' id='line_1_31' title="bbox 318 3426 2777 3511; baseline 0.001 -24"><span class='ocrx_word' id='word_1_303' title='bbox 318 3444 528 3490; x_wconf 87' lang='lat' dir='ltr'>vacare</span> <span class='ocrx_word' id='word_1_304' title='bbox 558 3427 804 3511; x_wconf 87' lang='lat' dir='ltr'>culpa...</span> <span class='ocrx_word' id='word_1_305' title='bbox 845 3429 1055 3501; x_wconf 84' lang='lat' dir='ltr'>Ratio,</span> <span class='ocrx_word' id='word_1_306' title='bbox 1095 3428 1243 3509; x_wconf 88' lang='lat' dir='ltr'>quia</span> <span class='ocrx_word' id='word_1_307' title='bbox 1281 3429 1427 3492; x_wconf 83' lang='lat' dir='ltr'>sunt</span> <span class='ocrx_word' id='word_1_308' title='bbox 1474 3428 1780 3509; x_wconf 88' lang='lat' dir='ltr'>quaedam</span> <span class='ocrx_word' id='word_1_309' title='bbox 1828 3447 1901 3491; x_wconf 77' lang='lat' dir='ltr'>ex</span> <span class='ocrx_word' id='word_1_310' title='bbox 1946 3446 2009 3491; x_wconf 91' lang='lat' dir='ltr'>se</span> <span class='ocrx_word' id='word_1_311' title='bbox 2056 3427 2119 3490; x_wconf 89' lang='lat' dir='ltr'>et</span> <span class='ocrx_word' id='word_1_312' title='bbox 2151 3447 2228 3489; x_wconf 70' lang='lat' dir='ltr'>ea:</span> <span class='ocrx_word' id='word_1_313' title='bbox 2258 3446 2377 3490; x_wconf 77' lang='lat' dir='ltr'>sua</span> <span class='ocrx_word' id='word_1_314' title='bbox 2412 3426 2657 3490; x_wconf 73' lang='lat' dir='ltr'>ratione</span> <span class='ocrx_word' id='word_1_315' title='bbox 2687 3446 2777 3491; x_wconf 82' lang='lat' dir='ltr'>se-</span> 
     </span>
     <span class='ocr_line' id='line_1_32' title="bbox 314 3527 2772 3612; baseline 0.002 -23"><span class='ocrx_word' id='word_1_316' title='bbox 314 3527 577 3591; x_wconf 80' lang='lat' dir='ltr'>cundum</span> <span class='ocrx_word' id='word_1_317' title='bbox 630 3550 819 3611; x_wconf 81' lang='lat' dir='ltr'>quam</span> <span class='ocrx_word' id='word_1_318' title='bbox 879 3528 1204 3603; x_wconf 76' lang='lat' dir='ltr'>delectant,</span> <span class='ocrx_word' id='word_1_319' title='bbox 1252 3529 1637 3611; x_wconf 87' lang='lat' dir='ltr'>implicantia</span> <span class='ocrx_word' id='word_1_320' title='bbox 1693 3529 2153 3594; x_wconf 85' lang='lat' dir='ltr'>deformitatem</span> <span class='ocrx_word' id='word_1_321' title='bbox 2206 3530 2270 3593; x_wconf 87' lang='lat' dir='ltr'>et</span> <span class='ocrx_word' id='word_1_322' title='bbox 2323 3528 2772 3612; x_wconf 89' lang='lat' dir='ltr'>turpitudinem</span> 
     </span>
     <span class='ocr_line' id='line_1_33' title="bbox 315 3631 2770 3715; baseline 0.001 -22"><span class='ocrx_word' id='word_1_323' title='bbox 315 3631 637 3711; x_wconf 85' lang='lat' dir='ltr'>quandam,</span> <span class='ocrx_word' id='word_1_324' title='bbox 674 3651 831 3713; x_wconf 88' lang='lat' dir='ltr'>quae</span> <span class='ocrx_word' id='word_1_325' title='bbox 864 3635 1072 3697; x_wconf 88' lang='lat' dir='ltr'>tamen</span> <span class='ocrx_word' id='word_1_326' title='bbox 1110 3632 1350 3696; x_wconf 89' lang='lat' dir='ltr'>ratione</span> <span class='ocrx_word' id='word_1_327' title='bbox 1383 3632 1752 3697; x_wconf 87' lang='lat' dir='ltr'>conditionis</span> <span class='ocrx_word' id='word_1_328' title='bbox 1803 3631 2128 3696; x_wconf 84' lang='lat' dir='ltr'>adiunctae</span> <span class='ocrx_word' id='word_1_329' title='bbox 2166 3635 2427 3715; x_wconf 84' lang='lat' dir='ltr'>possunt</span> <span class='ocrx_word' id='word_1_330' title='bbox 2458 3632 2770 3696; x_wconf 82' lang='lat' dir='ltr'>excusari:</span> 
     </span>
     <span class='ocr_line' id='line_1_34' title="bbox 313 3734 2769 3819; baseline 0 -22"><span class='ocrx_word' id='word_1_331' title='bbox 313 3751 495 3813; x_wconf 84' lang='lat' dir='ltr'>quare</span> <span class='ocrx_word' id='word_1_332' title='bbox 526 3735 580 3799; x_wconf 92' lang='lat' dir='ltr'>si</span> <span class='ocrx_word' id='word_1_333' title='bbox 619 3734 890 3800; x_wconf 88' lang='lat' dir='ltr'>conditio</span> <span class='ocrx_word' id='word_1_334' title='bbox 923 3735 1057 3818; x_wconf 89' lang='lat' dir='ltr'>ipsa</span> <span class='ocrx_word' id='word_1_335' title='bbox 1089 3755 1154 3798; x_wconf 86' lang='lat' dir='ltr'>re</span> <span class='ocrx_word' id='word_1_336' title='bbox 1186 3754 1309 3799; x_wconf 89' lang='lat' dir='ltr'>non</span> <span class='ocrx_word' id='word_1_337' title='bbox 1344 3735 1621 3812; x_wconf 85' lang='lat' dir='ltr'>exsistat,</span> <span class='ocrx_word' id='word_1_338' title='bbox 1651 3736 1829 3800; x_wconf 86' lang='lat' dir='ltr'>actus</span> <span class='ocrx_word' id='word_1_339' title='bbox 1857 3756 1962 3819; x_wconf 90' lang='lat' dir='ltr'>per</span> <span class='ocrx_word' id='word_1_340' title='bbox 2008 3756 2072 3800; x_wconf 90' lang='lat' dir='ltr'>se</span> <span class='ocrx_word' id='word_1_341' title='bbox 2104 3738 2199 3800; x_wconf 87' lang='lat' dir='ltr'>est</span> <span class='ocrx_word' id='word_1_342' title='bbox 2232 3736 2451 3818; x_wconf 86' lang='lat' dir='ltr'>turpis,</span> <span class='ocrx_word' id='word_1_343' title='bbox 2486 3738 2559 3796; x_wconf 90' lang='lat' dir='ltr'>ut</span> <span class='ocrx_word' id='word_1_344' title='bbox 2594 3756 2647 3797; x_wconf 90' lang='lat' dir='ltr'>v.</span> <span class='ocrx_word' id='word_1_345' title='bbox 2675 3755 2769 3818; x_wconf 89' lang='lat' dir='ltr'>gr.</span> 
     </span>
     <span class='ocr_line' id='line_1_35' title="bbox 315 3837 2772 3919; baseline 0.001 -20"><span class='ocrx_word' id='word_1_346' title='bbox 315 3837 483 3902; x_wconf 87' lang='lat' dir='ltr'>actus</span> <span class='ocrx_word' id='word_1_347' title='bbox 528 3858 842 3914; x_wconf 76' lang='lat' dir='ltr'>venereuS,</span> <span class='ocrx_word' id='word_1_348' title='bbox 883 3859 955 3903; x_wconf 80' lang='lat' dir='ltr'>ex</span> <span class='ocrx_word' id='word_1_349' title='bbox 1001 3840 1178 3903; x_wconf 89' lang='lat' dir='ltr'>cuius</span> <span class='ocrx_word' id='word_1_350' title='bbox 1225 3839 1465 3903; x_wconf 85' lang='lat' dir='ltr'>ratione</span> <span class='ocrx_word' id='word_1_351' title='bbox 1506 3841 1705 3905; x_wconf 88' lang='lat' dir='ltr'>oritur</span> <span class='ocrx_word' id='word_1_352' title='bbox 1741 3840 2157 3905; x_wconf 86' lang='lat' dir='ltr'>deformitatis</span> <span class='ocrx_word' id='word_1_353' title='bbox 2204 3840 2387 3913; x_wconf 90' lang='lat' dir='ltr'>ratio,</span> <span class='ocrx_word' id='word_1_354' title='bbox 2428 3839 2546 3901; x_wconf 87' lang='lat' dir='ltr'>nisi</span> <span class='ocrx_word' id='word_1_355' title='bbox 2585 3839 2772 3919; x_wconf 89' lang='lat' dir='ltr'>impe-</span> 
     </span>
     <span class='ocr_line' id='line_1_36' title="bbox 313 3936 2770 4023; baseline 0.002 -25"><span class='ocrx_word' id='word_1_356' title='bbox 313 3936 515 4003; x_wconf 82' lang='lat' dir='ltr'>diatur</span> <span class='ocrx_word' id='word_1_357' title='bbox 549 3960 658 4023; x_wconf 89' lang='lat' dir='ltr'>per</span> <span class='ocrx_word' id='word_1_358' title='bbox 689 3941 1103 4006; x_wconf 89' lang='lat' dir='ltr'>conditionem</span> <span class='ocrx_word' id='word_1_359' title='bbox 1139 3941 1414 4023; x_wconf 86' lang='lat' dir='ltr'>coniugii</span> <span class='ocrx_word' id='word_1_360' title='bbox 1445 3942 1591 4006; x_wconf 85' lang='lat' dir='ltr'>actu</span> <span class='ocrx_word' id='word_1_361' title='bbox 1622 3942 2038 4006; x_wconf 84' lang='lat' dir='ltr'>exsistentem.</span> <span class='ocrx_word' id='word_1_362' title='bbox 2060 3940 2292 4003; x_wconf 88' lang='lat' dir='ltr'>Similis</span> <span class='ocrx_word' id='word_1_363' title='bbox 2329 3939 2590 4003; x_wconf 88' lang='lat' dir='ltr'>rationis</span> <span class='ocrx_word' id='word_1_364' title='bbox 2623 3941 2770 4004; x_wconf 87' lang='lat' dir='ltr'>sunt</span> 
     </span>
     <span class='ocr_line' id='line_1_37' title="bbox 314 4040 2770 4126; baseline 0 -23"><span class='ocrx_word' id='word_1_365' title='bbox 314 4040 481 4105; x_wconf 85' lang='lat' dir='ltr'>actus</span> <span class='ocrx_word' id='word_1_366' title='bbox 518 4042 847 4119; x_wconf 83' lang='lat' dir='ltr'>vindictae,</span> <span class='ocrx_word' id='word_1_367' title='bbox 882 4043 1033 4106; x_wconf 87' lang='lat' dir='ltr'>furti</span> <span class='ocrx_word' id='word_1_368' title='bbox 1071 4043 1135 4107; x_wconf 89' lang='lat' dir='ltr'>et</span> <span class='ocrx_word' id='word_1_369' title='bbox 1167 4043 1275 4106; x_wconf 82' lang='lat' dir='ltr'>alii</span> <span class='ocrx_word' id='word_1_370' title='bbox 1310 4043 1374 4107; x_wconf 91' lang='lat' dir='ltr'>in</span> <span class='ocrx_word' id='word_1_371' title='bbox 1422 4044 1770 4126; x_wconf 87' lang='lat' dir='ltr'>semetipsis</span> <span class='ocrx_word' id='word_1_372' title='bbox 1809 4044 2206 4107; x_wconf 87' lang='lat' dir='ltr'>intrinsecam</span> <span class='ocrx_word' id='word_1_373' title='bbox 2236 4040 2546 4104; x_wconf 89' lang='lat' dir='ltr'>malitiam</span> <span class='ocrx_word' id='word_1_374' title='bbox 2593 4041 2770 4104; x_wconf 90' lang='lat' dir='ltr'>imbi-</span> 
     </span>
     <span class='ocr_line' id='line_1_38' title="bbox 314 4141 2762 4229; baseline 0.003 -27"><span class='ocrx_word' id='word_1_375' title='bbox 314 4141 502 4207; x_wconf 89' lang='lat' dir='ltr'>bitam</span> <span class='ocrx_word' id='word_1_376' title='bbox 525 4144 856 4209; x_wconf 85' lang='lat' dir='ltr'>habentes:</span> <span class='ocrx_word' id='word_1_377' title='bbox 886 4145 1091 4227; x_wconf 89' lang='lat' dir='ltr'>aliqua</span> <span class='ocrx_word' id='word_1_378' title='bbox 1125 4145 1199 4209; x_wconf 90' lang='lat' dir='ltr'>de</span> <span class='ocrx_word' id='word_1_379' title='bbox 1230 4146 1327 4210; x_wconf 90' lang='lat' dir='ltr'>his</span> <span class='ocrx_word' id='word_1_380' title='bbox 1354 4146 1646 4210; x_wconf 88' lang='lat' dir='ltr'>delectari</span> <span class='ocrx_word' id='word_1_381' title='bbox 1678 4146 2086 4210; x_wconf 89' lang='lat' dir='ltr'>delectatione</span> <span class='ocrx_word' id='word_1_382' title='bbox 2120 4144 2432 4229; x_wconf 81' lang='lat' dir='ltr'>appetitus</span> <span class='ocrx_word' id='word_1_383' title='bbox 2464 4144 2762 4221; x_wconf 82' lang='lat' dir='ltr'>sensitivi,</span> 
     </span>
     <span class='ocr_line' id='line_1_39' title="bbox 312 4242 2767 4325; baseline 0.002 -20"><span class='ocrx_word' id='word_1_384' title='bbox 312 4242 453 4309; x_wconf 91' lang='lat' dir='ltr'>dum</span> <span class='ocrx_word' id='word_1_385' title='bbox 481 4246 756 4311; x_wconf 88' lang='lat' dir='ltr'>conditio</span> <span class='ocrx_word' id='word_1_386' title='bbox 787 4251 931 4310; x_wconf 72' lang='lat' dir='ltr'>actu</span> <span class='ocrx_word' id='word_1_387' title='bbox 976 4267 1097 4312; x_wconf 93' lang='lat' dir='ltr'>non</span> <span class='ocrx_word' id='word_1_388' title='bbox 1145 4248 1374 4325; x_wconf 90' lang='lat' dir='ltr'>subest,</span> <span class='ocrx_word' id='word_1_389' title='bbox 1412 4250 1507 4313; x_wconf 89' lang='lat' dir='ltr'>est</span> <span class='ocrx_word' id='word_1_390' title='bbox 1551 4250 1757 4325; x_wconf 89' lang='lat' dir='ltr'>letale,</span> <span class='ocrx_word' id='word_1_391' title='bbox 1799 4250 1853 4313; x_wconf 93' lang='lat' dir='ltr'>si</span> <span class='ocrx_word' id='word_1_392' title='bbox 1902 4248 2210 4312; x_wconf 89' lang='lat' dir='ltr'>obiectum</span> <span class='ocrx_word' id='word_1_393' title='bbox 2250 4247 2434 4311; x_wconf 85' lang='lat' dir='ltr'>letale</span> <span class='ocrx_word' id='word_1_394' title='bbox 2481 4248 2581 4311; x_wconf 91' lang='lat' dir='ltr'>sit.</span> <span class='ocrx_word' id='word_1_395' title='bbox 2622 4247 2767 4311; x_wconf 90' lang='lat' dir='ltr'>Alia</span> 
     </span>
     <span class='ocr_line' id='line_1_40' title="bbox 311 4349 2764 4434; baseline 0.004 -27"><span class='ocrx_word' id='word_1_396' title='bbox 311 4364 446 4410; x_wconf 90' lang='lat' dir='ltr'>vero</span> <span class='ocrx_word' id='word_1_397' title='bbox 479 4349 629 4412; x_wconf 89' lang='lat' dir='ltr'>sunt</span> <span class='ocrx_word' id='word_1_398' title='bbox 667 4368 774 4412; x_wconf 90' lang='lat' dir='ltr'>nec</span> <span class='ocrx_word' id='word_1_399' title='bbox 809 4349 1143 4413; x_wconf 89' lang='lat' dir='ltr'>secundum</span> <span class='ocrx_word' id='word_1_400' title='bbox 1174 4369 1239 4414; x_wconf 91' lang='lat' dir='ltr'>se</span> <span class='ocrx_word' id='word_1_401' title='bbox 1269 4371 1378 4414; x_wconf 91' lang='lat' dir='ltr'>nec</span> <span class='ocrx_word' id='word_1_402' title='bbox 1409 4355 1483 4414; x_wconf 78' lang='lat' dir='ltr'>ut</span> <span class='ocrx_word' id='word_1_403' title='bbox 1516 4350 1844 4425; x_wconf 78' lang='lat' dir='ltr'>delectant,</span> <span class='ocrx_word' id='word_1_404' title='bbox 1882 4350 2268 4434; x_wconf 85' lang='lat' dir='ltr'>implicantia</span> <span class='ocrx_word' id='word_1_405' title='bbox 2306 4350 2764 4415; x_wconf 86' lang='lat' dir='ltr'>deformitatem</span> 
     </span>
     <span class='ocr_line' id='line_1_41' title="bbox 310 4448 2765 4536; baseline 0.004 -28"><span class='ocrx_word' id='word_1_406' title='bbox 310 4450 369 4509; x_wconf 88' lang='lat' dir='ltr'>et</span> <span class='ocrx_word' id='word_1_407' title='bbox 391 4448 861 4532; x_wconf 74' lang='lat' dir='ltr'>turpitudinem‘,</span> <span class='ocrx_word' id='word_1_408' title='bbox 887 4450 992 4514; x_wconf 85' lang='lat' dir='ltr'>sed</span> <span class='ocrx_word' id='word_1_409' title='bbox 1023 4451 1087 4514; x_wconf 91' lang='lat' dir='ltr'>in</span> <span class='ocrx_word' id='word_1_410' title='bbox 1119 4451 1351 4515; x_wconf 87' lang='lat' dir='ltr'>bonum</span> <span class='ocrx_word' id='word_1_411' title='bbox 1382 4454 1626 4530; x_wconf 87' lang='lat' dir='ltr'>sonant,</span> <span class='ocrx_word' id='word_1_412' title='bbox 1652 4473 2034 4536; x_wconf 91' lang='lat' dir='ltr'>quamquam</span> <span class='ocrx_word' id='word_1_413' title='bbox 2059 4455 2132 4516; x_wconf 91' lang='lat' dir='ltr'>ut</span> <span class='ocrx_word' id='word_1_414' title='bbox 2162 4453 2570 4535; x_wconf 88' lang='lat' dir='ltr'>undequaque</span> <span class='ocrx_word' id='word_1_415' title='bbox 2602 4456 2765 4519; x_wconf 86' lang='lat' dir='ltr'>recte</span> 
     </span>
     <span class='ocr_line' id='line_1_42' title="bbox 312 4545 2762 4640; baseline 0.003 -29"><span class='ocrx_word' id='word_1_416' title='bbox 312 4545 480 4627; x_wconf 86' lang='lat' dir='ltr'>fiant,</span> <span class='ocrx_word' id='word_1_417' title='bbox 518 4550 841 4633; x_wconf 86' lang='lat' dir='ltr'>indigeant</span> <span class='ocrx_word' id='word_1_418' title='bbox 875 4551 1242 4624; x_wconf 84' lang='lat' dir='ltr'>conditione,</span> <span class='ocrx_word' id='word_1_419' title='bbox 1278 4556 1349 4616; x_wconf 82' lang='lat' dir='ltr'>ut</span> <span class='ocrx_word' id='word_1_420' title='bbox 1387 4555 1695 4638; x_wconf 82' lang='lat' dir='ltr'>contingit</span> <span class='ocrx_word' id='word_1_421' title='bbox 1733 4557 1795 4620; x_wconf 91' lang='lat' dir='ltr'>in</span> <span class='ocrx_word' id='word_1_422' title='bbox 1834 4556 2126 4638; x_wconf 84' lang='lat' dir='ltr'>exemplis</span> <span class='ocrx_word' id='word_1_423' title='bbox 2158 4556 2378 4639; x_wconf 87' lang='lat' dir='ltr'>positis</span> <span class='ocrx_word' id='word_1_424' title='bbox 2409 4556 2762 4640; x_wconf 87' lang='lat' dir='ltr'>largitionis</span> 
     </span>
    </p>
   </div>
  </div>
 </body>
</html>
