3529 5158
335 383 488 459 [384]
802 398 883 439 Au
922 396 1195 439 mxcusm
1233 400 1274 438 A
1312 398 1669 440 rammam-o
1706 397 2104 449 mummium,
2146 398 2346 439 umus
2699 385 2806 440 377

337 495 419 559 ad
459 494 874 559 defensionem
904 495 1189 579 propriae
1237 494 1421 571 vitae,
1475 495 1673 578 reipsa
1708 514 1829 560 non
1868 496 2144 560 violatur
2182 499 2611 580 praeceptum;
2661 500 2805 581 quia

342 599 462 662 hoc
494 599 643 662 tunc
682 617 804 663 non
836 599 1097 664 exsistit.
1141 599 1328 663 Ratio
1361 598 1757 663 resolutionis
1792 600 1903 674 est,
1945 600 2091 681 quia
2126 600 2291 681 quod
2325 600 2650 665 intrinsece
2681 621 2808 665 ma-

336 701 473 765 lum
507 703 620 777 est,
656 721 976 784 nunquam
1006 702 1205 767 facere
1251 702 1398 767 licet
1444 703 1508 767 et
1546 704 1794 785 oportet
1839 703 2050 785 potius
2098 702 2278 779 mori,
2317 723 2506 785 quam
2538 723 2802 786 peccare.

443 863 678 915 Lxxvt.
705 866 754 915 2.
792 864 950 916 Metus
985 861 1151 927 gravis
1176 876 1321 927 mgr.
1350 862 1524 917 mortis
1559 869 1651 918 etc.
1690 878 1839 930 saepe
1876 876 1971 917 nou
2010 871 2195 919 tantum
2234 871 2436 920 excusat
2475 880 2499 917 a
2541 873 2802 933 praecepto

335 946 571 1013 positivo,
597 952 696 1000 tam
721 946 908 1013 divino,
933 961 1077 1012 quam
1104 951 1341 1014 humanm
1374 949 1461 1001 sed
1491 950 1784 1013 quandoque
1820 946 1966 1002 etiam
2004 951 2066 1001 al»
2097 948 2391 1002 affirmativo
2422 949 2632 1003 naturali
2656 957 2707 1003 et
2733 950 2803 1004 sic

336 1033 415 1097 (ut
439 1033 661 1085 Sancnez
685 1034 731 1085 t.
755 1032 895 1086 Mor.
916 1046 960 1085 c.
983 1034 1086 1093 18.)
1108 1047 1205 1085 non
1234 1038 1427 1087 tenetur
1451 1032 1562 1098 quis
1586 1047 1695 1085 cunr
1723 1030 1943 1099 periculo
1971 1032 2101 1086 vitae
2126 1032 2309 1097 integre
2336 1033 2576 1097 confiteri,
2600 1048 2803 1088 servare

332 1115 631 1183 depositum,
651 1114 854 1184 implere
869 1122 1052 1178 votum,
1070 1131 1355 1171 succurrere
1375 1116 1601 1184 proximo
1623 1123 1841 1170 extreme
1862 1116 2112 1181 indigenti.
2129 1120 2241 1171 Bec.
2259 1125 2293 1170 t.
2314 1122 2363 1171 2.
2380 1120 2409 1172 l.
2424 1122 2472 1171 3.
2486 1134 2528 1172 c.
2541 1120 2590 1172 6.
2607 1121 2736 1173 Azor
2758 1122 2799 1172 l.

335 1216 381 1266 p.
411 1202 442 1253 Ι.
477 1202 522 1254 l.
547 1216 590 1254 c.
619 1203 698 1255 11.
726 1203 893 1267 Laytn.
920 1202 953 1255 l.
985 1203 1029 1253 l.
1058 1207 1092 1254 t.
1118 1201 1164 1253 t.
1192 1216 1235 1254 c.
1272 1202 1353 1255 ¹4.
1377 1196 1559 1268 Excipe
1591 1209 1749 1254 tamen
1778 1216 1961 1267 casum,
1989 1204 2049 1254 de
2075 1217 2171 1268 quo
2198 1201 2336 1264 intra,
2368 1208 2429 1255 tr.
2464 1218 2510 1256 v.
2538 1202 2603 1257 de
2629 1204 2799 1258 Carit.

331 1300 375 1338 c.
409 1288 460 1339 2.
487 1288 535 1337 d.
569 1287 611 1339 l.

423 1410 641 1490 (jasua,
669 1433 852 1495 quem
884 1414 1119 1478 Auctor
1152 1413 1394 1496 excipit,
1435 1414 1534 1477 hic
1567 1414 1695 1477 est:
1731 1413 1785 1477 si
1819 1413 1979 1477 alius
2014 1414 2095 1477 sit
2134 1414 2195 1477 iu
2237 1416 2509 1478 extrema
2548 1416 2801 1480 necessi-

332 1517 466 1580 tate
506 1515 839 1599 spirituali,
891 1516 1038 1580 tunc
1084 1516 1274 1580 etiam
1323 1536 1464 1579 cum
1513 1515 1785 1599 periculo
1834 1515 2000 1579 vitae
2040 1516 2400 1599 temporalis
2450 1536 2800 1581 succurrere

331 1619 602 1695 debereS‚
640 1641 696 1683 v.
724 1640 817 1706 gr.
852 1619 1222 1704 baptizando
1260 1620 1596 1685 infantem:
1633 1620 1731 1685 vel
1763 1620 1953 1683 etiam
1995 1620 2047 1682 si
2080 1621 2163 1684 sit
2195 1620 2260 1683 in
2294 1620 2469 1705 gravi
2504 1622 2795 1703 pericu10‚

331 1723 387 1787 si
419 1742 490 1787 ex
525 1724 727 1788 officio
768 1724 1013 1801 teneris,
1048 1744 1106 1787 v.
1140 1744 1233 1808 gr.
1269 1724 1573 1807 parochus
1614 1727 1891 1806 tempore
1923 1723 2134 1806 pestis,
2180 1724 2249 1786 ut
2281 1723 2343 1787 in
2376 1724 2555 1789 resol.
2596 1743 2720 1807 seq.

443 1878 687 1932 Lxxvu.
715 1882 764 1933 3.
793 1878 847 1933 Si
872 1878 1156 1932 observatio
1183 1877 1304 1943 legis
1330 1882 1570 1932 humanae
1608 1878 1886 1931 necessaria
1911 1878 1975 1931 sit
2001 1880 2063 1931 ad
2087 1880 2481 1932 conservandum
2509 1882 2688 1933 bonum
2714 1889 2798 1934 aut

330 1965 653 2017 avertendum
691 1965 869 2017 malum
907 1978 1181 2030 commune,
1207 1964 1338 2029 quod
1366 1962 1521 2029 pluris
1561 1962 1638 2026 sit,
1666 1977 1814 2029 quarn
1854 1962 1952 2017 vita
1991 1962 2218 2030 propria:
2246 1969 2361 2017 tunc
2397 1967 2475 2017 lex
2505 1963 2585 2017 illa
2614 1961 2796 2030 obligat

327 2063 442 2101 cum
480 2047 700 2114 periculo
738 2047 885 2111 vitae,
914 2055 966 2100 ut
1006 2062 1052 2100 v.
1077 2063 1151 2111 gr.
1177 2046 1217 2100 si
1257 2050 1356 2101 dux
1396 2049 1592 2101 mandet
1627 2046 1771 2101 militi
1808 2062 1903 2100 non
1942 2046 2196 2101 discedere
2235 2061 2296 2100 ex
2345 2047 2569 2110 statione,
2596 2047 2712 2102 item
2754 2049 2794 2103 si

329 2133 579 2200 periturae
616 2132 710 2187 sint
749 2132 952 2197 animae,
982 2132 1074 2186 nisi
1114 2135 1286 2187 Pastor
1326 2134 1468 2187 adeat
1507 2147 1676 2197 aegros
1715 2139 1938 2198 tempore
1977 2131 2143 2198 pestis,
2172 2135 2337 2197 Laym.

417 2260 797 2326 Huiusmodi
843 2280 1022 2326 casus
1070 2261 1133 2324 in
1180 2259 1443 2345 singulis
1493 2259 1771 2325 materiis
1819 2279 1928 2323 seu
1975 2261 2371 2335 tractatibus,
2415 2281 2555 2324 cum
2591 2281 2795 2327 occur·

328 2367 503 2437 runt,
530 2364 732 2428 solent
754 2363 999 2429 resolvi.

435 2504 711 2556 Lxxvln.
741 2501 789 2553 6.
809 2500 1004 2566 Alioqui
1032 2504 1159 2555 nulla
1188 2508 1448 2568 praecepta
1475 2504 1700 2563 humana,
1718 2500 1864 2555 etiam
1886 2500 2232 2565 ecclesiastica,
2256 2516 2345 2568 per
2365 2516 2419 2554 se
2445 2502 2663 2566 obligant
2681 2516 2791 2555 cum

326 2586 552 2655 periculo
579 2587 710 2641 vitae
735 2594 820 2641 aut
843 2586 1015 2641 similis
1039 2586 1352 2642 incommodi.
1374 2589 1437 2639 V.
1462 2589 1640 2640 Sancti.
1671 2590 1719 2639 -l.
1753 2587 1893 2643 Mor.
1919 2602 1964 2639 c.
1996 2590 2075 2639 l8.
2105 2589 2169 2641 Ut
2196 2587 2237 2640 si
2266 2601 2310 2640 v.
2337 2601 2412 2651 gr.
2441 2589 2636 2652 cogaris
2660 2595 2790 2642 metu

327 2672 505 2726 mortis
541 2676 834 2727 contrahere
871 2687 982 2727 cum
1020 2671 1394 2736 consanguinea,
1431 2671 1480 2725 in
1508 2675 1660 2736 gradu
1688 2671 1937 2738 prohibito
1964 2674 2070 2736 lege
2106 2672 2454 2739 ecclesiastica,
2482 2688 2654 2740 posses
2680 2690 2791 2728 con-

324 2761 524 2811 trahere
543 2757 613 2822 (in
637 2756 888 2824 speciem),
908 2772 1003 2810 non
1023 2764 1182 2811 tamen
1205 2771 1375 2823 posses
1392 2771 1756 2824 consummare3
1772 2757 1901 2823 quia,
1922 2772 2030 2810 cum
2052 2756 2406 2812 matrimonium
2429 2766 2559 2813 esset
2578 2758 2789 2828 irritum,

325 2841 654 2907 fornicarer-is»,
678 2843 809 2909 quod
834 2841 1096 2896 intrinsece
1121 2844 1298 2895 malum
1326 2846 1417 2895 est.
1445 2843 1621 2894 Sanclr.
1650 2841 1716 2895 de
1746 2843 1911 2897 Matr.
1944 2845 1973 2894 Ι.
1999 2843 2050 2896 7.
2080 2845 2126 2896 d.
2155 2845 2203 2896 5.
2235 2859 2280 2897 n.
2312 2845 2358 2897 t.

415 2965 598 3041 384.
627 2967 821 3049 Quale
847 2971 1054 3034 tamen
1079 2969 1537 3033 incommodum
1563 2988 1672 3053 pro
1706 2969 1947 3033 diversa
1982 2972 2447 3052 praeceptorum
2474 2973 2787 3057 gravitate

328 3076 597 3150 excuset,
625 3073 955 3151 tractatur,
991 3072 1096 3136 ubi
1127 3072 1201 3137 de
1233 3072 1497 3156 singulis
1529 3073 1889 3154 praeceptis,

414 3176 571 3241 Heic
600 3177 819 3240 notare
855 3175 1102 3251 iuverit,
1143 3193 1399 3258 gravem
1430 3176 1670 3237 metum
1707 3192 1996 3236 excusare
2028 3173 2250 3236 saltem
2290 3192 2326 3235 a
2358 3193 2553 3254 poena
2590 3176 2790 3238 incur-

329 3279 539 3354 renda,
572 3282 646 3343 ut
676 3276 985 3361 contingit
1017 3276 1220 3359 quoad
1262 3275 1613 3348 Gemmas,-
1646 3274 1788 3336 hinc
1818 3274 2372 3338 excommunicatio
2405 3277 2621 3338 contra
2653 3294 2790 3357 pro·

326 3384 614 3445 curantes
673 3381 966 3446 abortum
1028 3378 1288 3444 animati
1346 3377 1571 3450 foetuS,
1633 3394 1757 3439 non
1814 3374 2009 3438 afficit
2054 3377 2338 3452 matrem,
2396 3395 2554 3458 quae
2602 3377 2679 3441 ad
2726 3377 2786 3441 id

323 3484 654 3549 moveatur
685 3483 864 3569 gravi
893 3481 1187 3546 infamiae
1223 3481 1418 3544 metu.

413 3586 576 3651 Hinc
599 3606 671 3651 ex
702 3586 1014 3651 communi
1047 3583 1353 3649 sententia
1391 3601 1513 3648 non
1546 3583 1829 3646 censetur
1860 3582 2242 3645 reservatum
2276 3585 2597 3665 peccatum
2623 3584 2786 3666 quod

324 3712 397 3757 ex
425 3692 608 3778 gravi
633 3694 807 3756 metu
838 3692 1250 3774 perpetratur.

430 3848 661 3901 Lxxlx.
689 3848 740 3901 5.
761 3848 855 3899 Per
881 3845 1106 3900 accidens
1130 3844 1324 3899 interim
1349 3843 1568 3898 accidere
1589 3851 1769 3911 potest,
1796 3850 1847 3897 ut
1874 3844 1951 3897 lex
1980 3846 2188 3896 huniana
2216 3843 2401 3906 obliget
2425 3858 2535 3897 cum
2562 3844 2785 3911 periculo

324 3932 471 3996 vitae,
495 3931 685 3986 ratione
707 3929 910 3984 alterius
947 3929 1194 3996 praecepti
1232 3927 1352 3983 iuris
1389 3928 1623 3982 naturalis
1661 3933 1745 3980 aut
1783 3926 1936 3980 divini
1978 3925 2320 3988 concurrentiS,
2349 3934 2399 3979 ut
2431 3941 2476 3977 v.
2507 3941 2577 3990 gr.
2607 3927 2650 3979 si
2675 3928 2786 3992 quis

322 4033 498 4083 cogere
526 4020 675 4071 vellet
704 4009 975 4079 transgredi
1002 4023 1315 4081 praeceptum
1343 4013 1590 4067 Ecclesiae
1615 4011 1662 4066 in
1689 4013 1856 4066 odium
1885 4011 1997 4065 ssdei
2027 4015 2101 4064 vel
2141 4018 2468 4076 contemptum
2498 4011 2783 4076 Religionis.

324 4107 500 4157 Sancti.
532 4106 563 4155 l.
592 4116 637 4155 c.
663 4103 785 4157 Con.
817 4115 865 4167 p.
893 4101 939 4153 3.
970 4107 1002 4153 t.
1034 4101 1152 4152 2.(1.
1184 4102 1265 4152 ⁴3.
1293 4101 1408 4152 dub.
1450 4102 1524 4151 12.

409 4230 824 4311 Praeceptum
855 4227 985 4292 scil.
1019 4228 1306 4291 naturale
1339 4229 1434 4290 est
1471 4246 1540 4290 ac
1572 4225 1871 4301 divinum,
1914 4245 1986 4288 ne
2026 4224 2087 4288 in
2128 4224 2203 4289 iis
2238 4224 2544 4289 adiunctis
2583 4245 2618 4290 a
2652 4246 2788 4310 pro-

325 4333 586 4398 fessione
633 4330 777 4395 fidei
825 4330 1081 4394 resiliaS.
1130 4330 1203 4393 In
1252 4328 1553 4394 eiusmodi
1602 4327 1909 4392 adiunctis
1957 4328 2148 4391 etiam
2196 4348 2290 4392 res
2325 4328 2599 4410 alioquin
2632 4329 2785 4393 levis

323 4440 527 4521 potest
567 4437 845 4520 obligare
893 4435 1169 4520 graviter
1218 4434 1296 4497 ad
1343 4435 1606 4498 mortem
1654 4431 2056 4508 subeundam,
2108 4454 2165 4497 v,
2200 4455 2292 4517 gr.
2335 4433 2547 4498 bolum
2585 4436 2784 4499 carnis

322 4559 581 4616 sumere,
617 4557 742 4604 non
777 4538 1010 4621 aperire
1042 4539 1232 4620 caput
1267 4537 1331 4601 in
1364 4535 1680 4604 ecclesia...
