3529 5158
316 398 460 474 [154]
814 413 932 455 cun
973 412 1173 454 Aenus
1210 413 1291 453 nx
1329 412 1537 454 1011011.
1578 413 1736 454 wne.
1778 413 2006 455 Pacem·
2044 414 2287 456 emm
2678 400 2784 454 145

406 510 569 574 Hinc
615 509 1081 587 desumendum,
1131 529 1254 592 quo
1302 529 1483 575 sensu
1532 510 1785 575 admitti
1816 511 2014 595 possit
2042 512 2128 586 id,
2161 511 2327 595 quod
2373 514 2783 577 communiter

319 614 546 678 dicitur
578 615 641 678 et
672 613 911 678 Auctor
931 612 1139 689 habet,
1173 632 1389 696 nempe
1420 613 1584 695 quod
1617 613 1836 678 ceteris
1862 615 2114 698 paribus
2137 615 2392 700 gravius
2417 617 2646 697 peccat,
2675 615 2780 696 qui

318 719 534 782 contra
557 715 1001 780 conscientiam
1033 714 1185 800 agit,
1212 734 1400 797 quam
1432 716 1540 797 qui
1571 716 1768 780 iuxta.
1795 716 1959 781 Nam
1990 737 2131 782 cum
2163 720 2483 800 peccatum
2506 718 2570 781 in
2594 737 2783 783 causa

318 821 401 884 sit
431 837 760 884 commune
806 818 935 883 sive
980 820 1195 883 contra
1229 817 1356 883 sive
1401 819 1578 884 iuxta
1610 820 2048 885 conscientiam
2087 820 2320 905 agenti,
2352 838 2424 884 ex
2461 821 2578 884 hac
2608 822 2785 903 parte

320 923 561 988 nullum
593 924 804 1006 potest
835 920 1045 986 adesse
1076 920 1421 986 discrimen.
1448 921 1585 986 Hoc
1607 923 1816 986 tamen
1851 922 2098 987 evidens
2128 922 2452 987 discrimen
2478 926 2590 999 est,
2617 924 2784 1006 quod

317 1027 377 1090 in
426 1026 652 1111 agente
698 1025 915 1089 contra
960 1023 1400 1088 conscientiam
1440 1023 1683 1108 duplex,
1734 1027 1807 1088 ut
1853 1024 2138 1104 diximus,
2179 1028 2275 1091 est
2320 1028 2669 1109 peccatum:
2719 1026 2782 1090 in

319 1131 541 1213 agente
591 1130 803 1192 autem
847 1126 1023 1190 iuxta
1054 1127 1494 1191 conscientiam
1527 1126 1701 1191 adest
1733 1147 1929 1191 unum
1976 1130 2247 1192 tantum.
2281 1128 2446 1213 Ergo
2480 1129 2532 1192 si
2566 1149 2636 1194 ex
2669 1130 2786 1194 hac

319 1236 493 1316 parte
539 1250 639 1295 res
672 1230 1003 1312 spectetur,
1037 1229 1438 1293 manifestum
1470 1233 1583 1305 est,
1619 1248 1857 1313 semper
1888 1230 2143 1316 gravius
2174 1230 2336 1296 idest
2361 1230 2516 1311 plus
2546 1232 2783 1315 peccari

322 1334 556 1420 agendo
588 1335 807 1399 contra
837 1331 1295 1396 conscientiam.

406 1436 834 1501 Veruntamen
880 1433 1067 1497 verba
1100 1435 1237 1498 tum
1268 1434 1578 1511 AuctoriS,
1613 1436 1753 1499 tum
1793 1434 2078 1513 aliorum,
2114 1434 2222 1516 qui
2253 1434 2510 1500 eandem
2541 1437 2785 1499 senten-

321 1543 473 1606 tiam
506 1538 851 1623 proferunt,
877 1536 1001 1601 alio
1026 1556 1208 1601 sensu
1232 1536 1352 1601 dici
1384 1537 1689 1602 videntur.
1716 1538 1879 1602 Nam
1904 1537 2431 1622 comparationem
2462 1539 2581 1621 ipsi
2613 1539 2786 1603 insti-

319 1645 506 1709 tuunt
552 1639 991 1706 tantummodo
1037 1638 1200 1704 inter
1244 1642 1567 1723 peccatum
1596 1640 2013 1724 negligentiae
2042 1641 2107 1704 in
2139 1659 2328 1705 causa
2358 1643 2423 1705 et
2463 1644 2786 1723 peccatum

318 1764 601 1830 praesens
641 1742 903 1808 actionis
949 1744 1165 1807 contra
1212 1740 1670 1806 conscientiam.
1705 1740 2080 1821 Quaestione
2126 1760 2309 1825 porro
2359 1741 2446 1806 sic
2491 1741 2786 1807 instituta

320 1849 419 1913 vix
465 1850 562 1912 est
608 1846 774 1929 quod
820 1845 1061 1910 decerni
1107 1844 1325 1926 possit.
1375 1843 1621 1908 Etenim
1667 1844 1832 1909 actio
1880 1844 2014 1908 heic
2061 1845 2125 1909 et
2170 1863 2331 1909 nunc
2378 1847 2594 1909 contra
2649 1863 2787 1910 con-

322 1952 645 2017 scientiam
692 1949 896 2034 posita
943 1949 1151 2032 potest
1183 1968 1253 2013 ex
1301 1967 1364 2013 se
1411 1966 1540 2012 esse
1572 1947 1793 2012 leviter
1824 1948 2011 2021 mala,
2060 1946 2210 2012 dum
2257 1948 2506 2012 interim
2552 1946 2788 2013 contin-

323 2075 463 2142 gere
495 2056 726 2138 potest‚
760 2054 833 2116 ut
863 2052 1074 2137 gravis
1104 2051 1412 2116 exstiterit
1443 2051 1625 2133 culpa
1657 2050 1880 2132 prioris
1911 2050 2327 2135 negligentiae
2359 2052 2422 2115 et
2453 2050 2782 2115 viceversa.

411 2152 570 2229 154.
604 2156 694 2220 Ex
725 2155 892 2220 hisce
925 2158 1135 2219 autem
1167 2153 1461 2218 deducere
1491 2153 1655 2230 licet,
1691 2152 2037 2217 cuiusmodi
2069 2152 2301 2217 censeri
2332 2151 2552 2218 debeat
2583 2173 2788 2237 pecca-

325 2266 479 2335 tum
514 2258 681 2342 quod
705 2258 906 2341 reipsa
938 2256 1125 2321 vitari
1158 2274 1550 2339 nequaquam
1582 2274 1760 2338 posse
1792 2254 2039 2320 dicitur.
2073 2257 2188 2322 Est
2218 2275 2435 2340 nempe
2465 2260 2788 2339 peccatum

324 2366 381 2428 in
414 2381 605 2427 causa
636 2363 699 2427 et
729 2360 858 2425 iam
891 2360 1047 2423 alias
1077 2358 1334 2435 factum,
1361 2377 1484 2423 non
1515 2376 1660 2423 vero
1685 2358 1851 2440 quod
1875 2378 2037 2423 nunc
2059 2358 2192 2437 fiat,
2218 2359 2317 2424 uti
2339 2358 2467 2424 iam
2499 2359 2785 2424 diximus

324 2467 483 2531 Hinc
515 2484 661 2530 vero
693 2462 993 2528 nonnulla
1025 2461 1404 2527 consectaria
1437 2460 1647 2545 gravis
1678 2461 1999 2525 momenti.

408 2569 694 2636 Primum
718 2565 1189 2633 consectarium.
1223 2561 1287 2630 Si
1318 2564 1499 2648 culpa
1524 2564 1912 2647 praecedens,
1941 2564 2331 2630 voluntariae
2354 2563 2589 2630 scilicet
2618 2563 2792 2650 igno-

326 2673 585 2747 rantiae,
636 2691 741 2756 per
788 2688 997 2735 veram
1042 2667 1490 2753 poenitentiam
1520 2668 1647 2731 iam
1678 2667 1867 2732 fuerit
1899 2668 2258 2745 retractata,
2307 2668 2400 2732 ita
2446 2687 2680 2751 nempe,
2716 2670 2790 2733 ut

326 2779 569 2862 praeter
605 2775 882 2839 dolorem
927 2769 1343 2857 praecedentis
1388 2770 1823 2856 negligentiae,
1872 2770 1998 2834 iam
2045 2769 2375 2844 sufficiens,
2423 2773 2612 2854 prout
2656 2769 2788 2835 fieri

326 2880 554 2966 potuit,
603 2876 928 2963 diligentia
975 2874 1189 2940 deinde
1236 2873 1604 2938 adhibeatur
1635 2873 1712 2938 ad
1742 2873 2164 2958 ignorantiam
2194 2874 2371 2938 illam
2418 2873 2786 2939 tollendam:

325 3006 492 3052 error
538 3003 825 3070 praesens
873 2979 1364 3065 aequiparandus
1395 2978 1513 3043 erit
1543 2977 1934 3062 ignorantiae
1978 2976 2321 3042 invincibili
2360 2995 2469 3041 nec
2515 2977 2634 3040 erit
2666 2996 2792 3040 am-

326 3091 487 3175 plius
536 3086 931 3154 voluntarius
977 3086 1040 3148 et
1085 3081 1411 3165 culpabilis
1450 3083 1513 3145 et
1541 3080 1678 3146 ideo
1710 3079 1958 3144 nullum
2004 3079 2123 3143 erit
2168 3079 2509 3160 peccatum,
2545 3078 2790 3141 etiamsi

328 3195 437 3260 hoc
486 3193 672 3276 pacto
720 3207 843 3254 non
892 3186 1208 3270 acquiram
1255 3183 1595 3260 scientiam,
1630 3200 1754 3263 qua
1803 3180 2001 3243 vitare
2048 3178 2279 3260 possim
2328 3177 2666 3258 quemlibet
2699 3197 2793 3240 er-

330 3317 549 3362 rorem.
584 3293 726 3358 Huc
771 3289 925 3356 facit
955 3287 1176 3355 similis
1208 3305 1387 3351 casus
1420 3283 1743 3360 Breviarii,
1781 3280 1946 3363 quod
1977 3281 2117 3362 quis
2147 3280 2211 3344 in
2243 3298 2415 3344 mare
2447 3278 2790 3362 proiecerit.

330 3399 467 3465 vid.
503 3396 691 3463 Croix
722 3393 830 3460 lib.
860 3394 917 3457 1.
954 3413 1013 3457 n.
1051 3391 1198 3457 760.

415 3499 768 3569 Secundum
806 3494 1274 3561 consectarium.
1298 3490 1633 3555 Peccatum
1665 3485 1968 3551 eiusmodi
1999 3484 2121 3549 fuit
2153 3485 2493 3568 patratum,
2519 3502 2661 3547 cum
2692 3501 2796 3565 po-

332 3609 451 3674 sita
483 3604 608 3671 fuit
640 3620 827 3667 causa
860 3603 923 3664 et
952 3597 1108 3662 nihil
1139 3597 1339 3679 reipsa
1371 3594 1471 3676 (ex
1502 3593 1678 3675 parte
1708 3589 1962 3672 erroris)
1992 3608 2154 3653 nunc
2185 3589 2493 3672 peccatur.

415 3707 615 3791 Atqui
647 3705 701 3770 si
731 3702 886 3768 nihil
916 3717 1078 3765 nunc
1107 3699 1419 3783 peccatur,
1445 3693 1601 3759 nihil
1624 3693 1821 3779 igitur
1845 3712 1917 3757 ex
1939 3691 2247 3775 praesenti
2280 3691 2521 3756 actione
2548 3688 2797 3754 additur

331 3812 610 3879 malitiae
642 3808 894 3892 peccato
926 3798 1331 3887 praecedenti.
1356 3799 1521 3883 Ergo
1546 3797 1869 3880 peccatum
1900 3793 2203 3860 eiusmodi
2234 3812 2355 3859 non
2387 3792 2656 3858 desumit
2685 3792 2798 3855 im-

334 3909 758 4000 putabilitatis
804 3925 953 3973 suae
997 3904 1254 3970 modum
1302 3904 1487 3983 atque
1535 3899 1686 3964 adeo
1726 3898 1989 3982 speciem
2035 3895 2314 3960 malitiae
2360 3914 2431 3958 ex
2463 3894 2596 3969 hoc,
2631 3892 2796 3972 quod

332 4038 490 4085 nunc
539 4012 786 4086 accidit,
835 4009 939 4076 sed
985 4015 1197 4081 ex‘'eo,
1245 4003 1411 4088 quod
1456 4003 1693 4068 factum
1738 4000 1861 4065 fuit
1908 4000 1971 4064 in
2018 4017 2225 4062 causa.
2258 3997 2454 4078 Atqui
2499 3996 2561 4058 in
2607 4012 2797 4058 causa

335 4144 447 4189 non
498 4120 624 4186 fuit
670 4114 789 4182 nisi
836 4114 1157 4197 peccatum
1191 4106 1540 4174 omissionis
1586 4103 1966 4189 diligentiae,
1998 4100 2118 4165 nisi
2148 4099 2308 4164 forte
2354 4115 2796 4181 supponamus,

335 4223 692 4310 quempiam
739 4221 889 4282 tunc
934 4212 1308 4299 praevidisse
1354 4212 1604 4293 peccata
1652 4205 1956 4289 quaedam
2005 4202 2345 4268 necessario
2391 4202 2680 4266 secutura
2728 4219 2801 4265 ex

335 4329 448 4393 tali
493 4320 854 4412 ignorantia
900 4317 1018 4384 sibi
1063 4313 1439 4381 voluntaria.
1472 4310 1638 4395 Ergo
1685 4309 1810 4374 ista
1840 4307 2093 4390 peccata
2138 4323 2260 4369 non
2308 4305 2631 4370 censentur
2671 4322 2802 4367 esse

337 4432 504 4496 illius
536 4424 785 4514 speciei,
818 4441 1007 4505 quam
1039 4420 1159 4485 fert
1192 4419 1367 4482 actus
1408 4415 1649 4499 positus
1697 4432 1768 4476 ex
1814 4428 2017 4475 errore
2064 4427 2172 4474 nec
2217 4407 2448 4472 habent
2492 4405 2804 4470 malitiam

334 4536 504 4601 illius
551 4528 901 4618 propriamz
935 4525 1039 4590 sed
1071 4522 1274 4589 solum
1307 4517 1784 4585 denominantur
1813 4514 1980 4578 mala
2013 4531 2119 4596 per
2155 4509 2600 4596 negligentiam
2629 4509 2807 4572 illam

442 4651 450 4664 ⁸
495 4675 793 4721 Rammium,
822 4665 988 4710 How-al.
1018 4664 1168 4708 Tomo
1194 4660 1235 4704 1.
2595 4649 2647 4690 10
