3529 5158
693 373 803 427 594
1226 381 1436 422 rnAcr.
1476 380 1559 420 1v.
1597 379 1683 418 ma
1720 376 2027 417 maccms.
2066 376 2264 418 CAPUT
2301 376 2366 417 11.
2405 376 2548 416 mm.
2588 377 2627 415 1.
3016 358 3167 435 [680]

693 502 824 547 esse
869 483 931 545 in
981 479 1212 544 veniali
1259 497 1453 562 genus
1499 474 1667 537 illud
1720 473 2001 538 infinitae
2047 473 2346 548 malitiae,
2396 473 2561 554 quod
2612 475 2707 536 est
2753 472 2818 535 in
2863 473 3160 536 mortali:

696 588 766 649 20
812 583 1123 647 malitiam
1165 580 1424 646 venialis
1469 597 1593 643 non
1639 596 1818 660 posse
1857 577 2100 659 proprie
2146 577 2209 639 et
2255 575 2619 657 simpliciter
2665 573 2787 637 dici
2815 573 3161 649 infinitam;

694 688 921 770 quippe
944 705 1066 750 non
1091 685 1280 748 habet
1303 681 1835 747 deordinationem
1857 680 2018 742 circa
2044 679 2272 742 Deum:
2293 677 2363 739 3⁰
2380 675 2694 758 quandam
2718 677 2929 739 tamen
2956 676 3164 758 aliquo

695 789 878 854 modo
920 789 1109 851 habet
1154 786 1531 850 infinitatem
1563 783 1808 847 malitia
1841 780 2120 856 venialis,
2155 781 2462 862 quatenus
2510 781 2604 842 est
2640 779 2882 843 malum
2927 778 3163 862 culpae,

695 891 861 973 quod
897 890 974 953 ad
1006 888 1269 971 quodvis
1304 886 1473 951 aliud
1508 885 1832 950 vitandum
1863 884 2101 947 malum
2139 882 2451 946 committi
2487 900 2610 946 non
2642 880 2842 944 debet.

806 1033 975 1085 XXX.
1002 1035 1149 1097 Resp.
1190 1033 1238 1082 2.
1267 1032 1470 1083 Mortale
1498 1036 1748 1096 peccatum
1772 1027 1954 1091 duplex
1982 1032 2079 1077 est:
2107 1023 2239 1077 aliud
2266 1031 2341 1077 est
2367 1027 2574 1077 mortale
2601 1037 2663 1076 ex
2689 1037 2867 1087 genere
2894 1038 2997 1085 suo,
3032 1022 3164 1076 atiud

698 1133 759 1172 ex
788 1116 1054 1169 accidente.
1081 1117 1283 1167 Mortale
1310 1128 1371 1166 ex
1396 1126 1574 1176 genere
1613 1125 1703 1164 suo
1742 1117 1834 1176 est,
1861 1112 1992 1175 quod
2020 1124 2105 1177 per
2144 1124 2198 1162 se
2233 1108 2383 1162 laedit
2423 1107 2675 1161 caritatem
2719 1107 2812 1160 Dei
2849 1110 2925 1160 vel
2954 1107 3161 1173 proximi

700 1204 860 1268 quoad
892 1214 1168 1267 personam,
1188 1212 1266 1251 res
1291 1205 1377 1250 aut
1400 1197 1504 1249 iura
1529 1199 1604 1249 vet
1636 1211 1725 1248 nos
1750 1194 1888 1261 ipsos
1914 1193 2183 1260 corrumpit
2208 1192 2436 1258 graviter.
2459 1192 2527 1246 Ita
2551 1195 2697 1245 Azor.
2719 1195 2749 1245 Ι.
2772 1192 2818 1244 4.
2842 1208 2884 1245 e.
2909 1194 2958 1244 9.
2983 1195 3165 1246 Sancti.

700 1289 734 1341 l.
770 1290 811 1339 Ι.
842 1286 983 1340 Mor.
1016 1300 1059 1337 c.
1086 1286 1136 1336 3.

791 1409 967 1484 680.
1003 1408 1284 1473 stlortale
1331 1429 1408 1471 esc
1451 1426 1674 1490 yenere
1710 1426 1822 1470 suo
1869 1406 2095 1470 dicitur
2142 1405 2482 1488 peccatum,
2523 1404 2686 1487 quod
2726 1425 2833 1487 per
2881 1423 2944 1467 se
2988 1406 3051 1468 et
3096 1425 3165 1467 ex

699 1516 941 1581 ratione
973 1532 1087 1577 sua
1118 1510 1421 1594 specifica,
1450 1528 1638 1591 quam
1670 1508 1859 1571 habet
1888 1528 1959 1572 ex
1998 1507 2244 1591 proprio
2280 1508 2518 1571 obiecto
2553 1509 2614 1570 et
2651 1507 2892 1570 seclusa
2924 1506 3168 1570 malitia

701 1619 958 1684 alterius
1006 1615 1247 1699 speciei,
1272 1615 1481 1694 potest
1525 1631 1653 1676 esse
1690 1609 1952 1674 mortale
1965 1632 1988 1688 ‚·
2020 1612 2166 1692 quia
2203 1631 2421 1694 nempe
2463 1611 2772 1675 obiectum
2811 1630 2918 1693 per
2963 1629 3027 1673 se
3075 1614 3169 1673 est

702 1720 981 1807 graviter
1017 1718 1421 1802 prohibitum.

706 1832 711 1837 ’
789 1822 1021 1888 Contra
1070 1822 1281 1884 autem
1329 1817 1569 1882 veniale
1615 1837 1693 1881 ex
1736 1836 1960 1898 yenere
2005 1836 2116 1879 suo
2158 1816 2403 1893 dicitur,
2439 1816 2603 1899 quod
2650 1836 2720 1880 ex
2767 1817 3012 1881 ratione
3059 1834 3170 1879 sua

701 1924 1003 2010 specifica,
1039 1924 1319 2005 spectata
1352 1921 1636 1984 videlieet
1673 1920 1937 1984 materia
1969 1938 2079 1983 seu
2111 1922 2336 1983 natura
2371 1919 2611 1995 obiecti,
2653 1920 2812 1982 circa
2847 1918 3015 2000 quod
3047 1939 3173 1982 ver-

703 2035 897 2107 satur,
932 2049 1052 2092 non
1102 2028 1289 2091 habet
1322 2045 1576 2111 gravem
1608 2028 1886 2101 reatum3
1925 2024 2196 2106 adeoque
2228 2043 2550 2106 quousque
2595 2027 2806 2089 manet
2838 2025 3008 2088 intra
3047 2043 3174 2106 spe-

703 2136 857 2199 ciem
894 2152 1094 2208 suam,
1128 2149 1250 2194 non
1283 2131 1489 2212 potest
1518 2128 1650 2192 fieri
1682 2128 1968 2193 mortale.

791 2237 985 2301 Porro
1019 2252 1177 2317 quae
1210 2232 1336 2295 sint
1368 2230 1713 2315 generatim
1746 2230 1986 2294 obiecta
2035 2230 2269 2312 peccati
2306 2230 2610 2308 mortalis,
2646 2233 2966 2293 enumerat
2995 2231 3068 2292 A.
3107 2229 3168 2291 in

704 2336 1236 2403 Resolutionibus.
1259 2332 1435 2413 Quod
1470 2333 1659 2396 addat
1691 2332 1885 2395 etiam
1905 2332 2260 2408 laesionem,
2289 2350 2448 2413 quae
2472 2332 2714 2395 nosmet
2745 2332 3016 2415 graviter
3038 2348 3172 2394 cor-

703 2442 976 2524 rumpat,
1010 2438 1291 2521 intellige
1337 2436 1410 2499 de
1456 2436 1633 2520 gravi
1681 2434 1906 2499 damno
1955 2434 2073 2497 sibi
2118 2434 2319 2511 illato,
2355 2454 2412 2497 v,
2452 2454 2544 2518 gr.
2580 2434 2633 2497 si
2666 2434 2806 2515 quis
2837 2433 2954 2497 sibi
2983 2452 3171 2497 usum

704 2544 965 2618 rationis
1000 2541 1269 2606 auferret
1300 2541 1438 2616 ete,
1475 2538 1685 2603 oculos
1718 2538 1837 2602 sibi
1869 2538 2110 2602 erueret
2141 2540 2255 2602 ete.

1685 2713 1751 2778 U
1741 2713 1861 2776 nde
1908 2712 2193 2777 resolves.

811 2874 1001 2926 XXXl.
1034 2873 1076 2924 i.
1104 2874 1322 2932 Peccata,
1349 2875 1519 2923 contra
1546 2871 1726 2920 bonum
1767 2868 2020 2936 proprium
2057 2868 2331 2931 commissa,
2361 2875 2413 2921 ut
2439 2869 2700 2935 plurimum
2728 2876 2841 2922 sunt
2872 2869 3083 2921 venialia
3111 2883 3168 2921 ex

707 2971 912 3023 genere:
942 2963 994 3009 ut
1020 2955 1161 3008 verbi
1187 2953 1357 3019 gratia,
1385 2952 1569 3006 inutilis
1595 2959 1642 3006 et
1670 2967 1793 3005 vana
1821 2953 2230 3020 concupiscentia,
2260 2967 2384 3005 vana
2419 2952 2699 3016 oblectatio,
2726 2952 3064 3020 prodigalitas
3092 2969 3175 3006 cu·

704 3041 916 3108 riositaS,
943 3039 1258 3106 superfluitas
1282 3041 1443 3092 cultus
1469 3043 1518 3090 et
1542 3035 1769 3101 vestituS,
1792 3052 1963 3100 nugae,
1985 3037 2155 3100 otium,
2175 3051 2408 3091 excessus
2431 3036 2481 3090 in
2507 3036 2635 3099 cibo,
2665 3045 2802 3104 potu,
2828 3052 3022 3101 somno,
3049 3027 3173 3103 risu}

704 3142 797 3180 usu
834 3124 1063 3191 coniugii,
1090 3124 1282 3189 timore,
1308 3121 1522 3188 tristitia,
1547 3122 1766 3189 appetitu
1804 3121 2054 3190 pecuniae,
2078 3121 2239 3176 laudis
2276 3129 2369 3176 etc.

793 3250 949 3324 681.
984 3252 1125 3316 Non
1175 3251 1381 3316 omnia
1429 3251 1679 3332 peccata
1728 3251 1942 3313 contra
1989 3249 2222 3314 bonum
2269 3250 2586 3334 proprium
2633 3253 2782 3315 sunt
2836 3271 2908 3315 ex
2955 3271 3175 3336 genere

704 3376 820 3421 suo
869 3355 1061 3430 levia3
1097 3373 1242 3417 nam
1288 3352 1350 3415 in
1400 3352 1582 3434 Resp.
1620 3348 1696 3414 2⁸
1731 3352 1895 3415 inter
1924 3352 2142 3436 gravia
2180 3371 2252 3416 ex
2288 3371 2507 3436 genere
2539 3372 2651 3417 suo
2699 3354 3012 3418 recensuit
3050 3374 3177 3437 pec-

705 3460 871 3535 cata,
915 3476 1074 3538 quae
1121 3455 1397 3539 graviter
1441 3456 1685 3519 nosmet
1731 3454 2006 3518 laedunt.
2046 3453 2162 3518 Sed
2209 3454 2359 3518 dicit
2407 3453 2847 3534 utplurimum
2884 3456 3013 3520 scil.
3054 3458 3180 3539 ple-

704 3579 896 3641 raque
929 3559 1083 3621 talia
1116 3577 1265 3621 esse.
1301 3557 1539 3622 Auctor
1570 3557 1782 3620 autem
1814 3558 2135 3620 enumerat
2172 3557 2488 3633 nonnulla,
2523 3557 2653 3621 scil.
2689 3557 3128 3640 frequentiora.

800 3658 1067 3724 Inutilis
1092 3663 1153 3722 et
1172 3679 1337 3723 vana
1360 3660 1856 3738 concupiscentia
1872 3678 1893 3720 :
1918 3658 2048 3722 scil.
2075 3658 2456 3737 divitiarum,
2481 3659 2756 3724 melioris
2780 3661 3174 3736 conditionis

702 3763 1089 3839 deliciarum,
1125 3761 1435 3825 honorum
1468 3763 1581 3825 etc.
1636 3759 1815 3823 Vana
1861 3759 2182 3823 oblectatio
2219 3762 2318 3825 vel
2353 3761 2417 3824 in
2449 3761 2625 3826 bonis
2658 3762 2958 3845 possessis
2989 3783 3050 3827 V.
3084 3784 3173 3848 gr.

700 3865 1009 3941 fortunae,
1056 3883 1351 3948 personae
1399 3865 1512 3928 etc.
1563 3863 1661 3927 vel
1707 3862 2096 3946 phantastice
2143 3863 2510 3948 excogitatis
2558 3866 2673 3928 etc.
2709 3863 3175 3947 Prodiyalitas,

700 3988 839 4032 cum
889 3969 1029 4050 quis
1074 3986 1188 4031 sua
1229 3968 1392 4031 bona
1440 3965 1693 4050 prodige
1724 3965 2007 4048 dissipat,
2050 3967 2163 4029 aut
2209 3966 2396 4030 etiam
2429 3968 2627 4049 perire
2672 3968 2985 4033 inutiliter
3031 3969 3178 4034 sinit

698 4090 768 4134 ex
798 4068 1201 4154 negligentia.
1244 4068 1597 4134 Curiositas
1628 4069 1691 4133 in
1724 4068 2092 4153 cogitandis,
2125 4069 2418 4154 legendiS,
2451 4069 2852 4152 inquirendis,
2879 4071 3170 4146 videndiS,

706 4172 1027 4236 audiendis
1060 4172 1391 4235 inutilibus
1418 4173 1532 4235 etc.
1554 4169 1976 4251 Superfluitas
1998 4170 2203 4235 cultus
2226 4175 2287 4234 et
2314 4172 2591 4247 vestitus,
2617 4193 2776 4254 quae
2801 4176 2959 4240 solet
2989 4174 3179 4238 etiam

703 4274 1005 4357 appellari
1040 4274 1230 4358 vulgo
1264 4274 1514 4336 vanitas
1547 4273 1610 4337 in
1640 4273 1991 4337 vestiendo:
2025 4275 2128 4338 sed
2165 4275 2469 4357 pertinere
2518 4276 2593 4339 ad
2627 4276 2751 4340 alia
2783 4279 3010 4359 potest,
3045 4277 3174 4342 scil.

704 4375 975 4453 domum,
1026 4375 1284 4440 mobilia
1330 4378 1444 4441 etc.
1494 4377 1723 4459 Nuyae
1750 4397 1771 4439 .·
1818 4377 2071 4441 inutiles
2117 4378 2246 4442 scil.
2298 4379 2731 4462 occupationes
2779 4381 2843 4445 et
2888 4380 3176 4463 ineptiae,

703 4477 838 4541 sine
886 4478 1245 4542 rationabili
1283 4497 1471 4543 causa
1518 4481 1580 4543 et
1625 4479 1829 4543 modo.
1875 4478 2116 4543 Otium:
2149 4480 2466 4545 Excessus
2501 4482 2573 4544 in
2617 4481 2750 4545 cibo
2797 4483 2930 4548 sive
2977 4482 3179 4566 quoad

705 4579 1104 4660 qualitatem,
1144 4580 1564 4662 quantitatem
1612 4583 1727 4645 etc.
1761 4582 1891 4646 scil.
1927 4585 2177 4665 peccata
2215 4583 2419 4668 gulae.
2457 4583 2542 4648 In
2572 4587 2764 4664 potu:
2796 4585 3082 4672 intellige
3125 4585 3181 4649 si
