3529 5158
346 346 496 428 [722]
962 364 1046 404 An
1084 363 1387 408 mammas
1421 362 1516 404 sn·
1551 359 1876 402 PROOATUM
1911 359 2202 401 nomm
2699 350 2807 404 619

346 461 498 526 riori
540 461 660 526 hoc
707 480 887 544 opere
930 464 1259 546 respondet
1302 461 1583 547 negando
1630 459 1954 524 Maiorem.
1993 459 2095 523 Ita
2131 460 2188 523 1.
2231 461 2292 522 2.
2332 480 2390 542 q.
2432 462 2537 525 88.
2588 463 2707 527 art.
2747 465 2802 527 1.

350 563 430 628 ad
470 565 562 627 1.:
610 586 646 620 ‹
683 563 776 627 De
822 562 1119 630 ebrietate
1149 584 1294 630 vero
1324 562 1651 630 dicendum
1687 563 1801 639 est,
1835 560 2002 643 quod
2045 560 2386 625 seeundum
2413 582 2596 626 suam
2625 564 2814 628 ratio-

345 684 487 730 nem
530 664 736 739 habet,
783 664 952 746 quod
989 668 1080 731 sit
1102 671 1425 747 peccatum
1467 663 1748 730 mortale.
1783 662 1961 744 Quod
2005 663 2170 727 enim
2211 663 2396 730 homo
2433 664 2666 746 absque
2710 686 2813 729 ne·

346 768 630 833 cessitate
665 767 884 833 reddat
928 788 993 834 se
1036 769 1442 853 impotentem
1490 768 1568 833 ad
1615 766 1916 833 utendum
1959 765 2219 843 ratione,
2253 786 2361 850 per
2397 786 2586 849 quam
2623 768 2809 834 homo

346 872 413 935 in
458 872 661 935 Deum
707 870 1029 935 ordinatur
1074 873 1139 935 et
1179 872 1383 937 multa
1443 871 1695 954 peccata
1750 868 2133 934 occurrentia
2178 868 2361 947 vitat,
2409 889 2482 934 ex
2528 870 2622 953 (a)
2666 869 2806 935 sola

346 971 658 1051 voluptate
702 972 856 1046 vini,
903 991 1181 1055 expresse
1225 972 1644 1037 contrariatur
1689 972 1931 1036 virtuti.
1982 968 2099 1035 Sed
2144 971 2311 1055 quod
2356 971 2441 1035 sit
2484 974 2807 1054 peccatum

347 1074 605 1151 veniale,
638 1074 947 1159 contingit
966 1077 1218 1158 propter
1237 1074 1661 1159 ignorantiam
1690 1074 2002 1155 quandam
2026 1075 2125 1139 vel
2148 1072 2611 1138 infirmitatem:
2647 1076 2802 1158 puta

344 1197 491 1243 cum
536 1177 722 1243 homo
768 1179 964 1242 nescit
1009 1178 1309 1243 virtutem
1354 1178 1483 1242 vini
1530 1178 1641 1241 aut
1686 1177 2000 1259 propriam
2046 1176 2451 1252 debilitatem,
2491 1176 2651 1241 unde
2683 1197 2805 1243 non

340 1281 531 1364 putat
567 1298 632 1344 se
662 1279 972 1344 inebriari.
1006 1280 1180 1343 Tunc
1210 1280 1374 1343 enim
1413 1298 1535 1344 non
1573 1279 1925 1361 imputatur
1957 1278 2013 1344 ei
2051 1279 2316 1343 ebrietas
2348 1278 2424 1342 ad
2462 1282 2805 1360 peecatum,

344 1380 453 1445 sed
498 1380 704 1445 solum
748 1380 1315 1463 superabundantia
1362 1382 1566 1463 potus.
1608 1379 1724 1445 Sed
1772 1380 2018 1462 quando
2064 1379 2414 1462 frequenter
2443 1380 2806 1457 inebriatur,

342 1502 469 1548 11011
505 1482 714 1567 potest
748 1502 855 1567 per
884 1483 1043 1548 hanc
1062 1483 1486 1567 ignorantiam
1523 1483 1820 1559 excusari,
1848 1482 1996 1564 quin
2030 1482 2314 1547 videatur
2345 1483 2637 1547 voluntas
2672 1483 2805 1548 eius

344 1585 571 1670 eligere
617 1584 820 1668 magis
856 1585 988 1668 pati
1020 1585 1404 1663 ebrietatem,
1438 1604 1629 1668 quam
1662 1584 1969 1648 abstinere
2002 1604 2038 1647 a
2075 1584 2219 1648 vino
2258 1584 2588 1667 superflue.
2629 1583 2806 1649 Unde

341 1687 516 1751 redit
536 1690 862 1767 peccatum
905 1686 1205 1751 ad‘suam
1248 1690 1547 1750 naturam
1577 1712 1639 1750 ».
1678 1686 1850 1765 Quae
1896 1687 2209 1769 postrema
2256 1687 2442 1751 verba
2487 1707 2620 1751 rem
2665 1686 2806 1752 defi-

342 1790 549 1866 niunt,
583 1788 714 1853 scil.
756 1808 828 1853 ex
856 1789 1096 1853 ratione
1127 1808 1242 1852 sua
1280 1789 1644 1853 ebrietatem
1681 1808 1813 1853 esse
1851 1789 2137 1853 mortale.

436 1891 576 1956 Hoc
620 1892 828 1973 ipsum
873 1910 945 1955 ex
991 1890 1265 1973 professo
1311 1891 1507 1955 tradit
1547 1892 1607 1954 2.
1659 1893 1719 1954 2.
1770 1911 1827 1972 q.
1884 1890 2028 1954 150.
2078 1892 2196 1954 art.
2247 1893 2329 1969 2.,
2378 1891 2486 1956 ubi
2532 1892 2810 1974 quaerit:

341 1993 462 2058 An
507 1992 776 2056 ebrietas
819 1993 909 2056 sit
936 1995 1262 2072 peccatam
1304 1991 1584 2056 mortale.
1641 2018 1676 2051 «
1717 1992 2059 2057 Dicendum
2105 1992 2365 2077 (inquit)
2412 1993 2578 2075 quod
2623 1993 2806 2078 culpa

340 2095 683 2173 ebrietatiS,
711 2094 875 2159 sicut
894 2094 1133 2158 dictum
1156 2095 1270 2171 est,
1298 2094 1584 2160 consistit
1614 2095 1679 2160 in
1701 2094 2052 2161 inordinato
2079 2114 2198 2160 usu
2223 2096 2287 2159 et
2309 2095 2804 2179 concupiscentia

340 2198 493 2265 vini.
528 2198 665 2262 Hoc
702 2197 914 2261 autem
950 2196 1109 2279 (scil.
1144 2215 1295 2262 usus
1327 2197 1744 2281 inordinatus)
1777 2198 2084 2283 contingit
2115 2217 2246 2263 esse
2279 2197 2623 2281 tripliciter.
2665 2197 2805 2263 Uno

340 2301 528 2367 modo
576 2300 664 2365 sic
710 2298 874 2382 quod
907 2299 1160 2373 nesciat,
1209 2301 1429 2382 potum
1459 2320 1588 2364 esse
1633 2300 2116 2365 immoderatum
2147 2303 2211 2365 et
2245 2300 2547 2366 inebriare
2595 2300 2809 2385 poten·

339 2406 493 2470 tem.
525 2403 609 2467 Et
638 2402 726 2467 sic
757 2402 1021 2467 ebrietas
1045 2404 1405 2484 potestesse
1429 2402 1559 2466 sine
1590 2403 1863 2484 peccato,
1890 2404 1965 2467 ut
1987 2402 2225 2468 dictum
2248 2405 2344 2468 est
2369 2402 2516 2487 (art.
2553 2404 2803 2487 praee).

340 2507 489 2572 Alio
537 2506 718 2570 modo
757 2505 866 2583 sic,
899 2504 1066 2587 quod
1096 2505 1322 2588 aliquis
1368 2505 1684 2589 percipiat,
1726 2508 1945 2589 potum
1977 2525 2106 2571 esse
2137 2506 2636 2584 immoderatum,
2677 2525 2799 2571 non

340 2611 555 2675 tamen
602 2608 890 2673 aestimet
918 2607 1139 2690 potum
1169 2607 1471 2672 inebriare
1516 2609 1852 2691 potentem.
1885 2609 1967 2673 Et
2005 2610 2093 2674 sic
2129 2608 2394 2674 ebrietas
2432 2611 2640 2692 potest
2677 2628 2809 2675 esse

337 2732 486 2779 cum
531 2713 783 2796 peccato
832 2710 1076 2775 veniali.
1118 2711 1327 2775 Tertio
1374 2711 1558 2776 modo
1606 2712 1815 2794 potest
1861 2732 2011 2789 esse,
2046 2711 2211 2795 quod
2258 2713 2484 2794 aliquis
2522 2713 2672 2777 bene
2707 2713 2809 2776 ad-

340 2814 569 2890 vertat,
620 2816 840 2896 potum
872 2831 1001 2877 0330
1039 2813 1513 2877 immoderatum
1550 2816 1612 2879 et
1648 2814 2058 2879 inebriantem
2094 2816 2157 2878 et
2189 2816 2396 2879 tamen
2429 2815 2631 2899 magis
2669 2815 2811 2878 vult

338 2917 708 2982 ebrietatem
751 2917 1079 2993 incurrere,
1128 2935 1318 2998 quam
1355 2935 1392 2980 a
1430 2918 1584 2999 potu
1632 2916 1959 2983 abstinere.
2001 2917 2082 2981 Et
2115 2917 2261 2982 talis
2300 2918 2544 3001 proprie
2582 2917 2809 2982 dieitur

341 3018 584 3094 ebrius;
634 3017 782 3100 quia
826 3018 1089 3084 moralia
1125 3018 1431 3101 recipiunt
1462 3020 1743 3101 speciem,
1781 3039 1901 3083 non
1941 3020 2019 3082 ab
2057 3018 2163 3094 eis,
2199 3038 2358 3100 quae
2390 3039 2497 3100 per
2529 3018 2807 3083 accidens

338 3121 634 3186 eveniunt
679 3121 922 3203 praeter
966 3120 1390 3199 intentionem,
1431 3119 1537 3183 sed
1585 3120 1661 3183 ab
1709 3138 1802 3194 eo,
1852 3117 2018 3200 quod
2065 3121 2159 3182 est
2204 3138 2311 3202 per
2358 3139 2422 3183 se
2468 3119 2800 3182 intentum.

338 3222 427 3287 Et
459 3222 548 3286 sic
577 3221 844 3285 ebrietas
875 3224 970 3285 est
983 3224 1309 3300 peccatam
1337 3219 1597 3282 mortale
1615 3240 1637 3296 ,·
1676 3221 1822 3302 quia
1854 3220 2190 3284 secundum
2227 3221 2341 3284 hoc
2379 3220 2564 3284 homo
2597 3218 2809 3283 volens

340 3327 407 3389 et
455 3323 650 3388 sciens
696 3323 903 3407 privat
939 3342 1004 3392 se
1048 3341 1170 3387 usu
1215 3321 1494 3397 rationis,
1531 3340 1653 3403 quo
1688 3320 2025 3385 secuudum
2070 3322 2368 3386 virtutem
2418 3323 2711 3404 operatur
2746 3323 2808 3384 et

336 3425 595 3510 peccata
641 3424 927 3489 declinat.
961 3422 1055 3486 Et
1094 3424 1185 3487 sic
1219 3426 1440 3502 peccat
1481 3421 1853 3496 mortaliter,
1901 3422 2173 3506 periculo
2221 3423 2510 3508 peccandi
2547 3443 2610 3488 se
2642 3441 2805 3487 com·

337 3527 619 3592 mittens.
655 3525 826 3589 Dicit
869 3525 1033 3589 enim
1076 3524 1506 3589 Ambrosius...
1542 3525 1854 3590 Discimus
1904 3524 2223 3589 vitandam
2268 3526 2650 3603 ebrietatem,
2691 3544 2797 3609 per

339 3650 536 3714 quam
567 3631 723 3695 vitia
754 3648 968 3695 cavere
999 3648 1121 3694 non
1152 3648 1501 3712 possumus.
1536 3627 1700 3694 Nam
1731 3649 1890 3712 quae
1922 3629 2112 3695 sobrii
2143 3649 2452 3708 cavemus,
2479 3652 2586 3715 per
2618 3631 2805 3695 ebrie-

337 3735 543 3800 tatem
572 3733 933 3818 ignorantes
965 3732 1434 3796 committimus,
1470 3731 1645 3797 Unde
1677 3732 1941 3796 ebrietas
1974 3753 2081 3815 per
2112 3753 2175 3797 se
2206 3734 2512 3817 loquendo
2552 3736 2648 3798 est
2677 3752 2809 3815 pec-

336 3837 557 3902 catum
586 3836 852 3900 mortale
884 3861 945 3899 ».
973 3833 1033 3899 S.
1061 3835 1334 3899 Thomas
1370 3854 1516 3918 ergo
1549 3835 1614 3899 in
1646 3834 1992 3900 doctrinam
2030 3856 2419 3901 communem
2466 3835 2803 3913 consentit;

338 3939 631 4022 quamvis
678 3958 750 4004 ea
796 3936 1009 4002 addita
1040 3937 1221 4012 ratio,
1256 3936 1420 4019 quod
1452 3938 1723 4020 periculo
1756 3937 2044 4019 peccandi
2082 3958 2146 4002 se
2178 3938 2552 4014 committat,
2588 3956 2802 4001 rursus

336 4040 407 4106 in
455 4041 763 4105 incertum
806 4060 937 4104 rem
984 4039 1289 4104 coniiciat.
1324 4037 1488 4102 Nam
1525 4039 1752 4121 aliquis
1792 4040 1998 4122 posset
2044 4059 2353 4122 reponere,
2388 4059 2451 4103 se
2481 4059 2646 4103 mere
2679 4038 2814 4103 dor-

336 4143 518 4220 mire,
558 4143 731 4208 nullo
770 4143 937 4206 malo
974 4142 1244 4225 patrato.
1284 4139 1440 4204 Vide
1472 4141 1663 4205 etiam
1695 4160 1853 4222 quae
1887 4139 2156 4204 advertit
2202 4138 2536 4205 Caietanus
2566 4142 2630 4205 in
2664 4161 2805 4205 eum

338 4245 554 4310 locum
601 4265 650 4309 s.
691 4244 986 4308 Thomae.

420 4449 490 4501 (a)
519 4447 706 4490 Sensus
734 4450 810 4490 000
837 4447 971 4502 quod
1001 4459 1152 4490 eausa
1180 4448 1248 4489 sit
1274 4448 1374 4491 sola
1404 4447 1625 4501 voluptas,
1648 4460 1802 4502 quam
1822 4449 1876 4491 in
1896 4448 2016 4491 vino
2045 4448 2356 4502 experimur,
2385 4462 2486 4493 non
2517 4451 2725 4504 voluptas
2747 4465 2815 4495 80·

334 4513 436 4559 lius
466 4516 583 4558 vind.
614 4512 747 4558 Nam
774 4515 908 4568 quod
935 4514 998 4556 de
1026 4514 1147 4556 vino
1170 4515 1379 4568 dieitur,
1406 4515 1458 4557 id
1486 4515 1550 4557 de
1577 4514 1805 4568 qualibet
1833 4515 1938 4558 alia
1965 4515 2166 4570 potione
2185 4516 2411 4560 alcooltca
2438 4523 2491 4561 et
2519 4517 2807 4562 inebriante

332 4581 615 4625 dicendum
645 4584 746 4633 est;
779 4592 896 4623 eum
924 4580 1141 4623 ebrietas
1166 4592 1230 4623 ex
1258 4581 1377 4623 vino
1404 4581 1472 4623 sit
1498 4581 1679 4624 ceteris
1707 4581 1896 4625 mitior.
1924 4582 1991 4625 Et
2019 4587 2239 4637 quantas
2266 4596 2404 4627 nuno
2433 4591 2631 4640 strages
2650 4586 2808 4629 edant

334 4646 635 4693 huiusmodi
662 4646 890 4701 potiones
917 4647 970 4688 in
999 4645 1173 4688 ordine
1202 4645 1410 4699 physico
1438 4649 1487 4690 et
1516 4646 1714 4700 morali,
1742 4653 1933 4692 norunt
1960 4661 2146 4693 omnes.
2177 4650 2236 4693 E.
