<?xml version="1.0" encoding="UTF-8"?>
<!DOCTYPE html PUBLIC "-//W3C//DTD XHTML 1.0 Transitional//EN"
    "http://www.w3.org/TR/xhtml1/DTD/xhtml1-transitional.dtd">
<html xmlns="http://www.w3.org/1999/xhtml" xml:lang="en" lang="en">
 <head>
  <title>
</title>
<meta http-equiv="Content-Type" content="text/html;charset=utf-8" />
  <meta name='ocr-system' content='tesseract 3.04.00' />
  <meta name='ocr-capabilities' content='ocr_page ocr_carea ocr_par ocr_line ocrx_word'/>
</head>
<body>
  <div class='ocr_page' id='page_1' title='image "./opustheologicum00palmgoog/opustheologicum00palmgoog_0371.png"; bbox 0 0 3529 5158; ppageno 0'>
   <div class='ocr_carea' id='block_1_1' title="bbox 689 297 3171 374">
    <p class='ocr_par' dir='ltr' id='par_1_1' title="bbox 689 297 3171 374">
     <span class='ocr_line' id='line_1_1' title="bbox 689 297 3171 374; baseline -0.004 -10"><span class='ocrx_word' id='word_1_1' title='bbox 689 308 796 365; x_wconf 80' lang='grc'>276</span> <span class='ocrx_word' id='word_1_2' title='bbox 1253 318 1462 360; x_wconf 73' lang='lat' dir='ltr'>TRAc&#39;r.</span> <span class='ocrx_word' id='word_1_3' title='bbox 1499 319 1587 359; x_wconf 90' lang='lat'>111.</span> <span class='ocrx_word' id='word_1_4' title='bbox 1627 319 1712 358; x_wconf 67' lang='lat' dir='ltr'>ms</span> <span class='ocrx_word' id='word_1_5' title='bbox 1750 315 2028 359; x_wconf 61' lang='lat' dir='ltr'>meamus.</span> <span class='ocrx_word' id='word_1_6' title='bbox 2069 315 2269 359; x_wconf 68' lang='lat' dir='ltr'>CAPUT</span> <span class='ocrx_word' id='word_1_7' title='bbox 2309 317 2346 355; x_wconf 93' lang='lat'>1.</span> <span class='ocrx_word' id='word_1_8' title='bbox 2387 315 2528 357; x_wconf 77' lang='lat' dir='ltr'>mm.</span> <span class='ocrx_word' id='word_1_9' title='bbox 2566 315 2610 356; x_wconf 90' lang='lat'>1.</span> <span class='ocrx_word' id='word_1_10' title='bbox 3009 297 3171 374; x_wconf 75' lang='lat'>[243]</span> 
     </span>
    </p>
   </div>
   <div class='ocr_carea' id='block_1_2' title="bbox 683 411 3173 2321">
    <p class='ocr_par' dir='ltr' id='par_1_2' title="bbox 687 411 3162 604">
     <span class='ocr_line' id='line_1_2' title="bbox 776 411 3162 502; baseline -0.003 -20"><span class='ocrx_word' id='word_1_11' title='bbox 776 419 851 483; x_wconf 93' lang='lat' dir='ltr'>In</span> <span class='ocrx_word' id='word_1_12' title='bbox 869 419 1060 502; x_wconf 80' lang='lat' dir='ltr'>praxi,</span> <span class='ocrx_word' id='word_1_13' title='bbox 1080 419 1128 480; x_wconf 87' lang='lat' dir='ltr'>si</span> <span class='ocrx_word' id='word_1_14' title='bbox 1154 416 1447 481; x_wconf 86' lang='lat' dir='ltr'>diuturna</span> <span class='ocrx_word' id='word_1_15' title='bbox 1473 417 1568 480; x_wconf 90' lang='lat' dir='ltr'>est</span> <span class='ocrx_word' id='word_1_16' title='bbox 1589 414 1936 498; x_wconf 78' lang='lat' dir='ltr'>usurpatio,</span> <span class='ocrx_word' id='word_1_17' title='bbox 1963 414 2279 478; x_wconf 75' lang='lat' dir='ltr'><strong>excusabit</strong></span> <span class='ocrx_word' id='word_1_18' title='bbox 2304 413 2586 478; x_wconf 90' lang='lat' dir='ltr'>subditos</span> <span class='ocrx_word' id='word_1_19' title='bbox 2608 411 2972 499; x_wconf 75' lang='lat' dir='ltr'>ignorantia</span> <span class='ocrx_word' id='word_1_20' title='bbox 2996 411 3162 497; x_wconf 89' lang='lat' dir='ltr'>legis</span> 
     </span>
     <span class='ocr_line' id='line_1_3' title="bbox 687 513 3160 604; baseline -0.003 -19"><span class='ocrx_word' id='word_1_21' title='bbox 687 519 954 604; x_wconf 77' lang='lat' dir='ltr'>legitimi</span> <span class='ocrx_word' id='word_1_22' title='bbox 989 519 1298 602; x_wconf 85' lang='lat' dir='ltr'>principis.</span> <span class='ocrx_word' id='word_1_23' title='bbox 1334 519 1398 583; x_wconf 89' lang='lat' dir='ltr'>et</span> <span class='ocrx_word' id='word_1_24' title='bbox 1427 521 1608 592; x_wconf 86' lang='lat' dir='ltr'>certe,</span> <span class='ocrx_word' id='word_1_25' title='bbox 1643 517 1752 599; x_wconf 90' lang='lat' dir='ltr'>qui</span> <span class='ocrx_word' id='word_1_26' title='bbox 1799 517 1961 581; x_wconf 89' lang='lat' dir='ltr'>bona</span> <span class='ocrx_word' id='word_1_27' title='bbox 2007 515 2124 579; x_wconf 86' lang='lat' dir='ltr'>fide</span> <span class='ocrx_word' id='word_1_28' title='bbox 2158 517 2375 600; x_wconf 85' lang='lat' dir='ltr'>agunt,</span> <span class='ocrx_word' id='word_1_29' title='bbox 2409 534 2531 580; x_wconf 90' lang='lat' dir='ltr'>non</span> <span class='ocrx_word' id='word_1_30' title='bbox 2564 517 2716 580; x_wconf 89' lang='lat' dir='ltr'>sunt</span> <span class='ocrx_word' id='word_1_31' title='bbox 2744 513 3160 597; x_wconf 84' lang='lat' dir='ltr'>inquietandi.</span> 
     </span>
    </p>

    <p class='ocr_par' dir='ltr' id='par_1_3' title="bbox 692 617 3169 1013">
     <span class='ocr_line' id='line_1_4' title="bbox 781 617 3167 700; baseline -0.005 -9"><span class='ocrx_word' id='word_1_32' title='bbox 781 617 963 691; x_wconf 77' lang='grc'><strong>243.</strong></span> <span class='ocrx_word' id='word_1_33' title='bbox 1003 621 1196 685; x_wconf 81' lang='lat' dir='ltr'>Addit</span> <span class='ocrx_word' id='word_1_34' title='bbox 1228 622 1296 684; x_wconf 75' lang='grc' dir='ltr'>2ο</span> <span class='ocrx_word' id='word_1_35' title='bbox 1342 622 1580 685; x_wconf 84' lang='grc' dir='ltr'><strong>Α110101·</strong></span> <span class='ocrx_word' id='word_1_36' title='bbox 1627 618 1700 682; x_wconf 77' lang='lat' dir='ltr'>de</span> <span class='ocrx_word' id='word_1_37' title='bbox 1756 617 1955 682; x_wconf 75' lang='lat' dir='ltr'>Carit.</span> <span class='ocrx_word' id='word_1_38' title='bbox 1996 637 2048 682; x_wconf 93' lang='grc'>0.</span> <span class='ocrx_word' id='word_1_39' title='bbox 2090 619 2149 682; x_wconf 87' lang='grc'><strong>2.</strong></span> <span class='ocrx_word' id='word_1_40' title='bbox 2185 618 2243 681; x_wconf 93' lang='lat' dir='ltr'>d.</span> <span class='ocrx_word' id='word_1_41' title='bbox 2297 621 2355 682; x_wconf 84' lang='lat'>5.</span> <span class='ocrx_word' id='word_1_42' title='bbox 2408 637 2463 683; x_wconf 86' lang='lat' dir='ltr'>a.</span> <span class='ocrx_word' id='word_1_43' title='bbox 2515 619 2577 681; x_wconf 84' lang='lat'>3.</span> <span class='ocrx_word' id='word_1_44' title='bbox 2611 617 2794 683; x_wconf 87' lang='lat' dir='ltr'>resol.</span> <span class='ocrx_word' id='word_1_45' title='bbox 2841 618 2943 680; x_wconf 87' lang='grc'>12.</span> <span class='ocrx_word' id='word_1_46' title='bbox 2979 635 3167 700; x_wconf 84' lang='lat' dir='ltr'>posse</span> 
     </span>
     <span class='ocr_line' id='line_1_5' title="bbox 692 718 3163 805; baseline -0.002 -18"><span class='ocrx_word' id='word_1_47' title='bbox 692 723 973 788; x_wconf 88' lang='lat' dir='ltr'>subditos</span> <span class='ocrx_word' id='word_1_48' title='bbox 997 722 1299 804; x_wconf 77' lang='lat' dir='ltr'>quaedam</span> <span class='ocrx_word' id='word_1_49' title='bbox 1324 723 1656 805; x_wconf 83' lang='lat' dir='ltr'>praestare,</span> <span class='ocrx_word' id='word_1_50' title='bbox 1684 737 1843 802; x_wconf 87' lang='lat' dir='ltr'>quae</span> <span class='ocrx_word' id='word_1_51' title='bbox 1865 721 1929 783; x_wconf 90' lang='lat' dir='ltr'>in</span> <span class='ocrx_word' id='word_1_52' title='bbox 1956 720 2231 802; x_wconf 83' lang='lat' dir='ltr'>aliquam</span> <span class='ocrx_word' id='word_1_53' title='bbox 2258 720 2508 804; x_wconf 79' lang='lat' dir='ltr'>tyranni</span> <span class='ocrx_word' id='word_1_54' title='bbox 2534 720 2887 784; x_wconf 76' lang='lat' dir='ltr'>utilitatem</span> <span class='ocrx_word' id='word_1_55' title='bbox 2912 718 3163 796; x_wconf 83' lang='lat' dir='ltr'>cedunt,</span> 
     </span>
     <span class='ocr_line' id='line_1_6' title="bbox 695 821 3169 908; baseline -0.002 -17"><span class='ocrx_word' id='word_1_56' title='bbox 695 826 1043 891; x_wconf 84' lang='lat' dir='ltr'>cuiusmodi</span> <span class='ocrx_word' id='word_1_57' title='bbox 1090 827 1236 889; x_wconf 89' lang='lat' dir='ltr'>sunt</span> <span class='ocrx_word' id='word_1_58' title='bbox 1274 826 1509 889; x_wconf 88' lang='lat' dir='ltr'>solvere</span> <span class='ocrx_word' id='word_1_59' title='bbox 1558 824 1768 905; x_wconf 89' lang='lat' dir='ltr'>aliqua</span> <span class='ocrx_word' id='word_1_60' title='bbox 1799 823 2057 900; x_wconf 84' lang='lat' dir='ltr'>tributa,</span> <span class='ocrx_word' id='word_1_61' title='bbox 2094 842 2273 908; x_wconf 89' lang='lat' dir='ltr'>agere</span> <span class='ocrx_word' id='word_1_62' title='bbox 2312 822 2618 899; x_wconf 55' lang='lat' dir='ltr'>excubias</span> <span class='ocrx_word' id='word_1_63' title='bbox 2655 822 2865 887; x_wconf 87' lang='lat' dir='ltr'>fodere</span> <span class='ocrx_word' id='word_1_64' title='bbox 2898 821 2977 885; x_wconf 90' lang='lat' dir='ltr'>ad</span> <span class='ocrx_word' id='word_1_65' title='bbox 3017 839 3169 886; x_wconf 89' lang='lat' dir='ltr'>con-</span> 
     </span>
     <span class='ocr_line' id='line_1_7' title="bbox 698 927 1658 1013; baseline -0.004 -20"><span class='ocrx_word' id='word_1_66' title='bbox 698 929 1070 993; x_wconf 82' lang='lat' dir='ltr'>structiones</span> <span class='ocrx_word' id='word_1_67' title='bbox 1109 948 1165 991; x_wconf 79' lang='lat' dir='ltr'>v,</span> <span class='ocrx_word' id='word_1_68' title='bbox 1206 946 1300 1013; x_wconf 92' lang='lat' dir='ltr'>gr.</span> <span class='ocrx_word' id='word_1_69' title='bbox 1337 927 1494 990; x_wconf 89' lang='lat' dir='ltr'>arcis</span> <span class='ocrx_word' id='word_1_70' title='bbox 1542 927 1658 990; x_wconf 88' lang='lat' dir='ltr'>etc.</span> 
     </span>
    </p>

    <p class='ocr_par' dir='ltr' id='par_1_4' title="bbox 701 1025 3173 1625">
     <span class='ocr_line' id='line_1_8' title="bbox 789 1025 3173 1108; baseline -0.003 -13"><span class='ocrx_word' id='word_1_71' title='bbox 789 1031 978 1095; x_wconf 88' lang='lat' dir='ltr'>Ratio</span> <span class='ocrx_word' id='word_1_72' title='bbox 1011 1031 1239 1106; x_wconf 84' lang='lat' dir='ltr'>tamen,</span> <span class='ocrx_word' id='word_1_73' title='bbox 1273 1048 1382 1092; x_wconf 91' lang='lat' dir='ltr'>cur</span> <span class='ocrx_word' id='word_1_74' title='bbox 1411 1028 1579 1091; x_wconf 90' lang='lat' dir='ltr'>licite</span> <span class='ocrx_word' id='word_1_75' title='bbox 1603 1028 1754 1091; x_wconf 88' lang='lat' dir='ltr'>haec</span> <span class='ocrx_word' id='word_1_76' title='bbox 1785 1025 1917 1090; x_wconf 87' lang='lat' dir='ltr'>fieri</span> <span class='ocrx_word' id='word_1_77' title='bbox 1941 1027 2198 1108; x_wconf 81' lang='lat' dir='ltr'>possint,</span> <span class='ocrx_word' id='word_1_78' title='bbox 2234 1047 2341 1091; x_wconf 91' lang='lat' dir='ltr'>seu</span> <span class='ocrx_word' id='word_1_79' title='bbox 2375 1047 2483 1091; x_wconf 86' lang='grc'><strong>0111·</strong></span> <span class='ocrx_word' id='word_1_80' title='bbox 2507 1046 2632 1092; x_wconf 86' lang='grc'><strong>11011</strong></span> <span class='ocrx_word' id='word_1_81' title='bbox 2662 1025 2995 1091; x_wconf 86' lang='lat' dir='ltr'>interdicta</span> <span class='ocrx_word' id='word_1_82' title='bbox 3031 1044 3173 1089; x_wconf 84' lang='lat' dir='ltr'>cen-</span> 
     </span>
     <span class='ocr_line' id='line_1_9' title="bbox 701 1127 3172 1212; baseline -0.002 -16"><span class='ocrx_word' id='word_1_83' title='bbox 701 1134 974 1208; x_wconf 82' lang='lat' dir='ltr'>seantur,</span> <span class='ocrx_word' id='word_1_84' title='bbox 999 1131 1241 1194; x_wconf 88' lang='lat' dir='ltr'>diversa</span> <span class='ocrx_word' id='word_1_85' title='bbox 1274 1132 1368 1195; x_wconf 87' lang='lat' dir='ltr'>est</span> <span class='ocrx_word' id='word_1_86' title='bbox 1407 1149 1441 1193; x_wconf 88' lang='lat' dir='ltr'>a</span> <span class='ocrx_word' id='word_1_87' title='bbox 1471 1129 1875 1212; x_wconf 87' lang='lat' dir='ltr'>praecedenti,</span> <span class='ocrx_word' id='word_1_88' title='bbox 1911 1149 2069 1210; x_wconf 87' lang='lat' dir='ltr'>quae</span> <span class='ocrx_word' id='word_1_89' title='bbox 2092 1130 2475 1194; x_wconf 83' lang='lat' dir='ltr'>innitebatur</span> <span class='ocrx_word' id='word_1_90' title='bbox 2497 1130 2856 1194; x_wconf 85' lang='lat' dir='ltr'>necessitati</span> <span class='ocrx_word' id='word_1_91' title='bbox 2880 1127 3172 1194; x_wconf 79' lang='lat' dir='ltr'>servandi</span> 
     </span>
     <span class='ocr_line' id='line_1_10' title="bbox 704 1230 3172 1315; baseline -0.001 -17"><span class='ocrx_word' id='word_1_92' title='bbox 704 1233 976 1299; x_wconf 85' lang='lat' dir='ltr'>ordinem</span> <span class='ocrx_word' id='word_1_93' title='bbox 994 1234 1056 1296; x_wconf 89' lang='lat' dir='ltr'>in</span> <span class='ocrx_word' id='word_1_94' title='bbox 1074 1231 1539 1297; x_wconf 81' lang='lat' dir='ltr'>communitate.</span> <span class='ocrx_word' id='word_1_95' title='bbox 1559 1230 1722 1294; x_wconf 88' lang='lat' dir='ltr'>Nam</span> <span class='ocrx_word' id='word_1_96' title='bbox 1744 1231 1896 1294; x_wconf 89' lang='lat' dir='ltr'>haec</span> <span class='ocrx_word' id='word_1_97' title='bbox 1912 1231 2114 1295; x_wconf 91' lang='lat' dir='ltr'>solum</span> <span class='ocrx_word' id='word_1_98' title='bbox 2140 1232 2395 1296; x_wconf 88' lang='lat' dir='ltr'>eatenus</span> <span class='ocrx_word' id='word_1_99' title='bbox 2415 1233 2623 1310; x_wconf 88' lang='lat' dir='ltr'>licent,</span> <span class='ocrx_word' id='word_1_100' title='bbox 2645 1233 2955 1315; x_wconf 81' lang='lat' dir='ltr'>quatenus</span> <span class='ocrx_word' id='word_1_101' title='bbox 2981 1250 3172 1315; x_wconf 86' lang='lat' dir='ltr'>opera</span> 
     </span>
     <span class='ocr_line' id='line_1_11' title="bbox 701 1333 3171 1421; baseline -0.001 -21"><span class='ocrx_word' id='word_1_102' title='bbox 701 1356 808 1420; x_wconf 84' lang='lat' dir='ltr'>per</span> <span class='ocrx_word' id='word_1_103' title='bbox 846 1355 908 1400; x_wconf 89' lang='lat' dir='ltr'>se</span> <span class='ocrx_word' id='word_1_104' title='bbox 947 1337 1093 1400; x_wconf 89' lang='lat' dir='ltr'>sunt</span> <span class='ocrx_word' id='word_1_105' title='bbox 1126 1333 1560 1408; x_wconf 86' lang='lat' dir='ltr'>indifferentia;</span> <span class='ocrx_word' id='word_1_106' title='bbox 1596 1352 1666 1397; x_wconf 88' lang='lat' dir='ltr'>ea</span> <span class='ocrx_word' id='word_1_107' title='bbox 1699 1333 1911 1397; x_wconf 90' lang='lat' dir='ltr'>autem</span> <span class='ocrx_word' id='word_1_108' title='bbox 1948 1352 2230 1398; x_wconf 89' lang='lat' dir='ltr'>recusare</span> <span class='ocrx_word' id='word_1_109' title='bbox 2268 1354 2376 1399; x_wconf 89' lang='lat' dir='ltr'>nec</span> <span class='ocrx_word' id='word_1_110' title='bbox 2413 1334 2702 1421; x_wconf 87' lang='lat' dir='ltr'>legitimo</span> <span class='ocrx_word' id='word_1_111' title='bbox 2738 1335 3001 1418; x_wconf 85' lang='lat' dir='ltr'>principi</span> <span class='ocrx_word' id='word_1_112' title='bbox 3032 1353 3171 1417; x_wconf 91' lang='lat' dir='ltr'>pro-</span> 
     </span>
     <span class='ocr_line' id='line_1_12' title="bbox 701 1434 3171 1523; baseline -0.001 -20"><span class='ocrx_word' id='word_1_113' title='bbox 701 1439 902 1503; x_wconf 87' lang='lat' dir='ltr'>desset</span> <span class='ocrx_word' id='word_1_114' title='bbox 933 1441 997 1503; x_wconf 88' lang='lat' dir='ltr'>et</span> <span class='ocrx_word' id='word_1_115' title='bbox 1026 1438 1394 1523; x_wconf 83' lang='lat' dir='ltr'>gravissima</span> <span class='ocrx_word' id='word_1_116' title='bbox 1425 1437 1592 1501; x_wconf 88' lang='lat' dir='ltr'>mala</span> <span class='ocrx_word' id='word_1_117' title='bbox 1624 1435 1777 1519; x_wconf 84' lang='lat' dir='ltr'>ipsis</span> <span class='ocrx_word' id='word_1_118' title='bbox 1823 1434 2088 1500; x_wconf 87' lang='lat' dir='ltr'>subditis</span> <span class='ocrx_word' id='word_1_119' title='bbox 2118 1436 2390 1502; x_wconf 85' lang='lat' dir='ltr'>inferret.</span> <span class='ocrx_word' id='word_1_120' title='bbox 2423 1437 2600 1503; x_wconf 85' lang='lat' dir='ltr'>Unde</span> <span class='ocrx_word' id='word_1_121' title='bbox 2639 1438 2792 1502; x_wconf 89' lang='lat' dir='ltr'>haec</span> <span class='ocrx_word' id='word_1_122' title='bbox 2829 1437 3004 1502; x_wconf 88' lang='lat' dir='ltr'>licita</span> <span class='ocrx_word' id='word_1_123' title='bbox 3034 1456 3171 1500; x_wconf 90' lang='lat' dir='ltr'>cen-</span> 
     </span>
     <span class='ocr_line' id='line_1_13' title="bbox 701 1538 2677 1625; baseline 0 -20"><span class='ocrx_word' id='word_1_124' title='bbox 701 1542 913 1606; x_wconf 85' lang='lat' dir='ltr'>sentur</span> <span class='ocrx_word' id='word_1_125' title='bbox 947 1560 1016 1605; x_wconf 89' lang='lat' dir='ltr'>ac</span> <span class='ocrx_word' id='word_1_126' title='bbox 1044 1540 1365 1625; x_wconf 87' lang='lat' dir='ltr'>legitimus</span> <span class='ocrx_word' id='word_1_127' title='bbox 1398 1541 1675 1622; x_wconf 88' lang='lat' dir='ltr'>princeps</span> <span class='ocrx_word' id='word_1_128' title='bbox 1707 1540 1990 1603; x_wconf 87' lang='lat' dir='ltr'>censetur</span> <span class='ocrx_word' id='word_1_129' title='bbox 2018 1538 2084 1601; x_wconf 93' lang='lat' dir='ltr'>in</span> <span class='ocrx_word' id='word_1_130' title='bbox 2115 1538 2267 1603; x_wconf 85' lang='lat' dir='ltr'>haec</span> <span class='ocrx_word' id='word_1_131' title='bbox 2303 1541 2677 1604; x_wconf 88' lang='lat' dir='ltr'>consentire.</span> 
     </span>
    </p>

    <p class='ocr_par' dir='ltr' id='par_1_5' title="bbox 683 1640 3171 2321">
     <span class='ocr_line' id='line_1_14' title="bbox 789 1640 3167 1727; baseline -0.001 -20"><span class='ocrx_word' id='word_1_132' title='bbox 789 1643 1222 1724; x_wconf 86' lang='lat' dir='ltr'>Quaecumque</span> <span class='ocrx_word' id='word_1_133' title='bbox 1258 1642 1382 1706; x_wconf 88' lang='lat' dir='ltr'>alia</span> <span class='ocrx_word' id='word_1_134' title='bbox 1414 1661 1577 1718; x_wconf 83' lang='lat' dir='ltr'>vero,</span> <span class='ocrx_word' id='word_1_135' title='bbox 1614 1659 1772 1722; x_wconf 89' lang='lat' dir='ltr'>quae</span> <span class='ocrx_word' id='word_1_136' title='bbox 1795 1640 1895 1717; x_wconf 83' lang='lat' dir='ltr'>vel</span> <span class='ocrx_word' id='word_1_137' title='bbox 1926 1641 2289 1723; x_wconf 84' lang='lat' dir='ltr'>obsequium</span> <span class='ocrx_word' id='word_1_138' title='bbox 2328 1643 2593 1726; x_wconf 77' lang='lat' dir='ltr'>tyranno</span> <span class='ocrx_word' id='word_1_139' title='bbox 2648 1641 2851 1707; x_wconf 80' lang='lat' dir='ltr'>veluti</span> <span class='ocrx_word' id='word_1_140' title='bbox 2880 1642 3167 1727; x_wconf 90' lang='lat' dir='ltr'>legitimo</span> 
     </span>
     <span class='ocr_line' id='line_1_15' title="bbox 700 1742 3171 1829; baseline -0 -19"><span class='ocrx_word' id='word_1_141' title='bbox 700 1745 959 1829; x_wconf 87' lang='lat' dir='ltr'>principi</span> <span class='ocrx_word' id='word_1_142' title='bbox 990 1745 1331 1809; x_wconf 83' lang='lat' dir='ltr'>exhibitum</span> <span class='ocrx_word' id='word_1_143' title='bbox 1364 1742 1805 1827; x_wconf 84' lang='lat' dir='ltr'>praeseferunt,</span> <span class='ocrx_word' id='word_1_144' title='bbox 1842 1742 1937 1806; x_wconf 83' lang='lat' dir='ltr'>vel</span> <span class='ocrx_word' id='word_1_145' title='bbox 1988 1742 2063 1806; x_wconf 86' lang='lat' dir='ltr'>ad</span> <span class='ocrx_word' id='word_1_146' title='bbox 2111 1744 2583 1826; x_wconf 86' lang='lat' dir='ltr'>usurpationem</span> <span class='ocrx_word' id='word_1_147' title='bbox 2620 1745 2907 1827; x_wconf 88' lang='lat' dir='ltr'>iniquam</span> <span class='ocrx_word' id='word_1_148' title='bbox 2954 1743 3171 1808; x_wconf 86' lang='lat' dir='ltr'>confir-</span> 
     </span>
     <span class='ocr_line' id='line_1_16' title="bbox 683 1845 3164 1931; baseline 0 -19"><span class='ocrx_word' id='word_1_149' title='bbox 683 1847 1011 1925; x_wconf 81' lang='lat' dir='ltr'>mandam,</span> <span class='ocrx_word' id='word_1_150' title='bbox 1038 1846 1420 1922; x_wconf 79' lang='lat' dir='ltr'>servandam,</span> <span class='ocrx_word' id='word_1_151' title='bbox 1446 1845 1904 1922; x_wconf 80' lang='lat' dir='ltr'>defendendam,</span> <span class='ocrx_word' id='word_1_152' title='bbox 1933 1845 2299 1930; x_wconf 88' lang='lat' dir='ltr'>augendam,</span> <span class='ocrx_word' id='word_1_153' title='bbox 2330 1846 2657 1911; x_wconf 81' lang='lat' dir='ltr'>fovendam</span> <span class='ocrx_word' id='word_1_154' title='bbox 2685 1849 2806 1913; x_wconf 87' lang='lat' dir='ltr'>etc.</span> <span class='ocrx_word' id='word_1_155' title='bbox 2832 1848 3164 1931; x_wconf 84' lang='lat' dir='ltr'>pertinent,</span> 
     </span>
     <span class='ocr_line' id='line_1_17' title="bbox 702 1945 3169 2033; baseline 0.001 -21"><span class='ocrx_word' id='word_1_156' title='bbox 702 1949 800 2013; x_wconf 83' lang='lat' dir='ltr'>vel</span> <span class='ocrx_word' id='word_1_157' title='bbox 838 1948 914 2011; x_wconf 90' lang='lat' dir='ltr'>ad</span> <span class='ocrx_word' id='word_1_158' title='bbox 945 1948 1178 2012; x_wconf 88' lang='lat' dir='ltr'>bellum</span> <span class='ocrx_word' id='word_1_159' title='bbox 1211 1949 1323 2010; x_wconf 90' lang='lat' dir='ltr'>aut</span> <span class='ocrx_word' id='word_1_160' title='bbox 1368 1946 1663 2010; x_wconf 89' lang='lat' dir='ltr'>damnum</span> <span class='ocrx_word' id='word_1_161' title='bbox 1702 1945 1985 2031; x_wconf 88' lang='lat' dir='ltr'>legitimo</span> <span class='ocrx_word' id='word_1_162' title='bbox 2019 1948 2279 2031; x_wconf 88' lang='lat' dir='ltr'>principi</span> <span class='ocrx_word' id='word_1_163' title='bbox 2317 1948 2706 2014; x_wconf 88' lang='lat' dir='ltr'>inferendum</span> <span class='ocrx_word' id='word_1_164' title='bbox 2742 1950 2997 2033; x_wconf 88' lang='lat' dir='ltr'>eiusque</span> <span class='ocrx_word' id='word_1_165' title='bbox 3029 1951 3169 2014; x_wconf 86' lang='lat' dir='ltr'>iura</span> 
     </span>
     <span class='ocr_line' id='line_1_18' title="bbox 704 2048 3169 2135; baseline 0 -19"><span class='ocrx_word' id='word_1_166' title='bbox 704 2049 1135 2135; x_wconf 78' lang='lat' dir='ltr'>oppugnanda,</span> <span class='ocrx_word' id='word_1_167' title='bbox 1172 2051 1357 2131; x_wconf 85' lang='lat' dir='ltr'>atque</span> <span class='ocrx_word' id='word_1_168' title='bbox 1391 2048 1468 2112; x_wconf 90' lang='lat' dir='ltr'>ad</span> <span class='ocrx_word' id='word_1_169' title='bbox 1491 2048 1609 2131; x_wconf 89' lang='lat' dir='ltr'>ipsi</span> <span class='ocrx_word' id='word_1_170' title='bbox 1640 2049 1891 2132; x_wconf 89' lang='lat' dir='ltr'>propria</span> <span class='ocrx_word' id='word_1_171' title='bbox 1922 2049 2061 2112; x_wconf 87' lang='lat' dir='ltr'>iura</span> <span class='ocrx_word' id='word_1_172' title='bbox 2092 2069 2448 2133; x_wconf 87' lang='lat' dir='ltr'>recuperare</span> <span class='ocrx_word' id='word_1_173' title='bbox 2485 2053 2724 2117; x_wconf 83' lang='lat' dir='ltr'>volenti</span> <span class='ocrx_word' id='word_1_174' title='bbox 2754 2053 3169 2118; x_wconf 83' lang='lat' dir='ltr'>resistendum</span> 
     </span>
     <span class='ocr_line' id='line_1_19' title="bbox 704 2148 3169 2238; baseline 0.001 -22"><span class='ocrx_word' id='word_1_175' title='bbox 704 2153 1004 2237; x_wconf 83' lang='lat' dir='ltr'>spectant,</span> <span class='ocrx_word' id='word_1_176' title='bbox 1031 2149 1251 2216; x_wconf 87' lang='lat' dir='ltr'>illicita</span> <span class='ocrx_word' id='word_1_177' title='bbox 1275 2152 1422 2215; x_wconf 91' lang='lat' dir='ltr'>sunt</span> <span class='ocrx_word' id='word_1_178' title='bbox 1442 2149 1791 2215; x_wconf 86' lang='lat' dir='ltr'>intrinsece.</span> <span class='ocrx_word' id='word_1_179' title='bbox 1818 2148 2055 2233; x_wconf 82' lang='lat' dir='ltr'>Quippe</span> <span class='ocrx_word' id='word_1_180' title='bbox 2085 2149 2237 2215; x_wconf 86' lang='lat' dir='ltr'>haec</span> <span class='ocrx_word' id='word_1_181' title='bbox 2263 2153 2473 2217; x_wconf 90' lang='lat' dir='ltr'>omnia</span> <span class='ocrx_word' id='word_1_182' title='bbox 2503 2153 2861 2238; x_wconf 88' lang='lat' dir='ltr'>legitimum</span> <span class='ocrx_word' id='word_1_183' title='bbox 2895 2154 3169 2219; x_wconf 89' lang='lat' dir='ltr'>eiusdem</span> 
     </span>
     <span class='ocr_line' id='line_1_20' title="bbox 703 2254 1121 2321; baseline -0.002 -1"><span class='ocrx_word' id='word_1_184' title='bbox 703 2256 801 2321; x_wconf 89' lang='lat' dir='ltr'>ius</span> <span class='ocrx_word' id='word_1_185' title='bbox 846 2254 1121 2321; x_wconf 89' lang='lat' dir='ltr'>laedunt.</span> 
     </span>
    </p>
   </div>
   <div class='ocr_carea' id='block_1_3' title="bbox 691 2379 3175 4608">
    <p class='ocr_par' dir='ltr' id='par_1_6' title="bbox 702 2379 3165 2534">
     <span class='ocr_line' id='line_1_21' title="bbox 813 2379 3165 2447; baseline 0 -11"><span class='ocrx_word' id='word_1_186' title='bbox 813 2386 898 2436; x_wconf 74' lang='grc' dir='ltr'><strong>Ἣ.</strong></span> <span class='ocrx_word' id='word_1_187' title='bbox 927 2385 976 2436; x_wconf 86' lang='grc'><strong>5.</strong></span> <span class='ocrx_word' id='word_1_188' title='bbox 1005 2384 1107 2436; x_wconf 87' lang='lat' dir='ltr'>Non</span> <span class='ocrx_word' id='word_1_189' title='bbox 1149 2389 1340 2435; x_wconf 74' lang='lat' dir='ltr'>tenetur</span> <span class='ocrx_word' id='word_1_190' title='bbox 1377 2380 1488 2447; x_wconf 85' lang='lat' dir='ltr'>quis</span> <span class='ocrx_word' id='word_1_191' title='bbox 1527 2383 1586 2434; x_wconf 83' lang='lat' dir='ltr'>ad</span> <span class='ocrx_word' id='word_1_192' title='bbox 1625 2383 1798 2446; x_wconf 75' lang='lat' dir='ltr'>legem,</span> <span class='ocrx_word' id='word_1_193' title='bbox 1827 2379 1919 2434; x_wconf 79' lang='lat' dir='ltr'>nisi</span> <span class='ocrx_word' id='word_1_194' title='bbox 1946 2382 2245 2447; x_wconf 78' lang='lat' dir='ltr'>promulgata</span> <span class='ocrx_word' id='word_1_195' title='bbox 2276 2380 2339 2435; x_wconf 78' lang='lat' dir='ltr'>sit</span> <span class='ocrx_word' id='word_1_196' title='bbox 2366 2381 2471 2435; x_wconf 76' lang='lat' dir='ltr'>sive</span> <span class='ocrx_word' id='word_1_197' title='bbox 2512 2383 2820 2438; x_wconf 83' lang='lat' dir='ltr'>denunciata.</span> <span class='ocrx_word' id='word_1_198' title='bbox 2843 2386 2905 2439; x_wconf 86' lang='lat' dir='ltr'>D.</span> <span class='ocrx_word' id='word_1_199' title='bbox 2926 2385 3018 2438; x_wconf 83' lang='lat' dir='ltr'>Th.</span> <span class='ocrx_word' id='word_1_200' title='bbox 3050 2387 3089 2436; x_wconf 86' lang='grc' dir='ltr'><strong>Ι.</strong></span> <span class='ocrx_word' id='word_1_201' title='bbox 3113 2385 3165 2447; x_wconf 77' lang='grc'><strong>2.</strong></span> 
     </span>
     <span class='ocr_line' id='line_1_22' title="bbox 702 2463 2780 2534; baseline -0 -13"><span class='ocrx_word' id='word_1_202' title='bbox 702 2484 791 2534; x_wconf 82' lang='lat' dir='ltr'>qu.</span> <span class='ocrx_word' id='word_1_203' title='bbox 813 2471 896 2521; x_wconf 86' lang='grc'>90.</span> <span class='ocrx_word' id='word_1_204' title='bbox 920 2482 965 2520; x_wconf 85' lang='grc'>3.</span> <span class='ocrx_word' id='word_1_205' title='bbox 989 2469 1032 2521; x_wconf 74' lang='grc'><strong>4.</strong></span> <span class='ocrx_word' id='word_1_206' title='bbox 1057 2471 1223 2533; x_wconf 80' lang='lat' dir='ltr'>Laym.</span> <span class='ocrx_word' id='word_1_207' title='bbox 1247 2470 1278 2519; x_wconf 92' lang='grc'>1.</span> <span class='ocrx_word' id='word_1_208' title='bbox 1306 2470 1349 2518; x_wconf 76' lang='grc'>1.</span> <span class='ocrx_word' id='word_1_209' title='bbox 1375 2473 1409 2519; x_wconf 83' lang='grc'>1.</span> <span class='ocrx_word' id='word_1_210' title='bbox 1434 2467 1479 2518; x_wconf 72' lang='grc'><strong>4.</strong></span> <span class='ocrx_word' id='word_1_211' title='bbox 1500 2479 1542 2519; x_wconf 85' lang='lat' dir='ltr'>c.</span> <span class='ocrx_word' id='word_1_212' title='bbox 1565 2468 1613 2518; x_wconf 78' lang='lat'>2.</span> <span class='ocrx_word' id='word_1_213' title='bbox 1635 2463 1833 2529; x_wconf 80' lang='lat' dir='ltr'>Molina,</span> <span class='ocrx_word' id='word_1_214' title='bbox 1863 2467 2018 2530; x_wconf 77' lang='lat' dir='ltr'>SalaS,</span> <span class='ocrx_word' id='word_1_215' title='bbox 2046 2467 2224 2518; x_wconf 81' lang='lat' dir='ltr'>Suarez</span> <span class='ocrx_word' id='word_1_216' title='bbox 2255 2473 2303 2519; x_wconf 80' lang='lat' dir='ltr'>et</span> <span class='ocrx_word' id='word_1_217' title='bbox 2327 2465 2412 2518; x_wconf 80' lang='lat' dir='ltr'>alii</span> <span class='ocrx_word' id='word_1_218' title='bbox 2436 2467 2780 2522; x_wconf 85' lang='lat' dir='ltr'>communiter.</span> 
     </span>
    </p>

    <p class='ocr_par' dir='ltr' id='par_1_7' title="bbox 691 2569 3174 3385">
     <span class='ocr_line' id='line_1_23' title="bbox 792 2569 3169 2665; baseline 0.001 -22"><span class='ocrx_word' id='word_1_219' title='bbox 792 2569 978 2650; x_wconf 75' lang='grc'><strong>244.</strong></span> <span class='ocrx_word' id='word_1_220' title='bbox 1019 2578 1466 2644; x_wconf 83' lang='lat' dir='ltr'>Necessitatem</span> <span class='ocrx_word' id='word_1_221' title='bbox 1503 2576 2023 2663; x_wconf 85' lang='lat' dir='ltr'>promulgationis</span> <span class='ocrx_word' id='word_1_222' title='bbox 2068 2597 2246 2643; x_wconf 90' lang='lat' dir='ltr'>nemo</span> <span class='ocrx_word' id='word_1_223' title='bbox 2293 2577 2646 2644; x_wconf 83' lang='lat' dir='ltr'>inficiatur:</span> <span class='ocrx_word' id='word_1_224' title='bbox 2686 2583 2749 2647; x_wconf 90' lang='lat' dir='ltr'>et</span> <span class='ocrx_word' id='word_1_225' title='bbox 2795 2582 3046 2665; x_wconf 88' lang='lat' dir='ltr'>quidem</span> <span class='ocrx_word' id='word_1_226' title='bbox 3076 2583 3169 2647; x_wconf 87' lang='lat' dir='ltr'>ita</span> 
     </span>
     <span class='ocr_line' id='line_1_24' title="bbox 704 2680 3173 2764; baseline 0 -16"><span class='ocrx_word' id='word_1_227' title='bbox 704 2686 798 2748; x_wconf 88' lang='lat' dir='ltr'>est</span> <span class='ocrx_word' id='word_1_228' title='bbox 822 2683 1185 2761; x_wconf 65' lang='lat' dir='ltr'>essentialis⁹</span> <span class='ocrx_word' id='word_1_229' title='bbox 1219 2685 1292 2745; x_wconf 90' lang='lat' dir='ltr'>ut</span> <span class='ocrx_word' id='word_1_230' title='bbox 1332 2698 1504 2745; x_wconf 87' lang='lat' dir='ltr'>secus</span> <span class='ocrx_word' id='word_1_231' title='bbox 1529 2681 1704 2745; x_wconf 88' lang='lat' dir='ltr'>nulla</span> <span class='ocrx_word' id='word_1_232' title='bbox 1729 2680 1894 2745; x_wconf 88' lang='lat' dir='ltr'>adsit</span> <span class='ocrx_word' id='word_1_233' title='bbox 1925 2680 2226 2764; x_wconf 87' lang='lat' dir='ltr'>obligatio</span> <span class='ocrx_word' id='word_1_234' title='bbox 2260 2682 2598 2748; x_wconf 88' lang='lat' dir='ltr'>obediendi.</span> <span class='ocrx_word' id='word_1_235' title='bbox 2634 2683 2797 2749; x_wconf 89' lang='lat' dir='ltr'>Hinc</span> <span class='ocrx_word' id='word_1_236' title='bbox 2826 2685 2986 2750; x_wconf 91' lang='lat' dir='ltr'>illud</span> <span class='ocrx_word' id='word_1_237' title='bbox 3018 2684 3173 2751; x_wconf 85' lang='lat' dir='ltr'>Gra-</span> 
     </span>
     <span class='ocr_line' id='line_1_25' title="bbox 704 2782 3174 2868; baseline 0 -18"><span class='ocrx_word' id='word_1_238' title='bbox 704 2786 860 2850; x_wconf 90' lang='lat' dir='ltr'>tiani</span> <span class='ocrx_word' id='word_1_239' title='bbox 892 2784 1146 2850; x_wconf 87' lang='lat' dir='ltr'>effatum</span> <span class='ocrx_word' id='word_1_240' title='bbox 1176 2784 1241 2848; x_wconf 90' lang='lat' dir='ltr'>in</span> <span class='ocrx_word' id='word_1_241' title='bbox 1273 2802 1406 2867; x_wconf 89' lang='lat' dir='ltr'>cap.</span> <span class='ocrx_word' id='word_1_242' title='bbox 1448 2784 1533 2847; x_wconf 75' lang='lat' dir='ltr'>In</span> <span class='ocrx_word' id='word_1_243' title='bbox 1564 2784 1708 2847; x_wconf 75' lang='lat' dir='ltr'>istis</span> <span class='ocrx_word' id='word_1_244' title='bbox 1739 2784 1802 2847; x_wconf 83' lang='lat'>3.</span> <span class='ocrx_word' id='word_1_245' title='bbox 1836 2782 2108 2847; x_wconf 89' lang='lat' dir='ltr'>distinct.</span> <span class='ocrx_word' id='word_1_246' title='bbox 2131 2784 2193 2846; x_wconf 91' lang='grc'><strong>4.</strong></span> <span class='ocrx_word' id='word_1_247' title='bbox 2237 2810 2270 2843; x_wconf 81' lang='lat'>«</span> <span class='ocrx_word' id='word_1_248' title='bbox 2309 2784 2510 2868; x_wconf 74' lang='lat' dir='ltr'>Leyes</span> <span class='ocrx_word' id='word_1_249' title='bbox 2551 2788 2994 2867; x_wconf 64' lang='lat' dir='ltr'>Instituuntur,</span> <span class='ocrx_word' id='word_1_250' title='bbox 3033 2809 3174 2852; x_wconf 73' lang='lat' dir='ltr'>cum</span> 
     </span>
     <span class='ocr_line' id='line_1_26' title="bbox 691 2884 3171 2970; baseline 0.002 -20"><span class='ocrx_word' id='word_1_251' title='bbox 691 2885 1200 2969; x_wconf 70' lang='lat' dir='ltr'>promulqantur.</span> <span class='ocrx_word' id='word_1_252' title='bbox 1235 2884 1424 2950; x_wconf 86' lang='lat' dir='ltr'>Ratio</span> <span class='ocrx_word' id='word_1_253' title='bbox 1464 2888 1576 2962; x_wconf 77' lang='lat' dir='ltr'>est,</span> <span class='ocrx_word' id='word_1_254' title='bbox 1612 2885 1758 2967; x_wconf 89' lang='lat' dir='ltr'>quia</span> <span class='ocrx_word' id='word_1_255' title='bbox 1791 2885 2013 2967; x_wconf 61' lang='lat' dir='ltr'>lexest</span> <span class='ocrx_word' id='word_1_256' title='bbox 2043 2886 2260 2969; x_wconf 88' lang='lat' dir='ltr'>regula</span> <span class='ocrx_word' id='word_1_257' title='bbox 2297 2888 2545 2970; x_wconf 90' lang='lat' dir='ltr'>publica</span> <span class='ocrx_word' id='word_1_258' title='bbox 2566 2918 2567 2921; x_wconf 37' lang='lat'>¹</span> <span class='ocrx_word' id='word_1_259' title='bbox 2592 2907 2840 2953; x_wconf 90' lang='lat' dir='ltr'>morum</span> <span class='ocrx_word' id='word_1_260' title='bbox 2879 2893 2943 2954; x_wconf 88' lang='lat' dir='ltr'>et</span> <span class='ocrx_word' id='word_1_261' title='bbox 2972 2888 3171 2954; x_wconf 87' lang='lat' dir='ltr'>fertur</span> 
     </span>
     <span class='ocr_line' id='line_1_27' title="bbox 705 2987 3171 3073; baseline 0 -18"><span class='ocrx_word' id='word_1_262' title='bbox 705 3009 741 3056; x_wconf 88' lang='lat' dir='ltr'>a</span> <span class='ocrx_word' id='word_1_263' title='bbox 764 2989 1034 3073; x_wconf 88' lang='lat' dir='ltr'>principe</span> <span class='ocrx_word' id='word_1_264' title='bbox 1059 2990 1132 3052; x_wconf 89' lang='lat' dir='ltr'>ut</span> <span class='ocrx_word' id='word_1_265' title='bbox 1163 3007 1423 3072; x_wconf 89' lang='lat' dir='ltr'>persona</span> <span class='ocrx_word' id='word_1_266' title='bbox 1454 2987 1735 3072; x_wconf 85' lang='lat' dir='ltr'>publica:</span> <span class='ocrx_word' id='word_1_267' title='bbox 1761 2987 1979 3073; x_wconf 90' lang='lat' dir='ltr'>regula</span> <span class='ocrx_word' id='word_1_268' title='bbox 2004 3006 2147 3051; x_wconf 85' lang='lat' dir='ltr'>vero</span> <span class='ocrx_word' id='word_1_269' title='bbox 2180 2989 2450 3071; x_wconf 81' lang='lat' dir='ltr'>publica,</span> <span class='ocrx_word' id='word_1_270' title='bbox 2478 3010 2602 3072; x_wconf 88' lang='grc'><strong>(1113</strong></span> <span class='ocrx_word' id='word_1_271' title='bbox 2628 2990 2797 3070; x_wconf 85' lang='lat' dir='ltr'>talis,</span> <span class='ocrx_word' id='word_1_272' title='bbox 2824 2990 3171 3056; x_wconf 82' lang='lat' dir='ltr'>formaliter</span> 
     </span>
     <span class='ocr_line' id='line_1_28' title="bbox 702 3089 3169 3177; baseline -0 -18"><span class='ocrx_word' id='word_1_273' title='bbox 702 3092 1106 3159; x_wconf 88' lang='lat' dir='ltr'>constituitur</span> <span class='ocrx_word' id='word_1_274' title='bbox 1131 3111 1236 3175; x_wconf 87' lang='lat' dir='ltr'>per</span> <span class='ocrx_word' id='word_1_275' title='bbox 1266 3091 1768 3174; x_wconf 88' lang='lat' dir='ltr'>publicationem.</span> <span class='ocrx_word' id='word_1_276' title='bbox 1796 3089 2053 3170; x_wconf 83' lang='lat' dir='ltr'>Quando</span> <span class='ocrx_word' id='word_1_277' title='bbox 2078 3090 2276 3174; x_wconf 90' lang='lat' dir='ltr'>igitur</span> <span class='ocrx_word' id='word_1_278' title='bbox 2300 3091 2546 3170; x_wconf 84' lang='lat' dir='ltr'>dicitur,</span> <span class='ocrx_word' id='word_1_279' title='bbox 2574 3092 2739 3176; x_wconf 86' lang='lat' dir='ltr'>quod</span> <span class='ocrx_word' id='word_1_280' title='bbox 2765 3092 3169 3177; x_wconf 72' lang='lat' dir='ltr'>Leyesprius</span> 
     </span>
     <span class='ocr_line' id='line_1_29' title="bbox 703 3193 3171 3284; baseline 0 -23"><span class='ocrx_word' id='word_1_281' title='bbox 703 3197 1056 3262; x_wconf 72' lang='lat' dir='ltr'>condem-tm·</span> <span class='ocrx_word' id='word_1_282' title='bbox 1094 3218 1280 3278; x_wconf 77' lang='lat' dir='ltr'>quam</span> <span class='ocrx_word' id='word_1_283' title='bbox 1321 3194 1824 3279; x_wconf 74' lang='lat' dir='ltr'>promulycmtur,</span> <span class='ocrx_word' id='word_1_284' title='bbox 1871 3193 2345 3280; x_wconf 86' lang='lat' dir='ltr'>intelligendum</span> <span class='ocrx_word' id='word_1_285' title='bbox 2392 3201 2487 3261; x_wconf 89' lang='lat' dir='ltr'>est</span> <span class='ocrx_word' id='word_1_286' title='bbox 2533 3196 2605 3262; x_wconf 90' lang='lat' dir='ltr'>de</span> <span class='ocrx_word' id='word_1_287' title='bbox 2651 3197 2898 3284; x_wconf 89' lang='lat' dir='ltr'>legibus</span> <span class='ocrx_word' id='word_1_288' title='bbox 2944 3198 3171 3263; x_wconf 88' lang='lat' dir='ltr'>incom-</span> 
     </span>
     <span class='ocr_line' id='line_1_30' title="bbox 705 3298 1817 3385; baseline -0.003 -19"><span class='ocrx_word' id='word_1_289' title='bbox 705 3302 868 3385; x_wconf 89' lang='lat' dir='ltr'>plete</span> <span class='ocrx_word' id='word_1_290' title='bbox 906 3302 968 3365; x_wconf 91' lang='lat' dir='ltr'>et</span> <span class='ocrx_word' id='word_1_291' title='bbox 1002 3300 1266 3383; x_wconf 89' lang='lat' dir='ltr'>sumptis</span> <span class='ocrx_word' id='word_1_292' title='bbox 1316 3299 1379 3362; x_wconf 92' lang='lat' dir='ltr'>in</span> <span class='ocrx_word' id='word_1_293' title='bbox 1413 3300 1556 3363; x_wconf 87' lang='lat' dir='ltr'>actu</span> <span class='ocrx_word' id='word_1_294' title='bbox 1594 3298 1817 3381; x_wconf 88' lang='lat' dir='ltr'>primo.</span> 
     </span>
    </p>

    <p class='ocr_par' dir='ltr' id='par_1_8' title="bbox 706 3397 3174 3690">
     <span class='ocr_line' id='line_1_31' title="bbox 796 3397 3171 3485; baseline 0.001 -19"><span class='ocrx_word' id='word_1_295' title='bbox 796 3400 1247 3485; x_wconf 87' lang='lat' dir='ltr'>Distinguenda</span> <span class='ocrx_word' id='word_1_296' title='bbox 1296 3402 1506 3464; x_wconf 82' lang='lat' dir='ltr'>autem</span> <span class='ocrx_word' id='word_1_297' title='bbox 1538 3401 1630 3464; x_wconf 89' lang='lat' dir='ltr'>est</span> <span class='ocrx_word' id='word_1_298' title='bbox 1663 3397 2092 3481; x_wconf 71' lang='lat' dir='ltr'>promedyatio</span> <span class='ocrx_word' id='word_1_299' title='bbox 2138 3397 2458 3463; x_wconf 74' lang='lat' dir='ltr'>sollemnis</span> <span class='ocrx_word' id='word_1_300' title='bbox 2504 3403 2643 3465; x_wconf 90' lang='lat' dir='ltr'>tum</span> <span class='ocrx_word' id='word_1_301' title='bbox 2680 3421 2714 3467; x_wconf 85' lang='lat' dir='ltr'>a</span> <span class='ocrx_word' id='word_1_302' title='bbox 2747 3403 2996 3480; x_wconf 84' lang='lat' dir='ltr'>notitia,</span> <span class='ocrx_word' id='word_1_303' title='bbox 3033 3404 3171 3467; x_wconf 80' lang='lat' dir='ltr'>tum</span> 
     </span>
     <span class='ocr_line' id='line_1_32' title="bbox 709 3499 3174 3589; baseline 0 -21"><span class='ocrx_word' id='word_1_304' title='bbox 709 3525 745 3569; x_wconf 91' lang='lat' dir='ltr'>a</span> <span class='ocrx_word' id='word_1_305' title='bbox 776 3503 1201 3589; x_wconf 87' lang='lat' dir='ltr'>divulgatione</span> <span class='ocrx_word' id='word_1_306' title='bbox 1232 3522 1339 3568; x_wconf 89' lang='lat' dir='ltr'>seu</span> <span class='ocrx_word' id='word_1_307' title='bbox 1373 3501 1879 3585; x_wconf 66' lang='lat' dir='ltr'>promulyatiovae</span> <span class='ocrx_word' id='word_1_308' title='bbox 1923 3499 2318 3581; x_wconf 75' lang='lat' dir='ltr'>secundaria,</span> <span class='ocrx_word' id='word_1_309' title='bbox 2354 3522 2511 3585; x_wconf 91' lang='lat' dir='ltr'>quae</span> <span class='ocrx_word' id='word_1_310' title='bbox 2550 3504 2785 3570; x_wconf 88' lang='lat' dir='ltr'>scilicet</span> <span class='ocrx_word' id='word_1_311' title='bbox 2814 3506 2931 3570; x_wconf 87' lang='lat' dir='ltr'>fiat</span> <span class='ocrx_word' id='word_1_312' title='bbox 2974 3506 3037 3570; x_wconf 93' lang='lat' dir='ltr'>in</span> <span class='ocrx_word' id='word_1_313' title='bbox 3086 3505 3174 3569; x_wconf 88' lang='lat' dir='ltr'>di-</span> 
     </span>
     <span class='ocr_line' id='line_1_33' title="bbox 706 3604 2554 3690; baseline -0.001 -19"><span class='ocrx_word' id='word_1_314' title='bbox 706 3607 896 3672; x_wconf 87' lang='lat' dir='ltr'>versis</span> <span class='ocrx_word' id='word_1_315' title='bbox 926 3606 1097 3681; x_wconf 69' lang='grc'><strong>10013,</strong></span> <span class='ocrx_word' id='word_1_316' title='bbox 1133 3608 1205 3669; x_wconf 88' lang='grc'>111</span> <span class='ocrx_word' id='word_1_317' title='bbox 1235 3606 1436 3690; x_wconf 89' lang='lat' dir='ltr'>magis</span> <span class='ocrx_word' id='word_1_318' title='bbox 1474 3606 1570 3669; x_wconf 80' lang='lat' dir='ltr'>lex</span> <span class='ocrx_word' id='word_1_319' title='bbox 1609 3606 1807 3688; x_wconf 88' lang='lat' dir='ltr'>possit</span> <span class='ocrx_word' id='word_1_320' title='bbox 1839 3604 2105 3670; x_wconf 88' lang='lat' dir='ltr'>subditis</span> <span class='ocrx_word' id='word_1_321' title='bbox 2153 3606 2554 3671; x_wconf 88' lang='lat' dir='ltr'>innotescere.</span> 
     </span>
    </p>

    <p class='ocr_par' dir='ltr' id='par_1_9' title="bbox 701 3706 3174 3896">
     <span class='ocr_line' id='line_1_34' title="bbox 793 3706 3174 3795; baseline -0.001 -20"><span class='ocrx_word' id='word_1_322' title='bbox 793 3710 1222 3795; x_wconf 81' lang='lat' dir='ltr'>Promulgatio</span> <span class='ocrx_word' id='word_1_323' title='bbox 1261 3710 1355 3773; x_wconf 82' lang='lat' dir='ltr'>est</span> <span class='ocrx_word' id='word_1_324' title='bbox 1410 3709 1720 3771; x_wconf 67' lang='lat' dir='ltr'>intimatio</span> <span class='ocrx_word' id='word_1_325' title='bbox 1783 3706 1939 3791; x_wconf 73' lang='lat' dir='ltr'>Zeyis</span> <span class='ocrx_word' id='word_1_326' title='bbox 1984 3712 2265 3782; x_wconf 71' lang='lat' dir='ltr'>externa,</span> <span class='ocrx_word' id='word_1_327' title='bbox 2304 3711 2740 3774; x_wconf 64' lang='lat' dir='ltr'>communitati</span> <span class='ocrx_word' id='word_1_328' title='bbox 2786 3710 3174 3776; x_wconf 75' lang='lat' dir='ltr'>sollemniter</span> 
     </span>
     <span class='ocr_line' id='line_1_35' title="bbox 701 3810 2173 3896; baseline -0.005 -16"><span class='ocrx_word' id='word_1_329' title='bbox 701 3816 888 3896; x_wconf 76' lang='lat' dir='ltr'>facta..</span> <span class='ocrx_word' id='word_1_330' title='bbox 929 3813 1028 3878; x_wconf 90' lang='lat' dir='ltr'>Ita</span> <span class='ocrx_word' id='word_1_331' title='bbox 1059 3813 1263 3896; x_wconf 86' lang='lat' dir='ltr'>quoad</span> <span class='ocrx_word' id='word_1_332' title='bbox 1300 3831 1431 3876; x_wconf 88' lang='lat' dir='ltr'>rem</span> <span class='ocrx_word' id='word_1_333' title='bbox 1468 3810 1815 3876; x_wconf 91' lang='lat' dir='ltr'>communis</span> <span class='ocrx_word' id='word_1_334' title='bbox 1848 3811 2173 3876; x_wconf 87' lang='lat' dir='ltr'>sententia.</span> 
     </span>
    </p>

    <p class='ocr_par' dir='ltr' id='par_1_10' title="bbox 703 3910 3174 4512">
     <span class='ocr_line' id='line_1_36' title="bbox 791 3910 3173 4001; baseline -0.002 -19"><span class='ocrx_word' id='word_1_335' title='bbox 791 3918 886 3982; x_wconf 89' lang='lat' dir='ltr'>Ad</span> <span class='ocrx_word' id='word_1_336' title='bbox 911 3916 1476 4001; x_wconf 87' lang='lat' dir='ltr'>promulgationem</span> <span class='ocrx_word' id='word_1_337' title='bbox 1498 3913 1695 3999; x_wconf 88' lang='lat' dir='ltr'>igitur</span> <span class='ocrx_word' id='word_1_338' title='bbox 1710 3912 1833 3976; x_wconf 92' lang='lat' dir='ltr'>duo</span> <span class='ocrx_word' id='word_1_339' title='bbox 1852 3912 2267 3994; x_wconf 85' lang='lat' dir='ltr'>requiruntur.</span> <span class='ocrx_word' id='word_1_340' title='bbox 2294 3913 2359 3975; x_wconf 80' lang='grc' dir='ltr'>1ο</span> <span class='ocrx_word' id='word_1_341' title='bbox 2390 3910 2474 3979; x_wconf 76' lang='lat' dir='ltr'>Ut</span> <span class='ocrx_word' id='word_1_342' title='bbox 2498 3911 2646 3978; x_wconf 77' lang='lat' dir='ltr'>talis</span> <span class='ocrx_word' id='word_1_343' title='bbox 2674 3913 2986 3977; x_wconf 73' lang='lat' dir='ltr'>intimatio</span> <span class='ocrx_word' id='word_1_344' title='bbox 3013 3912 3173 3996; x_wconf 61' lang='lat' dir='ltr'>lestis</span> 
     </span>
     <span class='ocr_line' id='line_1_37' title="bbox 703 4014 3173 4100; baseline -0.002 -16"><span class='ocrx_word' id='word_1_345' title='bbox 703 4024 961 4085; x_wconf 60' lang='lat' dir='ltr'>exterma</span> <span class='ocrx_word' id='word_1_346' title='bbox 1001 4014 1350 4080; x_wconf 72' lang='lat' dir='ltr'>immediate</span> <span class='ocrx_word' id='word_1_347' title='bbox 1375 4016 1492 4096; x_wconf 71' lang='lat' dir='ltr'>fiat</span> <span class='ocrx_word' id='word_1_348' title='bbox 1525 4015 1646 4095; x_wconf 60' lang='lat'><em>{1235</em></span> <span class='ocrx_word' id='word_1_349' title='bbox 1679 4014 2141 4077; x_wconf 72' lang='lat' dir='ltr'>commzme&#39;tati:</span> <span class='ocrx_word' id='word_1_350' title='bbox 2174 4015 2336 4079; x_wconf 87' lang='lat' dir='ltr'>ratio</span> <span class='ocrx_word' id='word_1_351' title='bbox 2370 4016 2482 4091; x_wconf 81' lang='lat' dir='ltr'>est,</span> <span class='ocrx_word' id='word_1_352' title='bbox 2525 4015 2672 4097; x_wconf 89' lang='lat' dir='ltr'>quia</span> <span class='ocrx_word' id='word_1_353' title='bbox 2700 4015 2800 4080; x_wconf 83' lang='lat' dir='ltr'>lex</span> <span class='ocrx_word' id='word_1_354' title='bbox 2834 4016 2929 4079; x_wconf 84' lang='lat' dir='ltr'>est</span> <span class='ocrx_word' id='word_1_355' title='bbox 2951 4015 3173 4100; x_wconf 85' lang='lat' dir='ltr'>regula</span> 
     </span>
     <span class='ocr_line' id='line_1_38' title="bbox 703 4112 3171 4203; baseline -0.002 -17"><span class='ocrx_word' id='word_1_356' title='bbox 703 4121 1044 4187; x_wconf 89' lang='lat' dir='ltr'>communis</span> <span class='ocrx_word' id='word_1_357' title='bbox 1080 4122 1141 4183; x_wconf 90' lang='grc'>61</span> <span class='ocrx_word' id='word_1_358' title='bbox 1189 4120 1428 4203; x_wconf 88' lang='lat' dir='ltr'>obligat</span> <span class='ocrx_word' id='word_1_359' title='bbox 1474 4117 2016 4191; x_wconf 75' lang='lat' dir='ltr'>communitatem3</span> <span class='ocrx_word' id='word_1_360' title='bbox 2052 4135 2198 4200; x_wconf 86' lang='lat' dir='ltr'>ergo</span> <span class='ocrx_word' id='word_1_361' title='bbox 2231 4118 2653 4202; x_wconf 88' lang='lat' dir='ltr'>promulgatio</span> <span class='ocrx_word' id='word_1_362' title='bbox 2696 4136 2804 4181; x_wconf 91' lang='lat' dir='ltr'>seu</span> <span class='ocrx_word' id='word_1_363' title='bbox 2850 4112 3171 4180; x_wconf 87' lang='lat' dir='ltr'>intimatio</span> 
     </span>
     <span class='ocr_line' id='line_1_39' title="bbox 704 4218 3173 4305; baseline -0.001 -19"><span class='ocrx_word' id='word_1_364' title='bbox 704 4222 834 4287; x_wconf 88' lang='lat' dir='ltr'>fieri</span> <span class='ocrx_word' id='word_1_365' title='bbox 866 4223 1046 4286; x_wconf 91' lang='lat' dir='ltr'>debet</span> <span class='ocrx_word' id='word_1_366' title='bbox 1073 4222 1193 4305; x_wconf 85' lang='lat' dir='ltr'>ipsi</span> <span class='ocrx_word' id='word_1_367' title='bbox 1225 4220 1678 4285; x_wconf 89' lang='lat' dir='ltr'>communitati.</span> <span class='ocrx_word' id='word_1_368' title='bbox 1715 4218 1948 4283; x_wconf 85' lang='lat' dir='ltr'>Idcirco</span> <span class='ocrx_word' id='word_1_369' title='bbox 1981 4218 2092 4282; x_wconf 90' lang='lat' dir='ltr'>illa</span> <span class='ocrx_word' id='word_1_370' title='bbox 2121 4218 2460 4298; x_wconf 85' lang='lat' dir='ltr'>intimatio,</span> <span class='ocrx_word' id='word_1_371' title='bbox 2495 4238 2617 4302; x_wconf 90' lang='lat' dir='ltr'>qua</span> <span class='ocrx_word' id='word_1_372' title='bbox 2656 4219 2937 4303; x_wconf 86' lang='lat' dir='ltr'>princeps</span> <span class='ocrx_word' id='word_1_373' title='bbox 2968 4219 3173 4304; x_wconf 86' lang='lat' dir='ltr'>legem</span> 
     </span>
     <span class='ocr_line' id='line_1_40' title="bbox 704 4321 3174 4407; baseline -0.002 -18"><span class='ocrx_word' id='word_1_374' title='bbox 704 4323 1080 4389; x_wconf 86' lang='lat' dir='ltr'>condendam</span> <span class='ocrx_word' id='word_1_375' title='bbox 1111 4323 1399 4407; x_wconf 88' lang='lat' dir='ltr'>proponit</span> <span class='ocrx_word' id='word_1_376' title='bbox 1429 4322 1729 4387; x_wconf 89' lang='lat' dir='ltr'>ministris</span> <span class='ocrx_word' id='word_1_377' title='bbox 1762 4322 1859 4386; x_wconf 84' lang='lat' dir='ltr'>vel</span> <span class='ocrx_word' id='word_1_378' title='bbox 1897 4321 2209 4385; x_wconf 87' lang='lat' dir='ltr'>conditam</span> <span class='ocrx_word' id='word_1_379' title='bbox 2235 4321 2567 4386; x_wconf 88' lang='lat' dir='ltr'>subscribit</span> <span class='ocrx_word' id='word_1_380' title='bbox 2600 4325 2719 4386; x_wconf 86' lang='lat' dir='ltr'>aut</span> <span class='ocrx_word' id='word_1_381' title='bbox 2754 4322 3174 4405; x_wconf 86' lang='lat' dir='ltr'>subscriptam</span> 
     </span>
     <span class='ocr_line' id='line_1_41' title="bbox 709 4424 2807 4512; baseline -0.002 -20"><span class='ocrx_word' id='word_1_382' title='bbox 709 4428 1090 4512; x_wconf 88' lang='lat' dir='ltr'>promulgari</span> <span class='ocrx_word' id='word_1_383' title='bbox 1121 4426 1395 4497; x_wconf 77' lang='lat' dir='ltr'>mandat,</span> <span class='ocrx_word' id='word_1_384' title='bbox 1430 4424 1702 4491; x_wconf 89' lang='lat' dir='ltr'>nondum</span> <span class='ocrx_word' id='word_1_385' title='bbox 1734 4426 1830 4489; x_wconf 86' lang='lat' dir='ltr'>est</span> <span class='ocrx_word' id='word_1_386' title='bbox 1866 4424 2144 4488; x_wconf 87' lang='lat' dir='ltr'>formalis</span> <span class='ocrx_word' id='word_1_387' title='bbox 2176 4425 2597 4509; x_wconf 87' lang='lat' dir='ltr'>promulgatio</span> <span class='ocrx_word' id='word_1_388' title='bbox 2631 4425 2807 4509; x_wconf 88' lang='lat' dir='ltr'>legis.</span> 
     </span>
    </p>

    <p class='ocr_par' dir='ltr' id='par_1_11' title="bbox 889 4521 3175 4608">
     <span class='ocr_line' id='line_1_42' title="bbox 889 4521 3175 4608; baseline -0.003 -16"><span class='ocrx_word' id='word_1_389' title='bbox 889 4532 956 4592; x_wconf 83' lang='lat'>2⁰</span> <span class='ocrx_word' id='word_1_390' title='bbox 995 4527 1370 4608; x_wconf 54' lang='lat' dir='ltr'>Requir‘e&#39;tur</span> <span class='ocrx_word' id='word_1_391' title='bbox 1421 4531 1492 4590; x_wconf 78' lang='lat' dir='ltr'>ut</span> <span class='ocrx_word' id='word_1_392' title='bbox 1535 4524 1963 4607; x_wconf 65' lang='lat' dir='ltr'>prometlyatio</span> <span class='ocrx_word' id='word_1_393' title='bbox 2010 4526 2128 4605; x_wconf 77' lang='lat' dir='ltr'>fiat</span> <span class='ocrx_word' id='word_1_394' title='bbox 2171 4527 2416 4589; x_wconf 60' lang='lat' dir='ltr'>nomine</span> <span class='ocrx_word' id='word_1_395' title='bbox 2451 4527 2773 4606; x_wconf 73' lang='lat' dir='ltr'>pre&#39;ncz&#39;pe&#39;s</span> <span class='ocrx_word' id='word_1_396' title='bbox 2820 4529 2882 4589; x_wconf 82' lang='lat' dir='ltr'>et</span> <span class='ocrx_word' id='word_1_397' title='bbox 2922 4526 3011 4589; x_wconf 66' lang='lat' dir='ltr'>sit</span> <span class='ocrx_word' id='word_1_398' title='bbox 3052 4521 3175 4587; x_wconf 78' lang='lat' dir='ltr'>sol-</span> 
     </span>
    </p>
   </div>
  </div>
 </body>
</html>
