<?xml version="1.0" encoding="UTF-8"?>
<!DOCTYPE html PUBLIC "-//W3C//DTD XHTML 1.0 Transitional//EN"
    "http://www.w3.org/TR/xhtml1/DTD/xhtml1-transitional.dtd">
<html xmlns="http://www.w3.org/1999/xhtml" xml:lang="en" lang="en">
 <head>
  <title>
</title>
<meta http-equiv="Content-Type" content="text/html;charset=utf-8" />
  <meta name='ocr-system' content='tesseract 3.04.00' />
  <meta name='ocr-capabilities' content='ocr_page ocr_carea ocr_par ocr_line ocrx_word'/>
</head>
<body>
  <div class='ocr_page' id='page_1' title='image "./opustheologicum00palmgoog_0748.png"; bbox 0 0 3529 5158; ppageno 0'>
   <div class='ocr_carea' id='block_1_1' title="bbox 1107 364 2806 425">
    <p class='ocr_par' dir='ltr' id='par_1_1' title="bbox 1107 364 2806 425">
     <span class='ocr_line' id='line_1_1' title="bbox 1107 364 2806 425; baseline -0.002 -3"><span class='ocrx_word' id='word_1_1' title='bbox 1107 383 1192 423; x_wconf 73' lang='grc'><strong>1111</strong></span> <span class='ocrx_word' id='word_1_2' title='bbox 1229 382 1437 425; x_wconf 62' lang='lat' dir='ltr'>unum</span> <span class='ocrx_word' id='word_1_3' title='bbox 1475 381 1523 424; x_wconf 84' lang='lat' dir='ltr'>s.</span> <span class='ocrx_word' id='word_1_4' title='bbox 1564 381 1866 423; x_wconf 72' lang='lat' dir='ltr'>ALPBONSI</span> <span class='ocrx_word' id='word_1_5' title='bbox 1906 382 2035 422; x_wconf 72' lang='lat' dir='ltr'>mc.</span> <span class='ocrx_word' id='word_1_6' title='bbox 2698 364 2806 420; x_wconf 64' lang='lat'>655</span> 
     </span>
    </p>
   </div>
   <div class='ocr_carea' id='block_1_2' title="bbox 331 478 2814 3020">
    <p class='ocr_par' dir='ltr' id='par_1_2' title="bbox 331 478 2814 3020">
     <span class='ocr_line' id='line_1_2' title="bbox 335 478 2810 563; baseline -0.003 -17"><span class='ocrx_word' id='word_1_7' title='bbox 335 481 509 546; x_wconf 88' lang='lat' dir='ltr'>muni</span> <span class='ocrx_word' id='word_1_8' title='bbox 555 481 861 546; x_wconf 84' lang='lat' dir='ltr'>sententia</span> <span class='ocrx_word' id='word_1_9' title='bbox 902 480 1129 563; x_wconf 87' lang='lat' dir='ltr'>(quam</span> <span class='ocrx_word' id='word_1_10' title='bbox 1158 498 1376 562; x_wconf 82' lang='lat' dir='ltr'>nempe</span> <span class='ocrx_word' id='word_1_11' title='bbox 1422 478 1660 544; x_wconf 75' lang='lat' dir='ltr'>dixerat</span> <span class='ocrx_word' id='word_1_12' title='bbox 1705 480 1950 544; x_wconf 84' lang='lat' dir='ltr'>secutos</span> <span class='ocrx_word' id='word_1_13' title='bbox 1994 482 2278 542; x_wconf 75' lang='lat' dir='ltr'>auctores</span> <span class='ocrx_word' id='word_1_14' title='bbox 2313 478 2719 559; x_wconf 74' lang='lat' dir='ltr'>yravissimos</span> <span class='ocrx_word' id='word_1_15' title='bbox 2747 480 2810 539; x_wconf 78' lang='lat' dir='ltr'>et</span> 
     </span>
     <span class='ocr_line' id='line_1_3' title="bbox 331 579 2808 665; baseline -0.002 -19"><span class='ocrx_word' id='word_1_16' title='bbox 331 582 823 665; x_wconf 74' lang='lat' dir='ltr'>quamplurimos</span> <span class='ocrx_word' id='word_1_17' title='bbox 873 587 1012 646; x_wconf 79' lang='lat' dir='ltr'>tam</span> <span class='ocrx_word' id='word_1_18' title='bbox 1057 603 1135 646; x_wconf 73' lang='lat' dir='ltr'>ex</span> <span class='ocrx_word' id='word_1_19' title='bbox 1180 582 1482 663; x_wconf 73' lang='lat' dir='ltr'>antiquis,</span> <span class='ocrx_word' id='word_1_20' title='bbox 1516 601 1701 662; x_wconf 78' lang='lat' dir='ltr'>quam</span> <span class='ocrx_word' id='word_1_21' title='bbox 1741 602 1818 644; x_wconf 67' lang='lat' dir='ltr'>ea:</span> <span class='ocrx_word' id='word_1_22' title='bbox 1863 580 2357 663; x_wconf 67' lang='lat' dir='ltr'>recentioribus),</span> <span class='ocrx_word' id='word_1_23' title='bbox 2401 580 2499 644; x_wconf 85' lang='lat' dir='ltr'>tot</span> <span class='ocrx_word' id='word_1_24' title='bbox 2543 579 2808 643; x_wconf 87' lang='lat' dir='ltr'>auctori·</span> 
     </span>
     <span class='ocr_line' id='line_1_4' title="bbox 336 681 2807 766; baseline -0.002 -17"><span class='ocrx_word' id='word_1_25' title='bbox 336 686 575 749; x_wconf 81' lang='lat' dir='ltr'>tatibus</span> <span class='ocrx_word' id='word_1_26' title='bbox 623 689 685 751; x_wconf 89' lang='lat' dir='ltr'>et</span> <span class='ocrx_word' id='word_1_27' title='bbox 739 685 1089 751; x_wconf 86' lang='lat' dir='ltr'>rationibus</span> <span class='ocrx_word' id='word_1_28' title='bbox 1133 685 1447 761; x_wconf 83' lang='lat' dir='ltr'>roborata,</span> <span class='ocrx_word' id='word_1_29' title='bbox 1498 703 1617 749; x_wconf 91' lang='lat' dir='ltr'>non</span> <span class='ocrx_word' id='word_1_30' title='bbox 1666 683 1843 748; x_wconf 89' lang='lat' dir='ltr'>video</span> <span class='ocrx_word' id='word_1_31' title='bbox 1891 682 2200 766; x_wconf 90' lang='lat' dir='ltr'>quomodo</span> <span class='ocrx_word' id='word_1_32' title='bbox 2256 682 2454 765; x_wconf 81' lang='lat' dir='ltr'>possit</span> <span class='ocrx_word' id='word_1_33' title='bbox 2508 681 2807 745; x_wconf 81' lang='lat' dir='ltr'>confessa·</span> 
     </span>
     <span class='ocr_line' id='line_1_5' title="bbox 335 783 2804 870; baseline -0.002 -20"><span class='ocrx_word' id='word_1_34' title='bbox 335 788 466 851; x_wconf 87' lang='lat' dir='ltr'>rius</span> <span class='ocrx_word' id='word_1_35' title='bbox 504 788 645 851; x_wconf 85' lang='lat' dir='ltr'>tuta</span> <span class='ocrx_word' id='word_1_36' title='bbox 680 788 1058 852; x_wconf 85' lang='lat' dir='ltr'>conscientia</span> <span class='ocrx_word' id='word_1_37' title='bbox 1114 787 1570 852; x_wconf 84' lang='lat' dir='ltr'>absolutionem</span> <span class='ocrx_word' id='word_1_38' title='bbox 1608 786 1909 870; x_wconf 86' lang='lat' dir='ltr'>denegare</span> <span class='ocrx_word' id='word_1_39' title='bbox 1950 786 2182 850; x_wconf 89' lang='lat' dir='ltr'>volenti</span> <span class='ocrx_word' id='word_1_40' title='bbox 2214 785 2390 866; x_wconf 87' lang='lat' dir='ltr'>sequi</span> <span class='ocrx_word' id='word_1_41' title='bbox 2435 783 2804 866; x_wconf 85' lang='lat' dir='ltr'>opinionem,</span> 
     </span>
     <span class='ocr_line' id='line_1_6' title="bbox 334 886 2806 973; baseline -0.002 -18"><span class='ocrx_word' id='word_1_42' title='bbox 334 908 493 972; x_wconf 79' lang='lat' dir='ltr'>quae</span> <span class='ocrx_word' id='word_1_43' title='bbox 539 890 658 973; x_wconf 84' lang='lat' dir='ltr'>ipsi</span> <span class='ocrx_word' id='word_1_44' title='bbox 704 891 1047 973; x_wconf 89' lang='lat' dir='ltr'>poenitenti</span> <span class='ocrx_word' id='word_1_45' title='bbox 1082 888 1423 973; x_wconf 83' lang='lat' dir='ltr'>probabilis</span> <span class='ocrx_word' id='word_1_46' title='bbox 1462 890 1738 972; x_wconf 85' lang='lat' dir='ltr'>apparet,</span> <span class='ocrx_word' id='word_1_47' title='bbox 1785 890 1914 953; x_wconf 89' lang='lat' dir='ltr'>imo</span> <span class='ocrx_word' id='word_1_48' title='bbox 1962 889 2122 953; x_wconf 88' lang='lat' dir='ltr'>forte</span> <span class='ocrx_word' id='word_1_49' title='bbox 2170 887 2566 970; x_wconf 81' lang='lat' dir='ltr'>probabilior,</span> <span class='ocrx_word' id='word_1_50' title='bbox 2600 886 2654 950; x_wconf 85' lang='lat' dir='ltr'>si</span> <span class='ocrx_word' id='word_1_51' title='bbox 2685 904 2806 951; x_wconf 87' lang='lat' dir='ltr'>non</span> 
     </span>
     <span class='ocr_line' id='line_1_7' title="bbox 335 988 2806 1071; baseline -0.001 -16"><span class='ocrx_word' id='word_1_52' title='bbox 335 992 583 1069; x_wconf 89' lang='lat' dir='ltr'>directe,</span> <span class='ocrx_word' id='word_1_53' title='bbox 631 993 855 1057; x_wconf 88' lang='lat' dir='ltr'>saltem</span> <span class='ocrx_word' id='word_1_54' title='bbox 886 992 1125 1069; x_wconf 86' lang='lat' dir='ltr'>reflexe,</span> <span class='ocrx_word' id='word_1_55' title='bbox 1160 996 1233 1056; x_wconf 91' lang='lat' dir='ltr'>ut</span> <span class='ocrx_word' id='word_1_56' title='bbox 1269 992 1686 1057; x_wconf 88' lang='lat' dir='ltr'>communiter</span> <span class='ocrx_word' id='word_1_57' title='bbox 1717 991 1996 1056; x_wconf 82' lang='lat' dir='ltr'>sentiunt</span> <span class='ocrx_word' id='word_1_58' title='bbox 2030 991 2311 1054; x_wconf 81' lang='lat' dir='ltr'>auctores</span> <span class='ocrx_word' id='word_1_59' title='bbox 2345 988 2806 1071; x_wconf 85' lang='lat' dir='ltr'>probabilistae,</span> 
     </span>
     <span class='ocr_line' id='line_1_8' title="bbox 335 1092 2806 1178; baseline -0.002 -19"><span class='ocrx_word' id='word_1_60' title='bbox 335 1094 446 1176; x_wconf 86' lang='lat' dir='ltr'>qui</span> <span class='ocrx_word' id='word_1_61' title='bbox 488 1094 797 1176; x_wconf 90' lang='lat' dir='ltr'>sequendo</span> <span class='ocrx_word' id='word_1_62' title='bbox 861 1095 1212 1178; x_wconf 87' lang='lat' dir='ltr'>opinionem</span> <span class='ocrx_word' id='word_1_63' title='bbox 1275 1094 1658 1177; x_wconf 87' lang='lat' dir='ltr'>probabilem</span> <span class='ocrx_word' id='word_1_64' title='bbox 1719 1094 1783 1158; x_wconf 91' lang='lat' dir='ltr'>in</span> <span class='ocrx_word' id='word_1_65' title='bbox 1839 1111 2139 1158; x_wconf 79' lang='lat' dir='ltr'>concursu</span> <span class='ocrx_word' id='word_1_66' title='bbox 2201 1092 2634 1175; x_wconf 84' lang='lat' dir='ltr'>probabilioris</span> <span class='ocrx_word' id='word_1_67' title='bbox 2696 1109 2806 1174; x_wconf 91' lang='lat' dir='ltr'>pro</span> 
     </span>
     <span class='ocr_line' id='line_1_9' title="bbox 336 1194 2810 1281; baseline -0.002 -20"><span class='ocrx_word' id='word_1_68' title='bbox 336 1197 492 1281; x_wconf 87' lang='lat' dir='ltr'>lege,</span> <span class='ocrx_word' id='word_1_69' title='bbox 527 1197 885 1261; x_wconf 80' lang='lat' dir='ltr'>existimant</span> <span class='ocrx_word' id='word_1_70' title='bbox 918 1197 1210 1280; x_wconf 78' lang='lat' dir='ltr'>amplecti</span> <span class='ocrx_word' id='word_1_71' title='bbox 1241 1196 1613 1261; x_wconf 81' lang='lat' dir='ltr'>sententiam</span> <span class='ocrx_word' id='word_1_72' title='bbox 1643 1195 1861 1259; x_wconf 81' lang='lat' dir='ltr'>reflexe</span> <span class='ocrx_word' id='word_1_73' title='bbox 1892 1194 2390 1278; x_wconf 81' lang='lat' dir='ltr'>probabiliorem,</span> <span class='ocrx_word' id='word_1_74' title='bbox 2425 1195 2645 1276; x_wconf 87' lang='lat' dir='ltr'>utpote</span> <span class='ocrx_word' id='word_1_75' title='bbox 2666 1213 2810 1275; x_wconf 62' lang='grc' dir='ltr'>φνεν</span> 
     </span>
     <span class='ocr_line' id='line_1_10' title="bbox 335 1294 2805 1377; baseline -0.002 -14"><span class='ocrx_word' id='word_1_76' title='bbox 335 1299 612 1363; x_wconf 76' lang='lat' dir='ltr'>rioribus</span> <span class='ocrx_word' id='word_1_77' title='bbox 634 1297 1061 1377; x_wconf 59' lang='lat' dir='ltr'>ftmdamentils</span> <span class='ocrx_word' id='word_1_78' title='bbox 1084 1303 1148 1361; x_wconf 77' lang='lat' dir='ltr'>et</span> <span class='ocrx_word' id='word_1_79' title='bbox 1164 1298 1665 1361; x_wconf 62' lang='lat' dir='ltr'>communissima</span> <span class='ocrx_word' id='word_1_80' title='bbox 1691 1296 2006 1361; x_wconf 47' lang='lat' dir='ltr'>doctorum&gt;</span> <span class='ocrx_word' id='word_1_81' title='bbox 2022 1296 2392 1360; x_wconf 72' lang='lat' dir='ltr'>auctoritate</span> <span class='ocrx_word' id='word_1_82' title='bbox 2410 1294 2728 1375; x_wconf 68' lang='lat' dir='ltr'>firmatam</span> <span class='ocrx_word' id='word_1_83' title='bbox 2745 1320 2805 1357; x_wconf 87' lang='lat'>».</span> 
     </span>
     <span class='ocr_line' id='line_1_11' title="bbox 427 1397 2806 1484; baseline -0.003 -18"><span class='ocrx_word' id='word_1_84' title='bbox 427 1402 531 1466; x_wconf 84' lang='lat'>33.</span> <span class='ocrx_word' id='word_1_85' title='bbox 582 1400 743 1480; x_wconf 80' lang='lat' dir='ltr'>Quid</span> <span class='ocrx_word' id='word_1_86' title='bbox 789 1419 973 1484; x_wconf 90' lang='lat' dir='ltr'>porro</span> <span class='ocrx_word' id='word_1_87' title='bbox 1023 1420 1096 1465; x_wconf 83' lang='lat' dir='ltr'>ex</span> <span class='ocrx_word' id='word_1_88' title='bbox 1142 1401 1464 1482; x_wconf 86' lang='lat' dir='ltr'>hucusque</span> <span class='ocrx_word' id='word_1_89' title='bbox 1510 1400 1691 1464; x_wconf 88' lang='lat' dir='ltr'>dictis</span> <span class='ocrx_word' id='word_1_90' title='bbox 1741 1399 2100 1464; x_wconf 87' lang='lat' dir='ltr'>concludere</span> <span class='ocrx_word' id='word_1_91' title='bbox 2146 1399 2351 1475; x_wconf 88' lang='lat' dir='ltr'>liceat,</span> <span class='ocrx_word' id='word_1_92' title='bbox 2392 1397 2547 1461; x_wconf 77' lang='lat' dir='ltr'>satis</span> <span class='ocrx_word' id='word_1_93' title='bbox 2594 1398 2806 1479; x_wconf 84' lang='lat' dir='ltr'>putet;</span> 
     </span>
     <span class='ocr_line' id='line_1_12' title="bbox 332 1500 2810 1585; baseline -0.001 -18"><span class='ocrx_word' id='word_1_94' title='bbox 332 1504 628 1569; x_wconf 84' lang='lat' dir='ltr'>nimirum</span> <span class='ocrx_word' id='word_1_95' title='bbox 678 1503 961 1585; x_wconf 84' lang='lat' dir='ltr'>quisquis</span> <span class='ocrx_word' id='word_1_96' title='bbox 1009 1502 1342 1567; x_wconf 82' lang='lat' dir='ltr'>contendat</span> <span class='ocrx_word' id='word_1_97' title='bbox 1390 1505 1503 1566; x_wconf 90' lang='lat' dir='ltr'>aut</span> <span class='ocrx_word' id='word_1_98' title='bbox 1546 1522 1711 1566; x_wconf 91' lang='lat' dir='ltr'>mere</span> <span class='ocrx_word' id='word_1_99' title='bbox 1757 1503 1875 1566; x_wconf 88' lang='lat' dir='ltr'>sibi</span> <span class='ocrx_word' id='word_1_100' title='bbox 1922 1501 2201 1578; x_wconf 87' lang='lat' dir='ltr'>suadeat,</span> <span class='ocrx_word' id='word_1_101' title='bbox 2251 1500 2616 1577; x_wconf 80' lang='lat' dir='ltr'>doctrinam,</span> <span class='ocrx_word' id='word_1_102' title='bbox 2652 1518 2810 1580; x_wconf 76' lang='lat' dir='ltr'>quae</span> 
     </span>
     <span class='ocr_line' id='line_1_13' title="bbox 332 1601 2813 1687; baseline -0.002 -18"><span class='ocrx_word' id='word_1_103' title='bbox 332 1608 525 1687; x_wconf 75' lang='lat' dir='ltr'>neyat</span> <span class='ocrx_word' id='word_1_104' title='bbox 570 1604 812 1669; x_wconf 71' lang='lat' dir='ltr'>licitum</span> <span class='ocrx_word' id='word_1_105' title='bbox 872 1623 1002 1668; x_wconf 79' lang='lat' dir='ltr'>esse</span> <span class='ocrx_word' id='word_1_106' title='bbox 1049 1605 1229 1685; x_wconf 73' lang='lat' dir='ltr'>sequi</span> <span class='ocrx_word' id='word_1_107' title='bbox 1286 1605 1638 1683; x_wconf 25' lang='lat' dir='ltr'>opinionem*</span> <span class='ocrx_word' id='word_1_108' title='bbox 1684 1606 1894 1667; x_wconf 72' lang='lat' dir='ltr'>me’nus</span> <span class='ocrx_word' id='word_1_109' title='bbox 1945 1603 2355 1683; x_wconf 77' lang='lat' dir='ltr'>probabilem,</span> <span class='ocrx_word' id='word_1_110' title='bbox 2403 1601 2654 1683; x_wconf 80' lang='lat' dir='ltr'>quando</span> <span class='ocrx_word' id='word_1_111' title='bbox 2690 1621 2813 1680; x_wconf 80' lang='lat' dir='ltr'>pro</span> 
     </span>
     <span class='ocr_line' id='line_1_14' title="bbox 333 1704 2812 1789; baseline -0.001 -20"><span class='ocrx_word' id='word_1_112' title='bbox 333 1706 469 1789; x_wconf 75' lang='lat' dir='ltr'>leye</span> <span class='ocrx_word' id='word_1_113' title='bbox 515 1709 645 1769; x_wconf 81' lang='lat' dir='ltr'>stat</span> <span class='ocrx_word' id='word_1_114' title='bbox 686 1706 897 1786; x_wconf 71' lang='lat' dir='ltr'>opinio</span> <span class='ocrx_word' id='word_1_115' title='bbox 957 1709 1121 1770; x_wconf 76' lang='lat' dir='ltr'>certe</span> <span class='ocrx_word' id='word_1_116' title='bbox 1178 1708 1295 1768; x_wconf 82' lang='lat' dir='ltr'>aut</span> <span class='ocrx_word' id='word_1_117' title='bbox 1351 1705 1717 1769; x_wconf 74' lang='lat' dir='ltr'>notabiliter</span> <span class='ocrx_word' id='word_1_118' title='bbox 1754 1705 2175 1785; x_wconf 76' lang='lat' dir='ltr'>probabilior,</span> <span class='ocrx_word' id='word_1_119' title='bbox 2233 1706 2584 1788; x_wconf 85' lang='lat' dir='ltr'>oppositam</span> <span class='ocrx_word' id='word_1_120' title='bbox 2636 1704 2812 1769; x_wconf 77' lang='lat' dir='ltr'>iuxta</span> 
     </span>
     <span class='ocr_line' id='line_1_15' title="bbox 336 1807 2814 1894; baseline -0.001 -21"><span class='ocrx_word' id='word_1_121' title='bbox 336 1827 387 1873; x_wconf 76' lang='grc'>3.</span> <span class='ocrx_word' id='word_1_122' title='bbox 424 1808 730 1889; x_wconf 79' lang='lat' dir='ltr'>Alphonsi</span> <span class='ocrx_word' id='word_1_123' title='bbox 760 1809 1036 1872; x_wconf 85' lang='lat' dir='ltr'>mentem</span> <span class='ocrx_word' id='word_1_124' title='bbox 1072 1827 1202 1872; x_wconf 90' lang='lat' dir='ltr'>esse</span> <span class='ocrx_word' id='word_1_125' title='bbox 1233 1807 1549 1873; x_wconf 85' lang='lat' dir='ltr'>doctrinae</span> <span class='ocrx_word' id='word_1_126' title='bbox 1596 1810 1767 1891; x_wconf 89' lang='lat' dir='ltr'>prius</span> <span class='ocrx_word' id='word_1_127' title='bbox 1805 1809 1884 1873; x_wconf 88' lang='lat' dir='ltr'>ab</span> <span class='ocrx_word' id='word_1_128' title='bbox 1922 1810 2055 1892; x_wconf 88' lang='lat' dir='ltr'>ipso</span> <span class='ocrx_word' id='word_1_129' title='bbox 2089 1808 2536 1894; x_wconf 82' lang='lat' dir='ltr'>propugnatae,</span> <span class='ocrx_word' id='word_1_130' title='bbox 2573 1807 2814 1872; x_wconf 81' lang='lat' dir='ltr'>licitum</span> 
     </span>
     <span class='ocr_line' id='line_1_16' title="bbox 334 1909 2810 1993; baseline -0 -18"><span class='ocrx_word' id='word_1_131' title='bbox 334 1930 470 1975; x_wconf 78' lang='lat' dir='ltr'>esse</span> <span class='ocrx_word' id='word_1_132' title='bbox 493 1911 672 1991; x_wconf 76' lang='lat' dir='ltr'>sequi</span> <span class='ocrx_word' id='word_1_133' title='bbox 692 1910 1046 1990; x_wconf 80' lang='lat' dir='ltr'>opinionem</span> <span class='ocrx_word' id='word_1_134' title='bbox 1051 1909 1462 1989; x_wconf 76' lang='lat' dir='ltr'>probabilem,</span> <span class='ocrx_word' id='word_1_135' title='bbox 1475 1910 1693 1976; x_wconf 77' lang='lat' dir='ltr'>relicta</span> <span class='ocrx_word' id='word_1_136' title='bbox 1708 1911 2133 1990; x_wconf 76' lang='lat' dir='ltr'>probabiliori</span> <span class='ocrx_word' id='word_1_137' title='bbox 2143 1931 2266 1992; x_wconf 76' lang='lat' dir='ltr'>pro</span> <span class='ocrx_word' id='word_1_138' title='bbox 2292 1910 2422 1993; x_wconf 69' lang='lat' dir='ltr'>{eye</span> <span class='ocrx_word' id='word_1_139' title='bbox 2445 1914 2635 1992; x_wconf 84' lang='lat' dir='ltr'>atque</span> <span class='ocrx_word' id='word_1_140' title='bbox 2660 1910 2810 1974; x_wconf 87' lang='lat' dir='ltr'>adeo</span> 
     </span>
     <span class='ocr_line' id='line_1_17' title="bbox 336 2011 2812 2094; baseline -0 -16"><span class='ocrx_word' id='word_1_141' title='bbox 336 2011 675 2078; x_wconf 86' lang='lat' dir='ltr'>contendat</span> <span class='ocrx_word' id='word_1_142' title='bbox 723 2014 836 2077; x_wconf 86' lang='lat' dir='ltr'>aut</span> <span class='ocrx_word' id='word_1_143' title='bbox 882 2030 1245 2094; x_wconf 87' lang='lat' dir='ltr'>persuasum</span> <span class='ocrx_word' id='word_1_144' title='bbox 1292 2013 1539 2089; x_wconf 83' lang='lat' dir='ltr'>habeat,</span> <span class='ocrx_word' id='word_1_145' title='bbox 1574 2033 1620 2078; x_wconf 90' lang='lat' dir='ltr'>s.</span> <span class='ocrx_word' id='word_1_146' title='bbox 1663 2014 1999 2078; x_wconf 83' lang='lat' dir='ltr'>Doctorem</span> <span class='ocrx_word' id='word_1_147' title='bbox 2032 2015 2108 2078; x_wconf 88' lang='lat' dir='ltr'>ab</span> <span class='ocrx_word' id='word_1_148' title='bbox 2141 2014 2337 2078; x_wconf 86' lang='lat' dir='ltr'>altera</span> <span class='ocrx_word' id='word_1_149' title='bbox 2369 2014 2486 2076; x_wconf 88' lang='lat' dir='ltr'>hac</span> <span class='ocrx_word' id='word_1_150' title='bbox 2533 2012 2812 2077; x_wconf 85' lang='lat' dir='ltr'>doctrina</span> 
     </span>
     <span class='ocr_line' id='line_1_18' title="bbox 335 2114 2813 2200; baseline 0.001 -22"><span class='ocrx_word' id='word_1_151' title='bbox 335 2115 658 2180; x_wconf 79' lang='lat' dir='ltr'>recessisse</span> <span class='ocrx_word' id='word_1_152' title='bbox 704 2114 831 2179; x_wconf 91' lang='lat' dir='ltr'>imo</span> <span class='ocrx_word' id='word_1_153' title='bbox 881 2134 1023 2179; x_wconf 86' lang='lat' dir='ltr'>eam</span> <span class='ocrx_word' id='word_1_154' title='bbox 1070 2115 1347 2179; x_wconf 87' lang='lat' dir='ltr'>reiecisse</span> <span class='ocrx_word' id='word_1_155' title='bbox 1397 2119 1584 2198; x_wconf 85' lang='lat' dir='ltr'>atque</span> <span class='ocrx_word' id='word_1_156' title='bbox 1630 2117 2044 2199; x_wconf 68' lang='lat' dir='ltr'>improbasse,</span> <span class='ocrx_word' id='word_1_157' title='bbox 2093 2117 2213 2181; x_wconf 87' lang='lat' dir='ltr'>iste</span> <span class='ocrx_word' id='word_1_158' title='bbox 2262 2118 2375 2182; x_wconf 87' lang='lat' dir='ltr'>aut</span> <span class='ocrx_word' id='word_1_159' title='bbox 2421 2116 2813 2200; x_wconf 86' lang='lat' dir='ltr'>peregrinum</span> 
     </span>
     <span class='ocr_line' id='line_1_19' title="bbox 334 2216 2812 2300; baseline 0 -18"><span class='ocrx_word' id='word_1_160' title='bbox 334 2236 400 2282; x_wconf 89' lang='lat' dir='ltr'>se</span> <span class='ocrx_word' id='word_1_161' title='bbox 450 2217 514 2280; x_wconf 87' lang='lat' dir='ltr'>in</span> <span class='ocrx_word' id='word_1_162' title='bbox 546 2236 593 2281; x_wconf 87' lang='lat' dir='ltr'>s.</span> <span class='ocrx_word' id='word_1_163' title='bbox 629 2216 935 2299; x_wconf 87' lang='lat' dir='ltr'>Alphonsi</span> <span class='ocrx_word' id='word_1_164' title='bbox 968 2216 1259 2300; x_wconf 88' lang='lat' dir='ltr'>operibus</span> <span class='ocrx_word' id='word_1_165' title='bbox 1298 2218 1571 2283; x_wconf 85' lang='lat' dir='ltr'>ostendit</span> <span class='ocrx_word' id='word_1_166' title='bbox 1604 2221 1717 2283; x_wconf 84' lang='lat' dir='ltr'>aut</span> <span class='ocrx_word' id='word_1_167' title='bbox 1748 2219 2022 2284; x_wconf 85' lang='lat' dir='ltr'>eiusdem</span> <span class='ocrx_word' id='word_1_168' title='bbox 2054 2240 2102 2285; x_wconf 90' lang='lat' dir='ltr'>s.</span> <span class='ocrx_word' id='word_1_169' title='bbox 2138 2219 2427 2285; x_wconf 87' lang='lat' dir='ltr'>Doctoris</span> <span class='ocrx_word' id='word_1_170' title='bbox 2465 2237 2644 2283; x_wconf 85' lang='lat' dir='ltr'>sensa</span> <span class='ocrx_word' id='word_1_171' title='bbox 2691 2236 2812 2282; x_wconf 90' lang='lat' dir='ltr'>non</span> 
     </span>
     <span class='ocr_line' id='line_1_20' title="bbox 333 2320 2814 2403; baseline -0 -19"><span class='ocrx_word' id='word_1_172' title='bbox 333 2320 457 2385; x_wconf 85' lang='lat' dir='ltr'>nisi</span> <span class='ocrx_word' id='word_1_173' title='bbox 503 2320 722 2385; x_wconf 81' lang='lat' dir='ltr'>leviter</span> <span class='ocrx_word' id='word_1_174' title='bbox 769 2321 1200 2403; x_wconf 85' lang='lat' dir='ltr'>perscrutatus</span> <span class='ocrx_word' id='word_1_175' title='bbox 1240 2323 1479 2386; x_wconf 83' lang='lat' dir='ltr'>estant</span> <span class='ocrx_word' id='word_1_176' title='bbox 1525 2322 1687 2386; x_wconf 89' lang='lat' dir='ltr'>certe</span> <span class='ocrx_word' id='word_1_177' title='bbox 1736 2323 1896 2386; x_wconf 87' lang='lat' dir='ltr'>bona</span> <span class='ocrx_word' id='word_1_178' title='bbox 1934 2322 2051 2387; x_wconf 90' lang='lat' dir='ltr'>fide</span> <span class='ocrx_word' id='word_1_179' title='bbox 2083 2323 2386 2388; x_wconf 86' lang='lat' dir='ltr'>lectorum</span> <span class='ocrx_word' id='word_1_180' title='bbox 2436 2322 2721 2386; x_wconf 89' lang='lat' dir='ltr'>abutitur</span> <span class='ocrx_word' id='word_1_181' title='bbox 2749 2322 2814 2384; x_wconf 86' lang='lat' dir='ltr'>et</span> 
     </span>
     <span class='ocr_line' id='line_1_21' title="bbox 333 2422 2767 2507; baseline -0 -20"><span class='ocrx_word' id='word_1_182' title='bbox 333 2424 571 2507; x_wconf 86' lang='lat' dir='ltr'>placita</span> <span class='ocrx_word' id='word_1_183' title='bbox 617 2442 752 2496; x_wconf 87' lang='lat' dir='ltr'>sua,</span> <span class='ocrx_word' id='word_1_184' title='bbox 803 2423 1059 2489; x_wconf 89' lang='lat' dir='ltr'>obtento</span> <span class='ocrx_word' id='word_1_185' title='bbox 1107 2442 1155 2487; x_wconf 83' lang='lat' dir='ltr'>S.</span> <span class='ocrx_word' id='word_1_186' title='bbox 1197 2424 1484 2489; x_wconf 87' lang='lat' dir='ltr'>Doctoris</span> <span class='ocrx_word' id='word_1_187' title='bbox 1531 2423 1835 2507; x_wconf 84' lang='lat' dir='ltr'>Alphonsi</span> <span class='ocrx_word' id='word_1_188' title='bbox 1881 2425 2146 2503; x_wconf 88' lang='lat' dir='ltr'>nomine,</span> <span class='ocrx_word' id='word_1_189' title='bbox 2188 2425 2505 2490; x_wconf 84' lang='lat' dir='ltr'>venditare</span> <span class='ocrx_word' id='word_1_190' title='bbox 2536 2422 2767 2489; x_wconf 84' lang='lat' dir='ltr'>studet.</span> 
     </span>
     <span class='ocr_line' id='line_1_22' title="bbox 434 2523 2813 2610; baseline 0 -20"><span class='ocrx_word' id='word_1_191' title='bbox 434 2525 542 2590; x_wconf 82' lang='lat'>34.</span> <span class='ocrx_word' id='word_1_192' title='bbox 559 2524 647 2589; x_wconf 86' lang='lat' dir='ltr'>At</span> <span class='ocrx_word' id='word_1_193' title='bbox 668 2524 833 2590; x_wconf 90' lang='lat' dir='ltr'>enim</span> <span class='ocrx_word' id='word_1_194' title='bbox 854 2523 1039 2602; x_wconf 77' lang='lat' dir='ltr'>diceS,</span> <span class='ocrx_word' id='word_1_195' title='bbox 1064 2543 1265 2590; x_wconf 89' lang='lat' dir='ltr'>nonne</span> <span class='ocrx_word' id='word_1_196' title='bbox 1292 2529 1500 2610; x_wconf 86' lang='lat' dir='ltr'>aperte</span> <span class='ocrx_word' id='word_1_197' title='bbox 1522 2526 1789 2610; x_wconf 90' lang='lat' dir='ltr'>priorem</span> <span class='ocrx_word' id='word_1_198' title='bbox 1814 2546 1994 2592; x_wconf 85' lang='lat' dir='ltr'>suam</span> <span class='ocrx_word' id='word_1_199' title='bbox 2018 2526 2365 2593; x_wconf 86' lang='lat' dir='ltr'>doctrinam</span> <span class='ocrx_word' id='word_1_200' title='bbox 2390 2546 2438 2592; x_wconf 90' lang='lat' dir='ltr'>s.</span> <span class='ocrx_word' id='word_1_201' title='bbox 2457 2526 2813 2610; x_wconf 74' lang='lat' dir='ltr'>Alphonsus</span> 
     </span>
     <span class='ocr_line' id='line_1_23' title="bbox 334 2627 2814 2713; baseline -0.002 -17"><span class='ocrx_word' id='word_1_202' title='bbox 334 2628 618 2696; x_wconf 84' lang='lat' dir='ltr'>reiecisse</span> <span class='ocrx_word' id='word_1_203' title='bbox 644 2627 934 2693; x_wconf 87' lang='lat' dir='ltr'>dicendus</span> <span class='ocrx_word' id='word_1_204' title='bbox 966 2629 1080 2706; x_wconf 89' lang='lat' dir='ltr'>est,</span> <span class='ocrx_word' id='word_1_205' title='bbox 1106 2628 1355 2711; x_wconf 89' lang='lat' dir='ltr'>quando</span> <span class='ocrx_word' id='word_1_206' title='bbox 1388 2630 1767 2713; x_wconf 85' lang='lat' dir='ltr'>improbavit</span> <span class='ocrx_word' id='word_1_207' title='bbox 1797 2631 2170 2695; x_wconf 85' lang='lat' dir='ltr'>sententiam</span> <span class='ocrx_word' id='word_1_208' title='bbox 2204 2649 2392 2712; x_wconf 87' lang='lat' dir='ltr'>quam</span> <span class='ocrx_word' id='word_1_209' title='bbox 2424 2648 2814 2695; x_wconf 90' lang='lat' dir='ltr'>communem</span> 
     </span>
     <span class='ocr_line' id='line_1_24' title="bbox 335 2730 2811 2817; baseline -0.001 -20"><span class='ocrx_word' id='word_1_210' title='bbox 335 2732 535 2797; x_wconf 88' lang='lat' dir='ltr'>seculi</span> <span class='ocrx_word' id='word_1_211' title='bbox 560 2730 978 2814; x_wconf 86' lang='lat' dir='ltr'>praecedentis</span> <span class='ocrx_word' id='word_1_212' title='bbox 997 2732 1312 2814; x_wconf 77' lang='lat' dir='ltr'>appellat?</span> <span class='ocrx_word' id='word_1_213' title='bbox 1329 2731 1497 2797; x_wconf 84' lang='lat' dir='ltr'>Satis</span> <span class='ocrx_word' id='word_1_214' title='bbox 1515 2733 1678 2798; x_wconf 89' lang='lat' dir='ltr'>enim</span> <span class='ocrx_word' id='word_1_215' title='bbox 1694 2733 1863 2798; x_wconf 86' lang='lat' dir='ltr'>clara</span> <span class='ocrx_word' id='word_1_216' title='bbox 1880 2736 2047 2810; x_wconf 84' lang='lat' dir='ltr'>sunt,</span> <span class='ocrx_word' id='word_1_217' title='bbox 2067 2752 2226 2815; x_wconf 89' lang='lat' dir='ltr'>quae</span> <span class='ocrx_word' id='word_1_218' title='bbox 2247 2734 2515 2817; x_wconf 85' lang='lat' dir='ltr'>legimus</span> <span class='ocrx_word' id='word_1_219' title='bbox 2530 2733 2596 2798; x_wconf 89' lang='lat' dir='ltr'>in</span> <span class='ocrx_word' id='word_1_220' title='bbox 2620 2732 2811 2796; x_wconf 87' lang='lat' dir='ltr'>Hom.</span> 
     </span>
     <span class='ocr_line' id='line_1_25' title="bbox 335 2833 2813 2917; baseline -0 -18"><span class='ocrx_word' id='word_1_221' title='bbox 335 2835 606 2914; x_wconf 74' lang='lat' dir='ltr'>Apost.,·</span> <span class='ocrx_word' id='word_1_222' title='bbox 654 2852 813 2914; x_wconf 89' lang='lat' dir='ltr'>quae</span> <span class='ocrx_word' id='word_1_223' title='bbox 859 2833 1047 2898; x_wconf 87' lang='lat' dir='ltr'>verba</span> <span class='ocrx_word' id='word_1_224' title='bbox 1080 2834 1302 2899; x_wconf 86' lang='lat' dir='ltr'>desunt</span> <span class='ocrx_word' id='word_1_225' title='bbox 1335 2834 1582 2917; x_wconf 88' lang='lat' dir='ltr'>quidem</span> <span class='ocrx_word' id='word_1_226' title='bbox 1614 2836 1675 2899; x_wconf 88' lang='lat' dir='ltr'>in</span> <span class='ocrx_word' id='word_1_227' title='bbox 1710 2834 1978 2900; x_wconf 86' lang='lat' dir='ltr'>editione</span> <span class='ocrx_word' id='word_1_228' title='bbox 2025 2835 2391 2901; x_wconf 85' lang='lat' dir='ltr'>Taurinensi</span> <span class='ocrx_word' id='word_1_229' title='bbox 2425 2854 2565 2900; x_wconf 89' lang='lat' dir='ltr'>ann.</span> <span class='ocrx_word' id='word_1_230' title='bbox 2597 2835 2813 2909; x_wconf 72' lang='lat'>1829„</span> 
     </span>
     <span class='ocr_line' id='line_1_26' title="bbox 337 2934 2814 3020; baseline -0.001 -19"><span class='ocrx_word' id='word_1_231' title='bbox 337 2938 407 3001; x_wconf 78' lang='lat' dir='ltr'>at</span> <span class='ocrx_word' id='word_1_232' title='bbox 432 2936 725 3020; x_wconf 86' lang='lat' dir='ltr'>prostant</span> <span class='ocrx_word' id='word_1_233' title='bbox 745 2934 811 2998; x_wconf 92' lang='lat' dir='ltr'>in</span> <span class='ocrx_word' id='word_1_234' title='bbox 840 2934 1210 3000; x_wconf 86' lang='lat' dir='ltr'>Bassanensi</span> <span class='ocrx_word' id='word_1_235' title='bbox 1235 2955 1375 3001; x_wconf 86' lang='lat' dir='ltr'>ann.</span> <span class='ocrx_word' id='word_1_236' title='bbox 1408 2937 1597 3002; x_wconf 81' lang='lat'><strong>1826.</strong></span> <span class='ocrx_word' id='word_1_237' title='bbox 1625 2940 1688 3002; x_wconf 89' lang='lat' dir='ltr'>et</span> <span class='ocrx_word' id='word_1_238' title='bbox 1712 2939 1804 3002; x_wconf 86' lang='lat' dir='ltr'>ita</span> <span class='ocrx_word' id='word_1_239' title='bbox 1832 2939 2060 3002; x_wconf 87' lang='lat' dir='ltr'>sonant</span> <span class='ocrx_word' id='word_1_240' title='bbox 2085 2939 2161 3001; x_wconf 87' lang='lat' dir='ltr'>tr.</span> <span class='ocrx_word' id='word_1_241' title='bbox 2195 2940 2251 3001; x_wconf 92' lang='lat'>1.</span> <span class='ocrx_word' id='word_1_242' title='bbox 2279 2958 2338 3002; x_wconf 91' lang='lat' dir='ltr'>n.</span> <span class='ocrx_word' id='word_1_243' title='bbox 2368 2939 2504 3002; x_wconf 83' lang='lat'>31.:</span> <span class='ocrx_word' id='word_1_244' title='bbox 2533 2963 2566 2994; x_wconf 88' lang='lat'>«</span> <span class='ocrx_word' id='word_1_245' title='bbox 2584 2937 2814 3001; x_wconf 90' lang='lat' dir='ltr'>Utrum</span> 
     </span>
    </p>
   </div>
   <div class='ocr_carea' id='block_1_3' title="bbox 218 3036 2812 3123">
    <p class='ocr_par' dir='ltr' id='par_1_3' title="bbox 218 3036 2812 3123">
     <span class='ocr_line' id='line_1_27' title="bbox 218 3036 2812 3123; baseline -0.001 -21"><span class='ocrx_word' id='word_1_246' title='bbox 218 3059 228 3071; x_wconf 90' lang='lat'><strong>·</strong></span> <span class='ocrx_word' id='word_1_247' title='bbox 336 3041 556 3102; x_wconf 86' lang='lat' dir='ltr'>autem</span> <span class='ocrx_word' id='word_1_248' title='bbox 591 3036 778 3101; x_wconf 85' lang='lat' dir='ltr'>liceat</span> <span class='ocrx_word' id='word_1_249' title='bbox 823 3055 971 3100; x_wconf 87' lang='lat' dir='ltr'>cum</span> <span class='ocrx_word' id='word_1_250' title='bbox 1019 3038 1303 3120; x_wconf 90' lang='lat' dir='ltr'>opinione</span> <span class='ocrx_word' id='word_1_251' title='bbox 1350 3039 1654 3121; x_wconf 85' lang='lat' dir='ltr'>probabili</span> <span class='ocrx_word' id='word_1_252' title='bbox 1695 3041 1954 3123; x_wconf 87' lang='lat' dir='ltr'>operari,</span> <span class='ocrx_word' id='word_1_253' title='bbox 1991 3041 2114 3104; x_wconf 82' lang='lat' dir='ltr'>tres</span> <span class='ocrx_word' id='word_1_254' title='bbox 2164 3040 2392 3104; x_wconf 86' lang='lat' dir='ltr'>adsunt</span> <span class='ocrx_word' id='word_1_255' title='bbox 2438 3038 2812 3102; x_wconf 80' lang='lat' dir='ltr'>sententiae:</span> 
     </span>
    </p>
   </div>
   <div class='ocr_carea' id='block_1_4' title="bbox 330 3138 2825 4666">
    <p class='ocr_par' dir='ltr' id='par_1_4' title="bbox 330 3138 2819 4051">
     <span class='ocr_line' id='line_1_28' title="bbox 334 3138 2816 3224; baseline -0 -20"><span class='ocrx_word' id='word_1_256' title='bbox 334 3159 610 3223; x_wconf 83' lang='lat' dir='ltr'>quarum</span> <span class='ocrx_word' id='word_1_257' title='bbox 642 3138 844 3222; x_wconf 87' lang='lat' dir='ltr'>prima</span> <span class='ocrx_word' id='word_1_258' title='bbox 890 3140 1007 3216; x_wconf 90' lang='lat' dir='ltr'>est,</span> <span class='ocrx_word' id='word_1_259' title='bbox 1042 3142 1118 3203; x_wconf 89' lang='lat' dir='ltr'>ut</span> <span class='ocrx_word' id='word_1_260' title='bbox 1166 3142 1364 3223; x_wconf 88' lang='lat' dir='ltr'>possit</span> <span class='ocrx_word' id='word_1_261' title='bbox 1394 3142 1535 3222; x_wconf 88' lang='lat' dir='ltr'>quis</span> <span class='ocrx_word' id='word_1_262' title='bbox 1565 3142 1734 3206; x_wconf 87' lang='lat' dir='ltr'>licite</span> <span class='ocrx_word' id='word_1_263' title='bbox 1766 3141 1941 3223; x_wconf 91' lang='lat' dir='ltr'>sequi</span> <span class='ocrx_word' id='word_1_264' title='bbox 1990 3141 2341 3224; x_wconf 88' lang='lat' dir='ltr'>opinionem</span> <span class='ocrx_word' id='word_1_265' title='bbox 2388 3141 2578 3204; x_wconf 84' lang='lat' dir='ltr'>etiam</span> <span class='ocrx_word' id='word_1_266' title='bbox 2609 3140 2816 3204; x_wconf 84' lang='lat' dir='ltr'>minus</span> 
     </span>
     <span class='ocr_line' id='line_1_29' title="bbox 333 3240 2815 3328; baseline -0.001 -21"><span class='ocrx_word' id='word_1_267' title='bbox 333 3241 724 3326; x_wconf 85' lang='lat' dir='ltr'>probabilem</span> <span class='ocrx_word' id='word_1_268' title='bbox 770 3258 881 3322; x_wconf 90' lang='lat' dir='ltr'>pro</span> <span class='ocrx_word' id='word_1_269' title='bbox 930 3240 1242 3318; x_wconf 87' lang='lat' dir='ltr'>libertate,</span> <span class='ocrx_word' id='word_1_270' title='bbox 1290 3242 1438 3307; x_wconf 87' lang='lat' dir='ltr'>licet</span> <span class='ocrx_word' id='word_1_271' title='bbox 1485 3243 1690 3325; x_wconf 88' lang='lat' dir='ltr'>opinio</span> <span class='ocrx_word' id='word_1_272' title='bbox 1738 3262 1849 3326; x_wconf 91' lang='lat' dir='ltr'>pro</span> <span class='ocrx_word' id='word_1_273' title='bbox 1894 3243 2032 3328; x_wconf 87' lang='lat' dir='ltr'>lege</span> <span class='ocrx_word' id='word_1_274' title='bbox 2080 3243 2166 3306; x_wconf 88' lang='lat' dir='ltr'>sit</span> <span class='ocrx_word' id='word_1_275' title='bbox 2210 3244 2371 3306; x_wconf 86' lang='lat' dir='ltr'>certe</span> <span class='ocrx_word' id='word_1_276' title='bbox 2418 3240 2815 3324; x_wconf 88' lang='lat' dir='ltr'>probabilior.</span> 
     </span>
     <span class='ocr_line' id='line_1_30' title="bbox 332 3342 2817 3426; baseline -0.001 -17"><span class='ocrx_word' id='word_1_277' title='bbox 332 3344 535 3409; x_wconf 79' lang='lat' dir='ltr'>Hanc</span> <span class='ocrx_word' id='word_1_278' title='bbox 564 3342 949 3407; x_wconf 77' lang='lat' dir='ltr'>sententiam</span> <span class='ocrx_word' id='word_1_279' title='bbox 980 3342 1182 3423; x_wconf 61' lang='lat' dir='ltr'>elapsi:</span> <span class='ocrx_word' id='word_1_280' title='bbox 1216 3344 1416 3407; x_wconf 76' lang='lat' dir='ltr'>seculi</span> <span class='ocrx_word' id='word_1_281' title='bbox 1460 3349 1743 3409; x_wconf 77' lang='lat' dir='ltr'>auctores</span> <span class='ocrx_word' id='word_1_282' title='bbox 1775 3346 1960 3426; x_wconf 79' lang='lat' dir='ltr'>quasi</span> <span class='ocrx_word' id='word_1_283' title='bbox 2004 3345 2408 3408; x_wconf 73' lang='lat' dir='ltr'>communiter</span> <span class='ocrx_word' id='word_1_284' title='bbox 2448 3347 2817 3421; x_wconf 55' lang='lat' dir='ltr'>tenueram</span> 
     </span>
     <span class='ocr_line' id='line_1_31' title="bbox 330 3444 2817 3528; baseline -0 -16"><span class='ocrx_word' id='word_1_285' title='bbox 330 3447 451 3512; x_wconf 78' lang='lat' dir='ltr'>sed</span> <span class='ocrx_word' id='word_1_286' title='bbox 477 3465 596 3510; x_wconf 76' lang='lat' dir='ltr'>nos</span> <span class='ocrx_word' id='word_1_287' title='bbox 626 3444 912 3519; x_wconf 78' lang='lat' dir='ltr'>dicimus,</span> <span class='ocrx_word' id='word_1_288' title='bbox 949 3464 1089 3508; x_wconf 83' lang='lat' dir='ltr'>eam</span> <span class='ocrx_word' id='word_1_289' title='bbox 1118 3465 1249 3511; x_wconf 76' lang='lat' dir='ltr'>esse</span> <span class='ocrx_word' id='word_1_290' title='bbox 1275 3445 1489 3510; x_wconf 64' lang='lat' dir='ltr'>lamam</span> <span class='ocrx_word' id='word_1_291' title='bbox 1520 3451 1581 3511; x_wconf 80' lang='lat' dir='ltr'>ct</span> <span class='ocrx_word' id='word_1_292' title='bbox 1610 3447 1779 3511; x_wconf 79' lang='lat' dir='ltr'>licite</span> <span class='ocrx_word' id='word_1_293' title='bbox 1808 3447 2099 3528; x_wconf 77' lang='lat' dir='ltr'>amplecti</span> <span class='ocrx_word' id='word_1_294' title='bbox 2127 3468 2254 3512; x_wconf 77' lang='lat' dir='ltr'>non</span> <span class='ocrx_word' id='word_1_295' title='bbox 2275 3468 2459 3528; x_wconf 79' lang='lat' dir='ltr'>posse</span> <span class='ocrx_word' id='word_1_296' title='bbox 2475 3474 2537 3512; x_wconf 66' lang='lat'>2».</span> <span class='ocrx_word' id='word_1_297' title='bbox 2562 3448 2651 3512; x_wconf 87' lang='lat' dir='ltr'>At</span> <span class='ocrx_word' id='word_1_298' title='bbox 2673 3466 2817 3511; x_wconf 84' lang='lat' dir='ltr'>vero</span> 
     </span>
     <span class='ocr_line' id='line_1_32' title="bbox 332 3547 2815 3633; baseline -0 -18"><span class='ocrx_word' id='word_1_299' title='bbox 332 3547 673 3624; x_wconf 85' lang='lat' dir='ltr'>sententia,</span> <span class='ocrx_word' id='word_1_300' title='bbox 700 3566 890 3629; x_wconf 90' lang='lat' dir='ltr'>quam</span> <span class='ocrx_word' id='word_1_301' title='bbox 918 3548 1098 3629; x_wconf 88' lang='lat' dir='ltr'>quasi</span> <span class='ocrx_word' id='word_1_302' title='bbox 1144 3550 1560 3614; x_wconf 89' lang='lat' dir='ltr'>communiter</span> <span class='ocrx_word' id='word_1_303' title='bbox 1605 3553 1940 3616; x_wconf 84' lang='lat' dir='ltr'>tenuerunt</span> <span class='ocrx_word' id='word_1_304' title='bbox 1983 3554 2286 3628; x_wconf 76' lang='lat' dir='ltr'>auctoreS,</span> <span class='ocrx_word' id='word_1_305' title='bbox 2321 3553 2393 3615; x_wconf 88' lang='lat' dir='ltr'>ut</span> <span class='ocrx_word' id='word_1_306' title='bbox 2442 3551 2533 3616; x_wconf 85' lang='lat' dir='ltr'>ait</span> <span class='ocrx_word' id='word_1_307' title='bbox 2555 3569 2604 3615; x_wconf 92' lang='lat' dir='ltr'>s.</span> <span class='ocrx_word' id='word_1_308' title='bbox 2631 3548 2815 3633; x_wconf 83' lang='lat' dir='ltr'>Alph.</span> 
     </span>
     <span class='ocr_line' id='line_1_33' title="bbox 332 3654 2819 3742; baseline 0 -20"><span class='ocrx_word' id='word_1_309' title='bbox 332 3655 538 3740; x_wconf 78' lang='lat' dir='ltr'>elapsi</span> <span class='ocrx_word' id='word_1_310' title='bbox 571 3654 784 3727; x_wconf 86' lang='lat' dir='ltr'>seculi,</span> <span class='ocrx_word' id='word_1_311' title='bbox 821 3672 943 3718; x_wconf 90' lang='lat' dir='ltr'>non</span> <span class='ocrx_word' id='word_1_312' title='bbox 999 3654 1123 3718; x_wconf 86' lang='lat' dir='ltr'>alia</span> <span class='ocrx_word' id='word_1_313' title='bbox 1172 3674 1301 3721; x_wconf 89' lang='lat' dir='ltr'>esse</span> <span class='ocrx_word' id='word_1_314' title='bbox 1340 3657 1605 3734; x_wconf 84' lang='lat' dir='ltr'>videtur,</span> <span class='ocrx_word' id='word_1_315' title='bbox 1640 3677 1829 3740; x_wconf 86' lang='lat' dir='ltr'>quam</span> <span class='ocrx_word' id='word_1_316' title='bbox 1876 3677 2034 3740; x_wconf 90' lang='lat' dir='ltr'>quae</span> <span class='ocrx_word' id='word_1_317' title='bbox 2083 3658 2383 3741; x_wconf 87' lang='lat' dir='ltr'>appellari</span> <span class='ocrx_word' id='word_1_318' title='bbox 2427 3658 2692 3742; x_wconf 85' lang='lat' dir='ltr'>benigna</span> <span class='ocrx_word' id='word_1_319' title='bbox 2742 3658 2819 3722; x_wconf 86' lang='lat' dir='ltr'>ab</span> 
     </span>
     <span class='ocr_line' id='line_1_34' title="bbox 332 3756 2819 3843; baseline -0 -19"><span class='ocrx_word' id='word_1_320' title='bbox 332 3760 475 3843; x_wconf 88' lang='lat' dir='ltr'>ipso</span> <span class='ocrx_word' id='word_1_321' title='bbox 527 3777 578 3822; x_wconf 85' lang='lat' dir='ltr'>S.</span> <span class='ocrx_word' id='word_1_322' title='bbox 626 3756 893 3821; x_wconf 89' lang='lat' dir='ltr'>Doctore</span> <span class='ocrx_word' id='word_1_323' title='bbox 950 3759 1280 3823; x_wconf 83' lang='lat' dir='ltr'>consuevit</span> <span class='ocrx_word' id='word_1_324' title='bbox 1334 3759 1521 3841; x_wconf 86' lang='lat' dir='ltr'>atque</span> <span class='ocrx_word' id='word_1_325' title='bbox 1570 3760 1647 3824; x_wconf 89' lang='lat' dir='ltr'>ab</span> <span class='ocrx_word' id='word_1_326' title='bbox 1694 3759 1907 3826; x_wconf 90' lang='lat' dir='ltr'>eodem</span> <span class='ocrx_word' id='word_1_327' title='bbox 1953 3760 2017 3824; x_wconf 92' lang='lat' dir='ltr'>in</span> <span class='ocrx_word' id='word_1_328' title='bbox 2065 3760 2224 3825; x_wconf 91' lang='lat' dir='ltr'>binis</span> <span class='ocrx_word' id='word_1_329' title='bbox 2263 3759 2819 3825; x_wconf 84' lang='lat' dir='ltr'>Dissertationibus</span> 
     </span>
     <span class='ocr_line' id='line_1_35' title="bbox 337 3858 2818 3949; baseline 0 -22"><span class='ocrx_word' id='word_1_330' title='bbox 337 3881 488 3927; x_wconf 81' lang='lat' dir='ltr'>ann.</span> <span class='ocrx_word' id='word_1_331' title='bbox 548 3859 742 3923; x_wconf 66' lang='lat'>1749.</span> <span class='ocrx_word' id='word_1_332' title='bbox 793 3859 857 3922; x_wconf 89' lang='lat' dir='ltr'>et</span> <span class='ocrx_word' id='word_1_333' title='bbox 908 3858 940 3921; x_wconf 90' lang='lat'>1</span> <span class='ocrx_word' id='word_1_334' title='bbox 963 3858 1110 3923; x_wconf 86' lang='lat'>755.</span> <span class='ocrx_word' id='word_1_335' title='bbox 1146 3863 1539 3946; x_wconf 84' lang='lat' dir='ltr'>propugnata</span> <span class='ocrx_word' id='word_1_336' title='bbox 1578 3863 1800 3927; x_wconf 85' lang='lat' dir='ltr'>fuerat.</span> <span class='ocrx_word' id='word_1_337' title='bbox 1833 3864 1999 3949; x_wconf 84' lang='lat' dir='ltr'>Ergo</span> <span class='ocrx_word' id='word_1_338' title='bbox 2049 3883 2096 3928; x_wconf 88' lang='lat' dir='ltr'>s.</span> <span class='ocrx_word' id='word_1_339' title='bbox 2150 3865 2382 3928; x_wconf 87' lang='lat' dir='ltr'>Doctor</span> <span class='ocrx_word' id='word_1_340' title='bbox 2428 3863 2818 3941; x_wconf 86' lang='lat' dir='ltr'>sententiam,</span> 
     </span>
     <span class='ocr_line' id='line_1_36' title="bbox 343 3962 2818 4051; baseline 0.001 -22"><span class='ocrx_word' id='word_1_341' title='bbox 343 3982 549 4047; x_wconf 89' lang='lat' dir='ltr'>quam</span> <span class='ocrx_word' id='word_1_342' title='bbox 572 3962 744 4045; x_wconf 87' lang='lat' dir='ltr'>prius</span> <span class='ocrx_word' id='word_1_343' title='bbox 783 3962 1093 4041; x_wconf 83' lang='lat' dir='ltr'>tenuerat,</span> <span class='ocrx_word' id='word_1_344' title='bbox 1124 3965 1341 4046; x_wconf 88' lang='lat' dir='ltr'>postea</span> <span class='ocrx_word' id='word_1_345' title='bbox 1372 3965 1584 4031; x_wconf 89' lang='lat' dir='ltr'>reiecit</span> <span class='ocrx_word' id='word_1_346' title='bbox 1617 3969 1804 4048; x_wconf 90' lang='lat' dir='ltr'>atque</span> <span class='ocrx_word' id='word_1_347' title='bbox 1850 3970 2152 4050; x_wconf 84' lang='lat' dir='ltr'>tanquam</span> <span class='ocrx_word' id='word_1_348' title='bbox 2182 3967 2391 4032; x_wconf 84' lang='lat' dir='ltr'>laxam</span> <span class='ocrx_word' id='word_1_349' title='bbox 2421 3967 2818 4051; x_wconf 88' lang='lat' dir='ltr'>improbavit.</span> 
     </span>
    </p>

    <p class='ocr_par' dir='ltr' id='par_1_5' title="bbox 330 4062 2825 4666">
     <span class='ocr_line' id='line_1_37' title="bbox 430 4062 2822 4153; baseline 0.001 -22"><span class='ocrx_word' id='word_1_350' title='bbox 430 4068 545 4131; x_wconf 83' lang='lat'>35.</span> <span class='ocrx_word' id='word_1_351' title='bbox 567 4062 931 4147; x_wconf 85' lang='lat' dir='ltr'>Respondeo</span> <span class='ocrx_word' id='word_1_352' title='bbox 954 4064 1021 4129; x_wconf 91' lang='lat' dir='ltr'>in</span> <span class='ocrx_word' id='word_1_353' title='bbox 1055 4065 1291 4148; x_wconf 88' lang='lat' dir='ltr'>primis,</span> <span class='ocrx_word' id='word_1_354' title='bbox 1308 4067 1539 4131; x_wconf 87' lang='lat' dir='ltr'>mirum</span> <span class='ocrx_word' id='word_1_355' title='bbox 1564 4069 1838 4150; x_wconf 86' lang='lat' dir='ltr'>profecto</span> <span class='ocrx_word' id='word_1_356' title='bbox 1856 4069 2050 4134; x_wconf 82' lang='lat' dir='ltr'>videri</span> <span class='ocrx_word' id='word_1_357' title='bbox 2074 4069 2309 4148; x_wconf 91' lang='lat' dir='ltr'>debere,</span> <span class='ocrx_word' id='word_1_358' title='bbox 2324 4070 2489 4153; x_wconf 91' lang='lat' dir='ltr'>quod</span> <span class='ocrx_word' id='word_1_359' title='bbox 2512 4071 2822 4153; x_wconf 88' lang='lat' dir='ltr'>quispiam</span> 
     </span>
     <span class='ocr_line' id='line_1_38' title="bbox 331 4165 2823 4253; baseline -0 -17"><span class='ocrx_word' id='word_1_360' title='bbox 331 4168 590 4236; x_wconf 85' lang='lat' dir='ltr'>credere</span> <span class='ocrx_word' id='word_1_361' title='bbox 639 4168 752 4230; x_wconf 86' lang='lat' dir='ltr'>aut</span> <span class='ocrx_word' id='word_1_362' title='bbox 801 4165 1002 4230; x_wconf 85' lang='lat' dir='ltr'>etiam</span> <span class='ocrx_word' id='word_1_363' title='bbox 1050 4167 1357 4249; x_wconf 86' lang='lat' dir='ltr'>suspicari</span> <span class='ocrx_word' id='word_1_364' title='bbox 1388 4169 1597 4250; x_wconf 85' lang='lat' dir='ltr'>aliquo</span> <span class='ocrx_word' id='word_1_365' title='bbox 1628 4169 1813 4235; x_wconf 90' lang='lat' dir='ltr'>modo</span> <span class='ocrx_word' id='word_1_366' title='bbox 1856 4173 2065 4253; x_wconf 82' lang='lat' dir='ltr'>queat,</span> <span class='ocrx_word' id='word_1_367' title='bbox 2100 4191 2172 4236; x_wconf 82' lang='lat' dir='ltr'>ex</span> <span class='ocrx_word' id='word_1_368' title='bbox 2207 4174 2412 4237; x_wconf 87' lang='lat' dir='ltr'>mente</span> <span class='ocrx_word' id='word_1_369' title='bbox 2449 4191 2498 4235; x_wconf 89' lang='lat' dir='ltr'>s.</span> <span class='ocrx_word' id='word_1_370' title='bbox 2533 4171 2823 4236; x_wconf 86' lang='lat' dir='ltr'>Doctoris</span> 
     </span>
     <span class='ocr_line' id='line_1_39' title="bbox 334 4267 2822 4358; baseline 0.002 -24"><span class='ocrx_word' id='word_1_371' title='bbox 334 4291 483 4341; x_wconf 79' lang='lat' dir='ltr'>eam</span> <span class='ocrx_word' id='word_1_372' title='bbox 516 4267 815 4334; x_wconf 67' lang='lat' dir='ltr'>lumitati-s</span> <span class='ocrx_word' id='word_1_373' title='bbox 847 4270 1073 4334; x_wconf 89' lang='lat' dir='ltr'>notam</span> <span class='ocrx_word' id='word_1_374' title='bbox 1105 4269 1298 4335; x_wconf 84' lang='lat' dir='ltr'>etiam</span> <span class='ocrx_word' id='word_1_375' title='bbox 1331 4270 1409 4335; x_wconf 91' lang='lat' dir='ltr'>ad</span> <span class='ocrx_word' id='word_1_376' title='bbox 1441 4273 1812 4338; x_wconf 83' lang='lat' dir='ltr'>sententiam</span> <span class='ocrx_word' id='word_1_377' title='bbox 1861 4274 1937 4338; x_wconf 88' lang='lat' dir='ltr'>ab</span> <span class='ocrx_word' id='word_1_378' title='bbox 1981 4274 2117 4357; x_wconf 86' lang='lat' dir='ltr'>ipso</span> <span class='ocrx_word' id='word_1_379' title='bbox 2156 4275 2328 4358; x_wconf 89' lang='lat' dir='ltr'>prius</span> <span class='ocrx_word' id='word_1_380' title='bbox 2364 4274 2822 4358; x_wconf 81' lang='lat' dir='ltr'>propugnatam</span> 
     </span>
     <span class='ocr_line' id='line_1_40' title="bbox 330 4370 2825 4456; baseline -0.001 -12"><span class='ocrx_word' id='word_1_381' title='bbox 330 4375 561 4443; x_wconf 86' lang='lat' dir='ltr'>referri</span> <span class='ocrx_word' id='word_1_382' title='bbox 594 4391 793 4456; x_wconf 87' lang='lat' dir='ltr'>posse.</span> <span class='ocrx_word' id='word_1_383' title='bbox 830 4370 1058 4437; x_wconf 83' lang='lat' dir='ltr'>Nonne</span> <span class='ocrx_word' id='word_1_384' title='bbox 1090 4373 1253 4439; x_wconf 90' lang='lat' dir='ltr'>enim</span> <span class='ocrx_word' id='word_1_385' title='bbox 1291 4375 1662 4441; x_wconf 79' lang='lat' dir='ltr'>sententiam</span> <span class='ocrx_word' id='word_1_386' title='bbox 1710 4370 1889 4440; x_wconf 81' lang='lat' dir='ltr'>hanc</span> <span class='ocrx_word' id='word_1_387' title='bbox 1913 4395 2092 4442; x_wconf 87' lang='lat' dir='ltr'>suam</span> <span class='ocrx_word' id='word_1_388' title='bbox 2123 4377 2363 4442; x_wconf 80' lang='lat' dir='ltr'>dixerat</span> <span class='ocrx_word' id='word_1_389' title='bbox 2402 4377 2825 4441; x_wconf 75' lang='lat' dir='ltr'>communissi-</span> 
     </span>
     <span class='ocr_line' id='line_1_41' title="bbox 331 4471 2825 4563; baseline -0 -18"><span class='ocrx_word' id='word_1_390' title='bbox 331 4498 535 4552; x_wconf 76' lang='lat' dir='ltr'>mam‚</span> <span class='ocrx_word' id='word_1_391' title='bbox 572 4474 841 4540; x_wconf 87' lang='lat' dir='ltr'>scribens</span> <span class='ocrx_word' id='word_1_392' title='bbox 894 4474 1157 4540; x_wconf 87' lang='lat' dir='ltr'>Dissert.</span> <span class='ocrx_word' id='word_1_393' title='bbox 1213 4477 1404 4542; x_wconf 82' lang='lat'>1755.</span> <span class='ocrx_word' id='word_1_394' title='bbox 1441 4499 1499 4543; x_wconf 90' lang='lat' dir='ltr'>n.</span> <span class='ocrx_word' id='word_1_395' title='bbox 1537 4471 1634 4542; x_wconf 82' lang='lat'><strong>3.&#39;:</strong></span> <span class='ocrx_word' id='word_1_396' title='bbox 1691 4503 1727 4538; x_wconf 81' lang='lat'>‹&lt;</span> <span class='ocrx_word' id='word_1_397' title='bbox 1758 4478 2068 4543; x_wconf 87' lang='lat' dir='ltr'>Ultimam</span> <span class='ocrx_word' id='word_1_398' title='bbox 2112 4479 2534 4563; x_wconf 87' lang='lat' dir='ltr'>benigniorem</span> <span class='ocrx_word' id='word_1_399' title='bbox 2565 4481 2628 4544; x_wconf 89' lang='lat' dir='ltr'>et</span> <span class='ocrx_word' id='word_1_400' title='bbox 2664 4497 2825 4544; x_wconf 87' lang='lat' dir='ltr'>com-</span> 
     </span>
     <span class='ocr_line' id='line_1_42' title="bbox 330 4576 2824 4666; baseline -0.002 -18"><span class='ocrx_word' id='word_1_401' title='bbox 330 4579 787 4650; x_wconf 76' lang='lat' dir='ltr'>munissimam</span> <span class='ocrx_word' id='word_1_402' title='bbox 818 4576 1258 4664; x_wconf 85' lang='lat' dir='ltr'>(sententiam)</span> <span class='ocrx_word' id='word_1_403' title='bbox 1289 4582 1670 4664; x_wconf 83' lang='lat' dir='ltr'>probandam</span> <span class='ocrx_word' id='word_1_404' title='bbox 1718 4581 2137 4666; x_wconf 86' lang='lat' dir='ltr'>aggredimur,</span> <span class='ocrx_word' id='word_1_405' title='bbox 2170 4601 2387 4666; x_wconf 90' lang='lat' dir='ltr'>nempe</span> <span class='ocrx_word' id='word_1_406' title='bbox 2417 4581 2662 4647; x_wconf 79' lang='lat' dir='ltr'>licitum</span> <span class='ocrx_word' id='word_1_407' title='bbox 2694 4598 2824 4646; x_wconf 84' lang='lat' dir='ltr'>esse</span> 
     </span>
    </p>
   </div>
  </div>
 </body>
</html>
