3529 5158
626 401 1119 445 PROPOSI'I'IONUM
1157 403 1606 444 DAMNATARUM.
1644 403 1724 442 AB
1762 403 1961 444 INNOC.
2000 405 2080 445 xl.
2119 404 2298 445 cmm.
2341 404 2470 445 vm.
2628 404 2824 444 xmn

573 554 741 613 Alia
762 555 1125 632 propositio
1152 557 1459 615 damnata
1489 557 1601 616 sub
1640 557 1846 616 eodem
1880 557 2100 617 Inuoe.
2134 558 2265 619 XI.
2300 576 2404 620 απ.
2443 560 2628 618 1682.

467 735 766 796 Scientia
788 752 869 796 ex
895 736 1311 798 confessione
1342 737 1673 813 acquisita
1696 738 1798 797 uti
1825 737 2002 816 licet,
2031 737 2224 797 modo
2256 738 2374 798 fiat
2401 738 2546 798 sine
2579 737 2832 798 directa

384 829 503 885 aut
546 824 879 885 indirecta
926 826 1334 887 revelatione
1406 831 1477 888 et
1542 827 1933 903 gravamine
1979 827 2406 907 poenitentis,
2455 827 2584 887 nisi
2648 826 2831 886 aliud

377 914 587 975 multo
626 914 906 991 gravius
954 933 1036 974 ex
1068 933 1202 976 non
1234 933 1363 976 usu
1394 919 1738 993 sequatur,
1779 915 1849 974 in
1896 917 2088 976 cuius
2121 916 2614 994 comparatione
2645 916 2833 992 prius

369 1003 599 1064 merito
645 1006 1130 1064 contemnatur.

724 1183 1037 1244 Revocari
1071 1186 1187 1245 huo
1207 1192 1420 1263 potest
1456 1192 1515 1245 et
1546 1187 1856 1246 decretum
1896 1185 2227 1245 Clementis
2267 1184 2463 1245 VIII.

1266 1296 1370 1353 26.
1405 1293 1573 1352 Maii
1603 1312 1706 1352 an.
1744 1296 1930 1354 1594.

455 1456 616 1515 'Pam
675 1455 1074 1531 Superiores
1130 1473 1249 1531 pro
1315 1459 1613 1530 tempore
1667 1455 2089 1532 exsistentes,
2139 1472 2338 1530 quam
2404 1453 2831 1523 Confessarii‚

377 1544 492 1620 qui
535 1547 772 1620 postea
816 1545 900 1605 ad
953 1544 1330 1620 Superioris
1377 1544 1659 1621 gradum
1705 1543 1963 1604 fuerint
2005 1543 2315 1622 promoti,
2355 1548 2638 1604 caveant
2683 1543 2834 1604 dili-

378 1634 788 1711 gentissime,
838 1650 924 1694 ne
972 1651 1051 1694 ea
1098 1633 1363 1711 notitia,
1414 1651 1615 1708 quam
1664 1632 1746 1693 de
1794 1632 2074 1692 aliorum
2127 1633 2417 1707 peccatis
2467 1634 2535 1692 in
2581 1632 2837 1693 confes-

376 1723 557 1783 sione
606 1723 1008 1793 habuerunt‚
1058 1723 1142 1782 ad
1189 1723 1583 1784 exteriorem
1631 1721 2184 1797 gubernationem
2232 1724 2532 1781 utantur.

397 1893 614 1970 Quoad
650 1899 1117 1954 sacramentum·
1148 1892 1582 1953 Poenitentiae
1612 1891 1722 1951 sub
1761 1891 2070 1952 Clemente
2115 1891 2320 1951 VIII.
2356 1895 2454 1951 19.
2489 1891 2619 1952 Iul.
2648 1894 2834 1953 1602.

995 1983 1371 2060 proscripta
1404 1987 1494 2042 est
1525 2000 1780 2058 sequens
1818 1981 2196 2059 Propositio.

464 2154 654 2215 Licet
683 2171 805 2229 per
833 2154 1101 2214 litteras
1124 2170 1242 2214 seu
1277 2153 1780 2214 internuntium
1814 2153 2236 2215 Confessario
2268 2154 2529 2213 absenti
2567 2159 2840 2230 peccata

388 2242 961 2304 sacramentaliter
1009 2244 1310 2304 confiteri
1359 2247 1430 2303 et
1475 2243 1560 2302 ab
1608 2243 1836 2302 eodem
1886 2243 2160 2303 absente
2208 2243 2692 2303 absolutionem
2724 2245 2839 2305 ob-

372 2332 601 2393 tiaere.

1420 2486 1640 2545 NUM.
1680 2485 1767 2545 X.

383 2650 849 2728 Propositiones
883 2653 985 2709 68.
1022 2649 1354 2709 Michaelis
1391 2649 1466 2708 de
1503 2647 1781 2707 Molinos
1812 2648 2151 2708 damnatae
2182 2648 2259 2707 ab
2293 2648 2663 2708 Innocentio
2701 2648 2833 2710 XI.

557 2741 1001 2800 constitu-tione
1032 2738 1356 2799 Caelestis
1402 2738 1642 2797 Pastor
1674 2743 1785 2797 etc.
1821 2741 1924 2797 20.
1964 2736 2125 2797 Nov.
2161 2739 2344 2797 1687.

462 2935 521 2991 1.
559 2930 845 3006 Oportet
890 2929 1227 2988 hominem
1277 2942 1434 2987 suas
1482 2924 1820 3000 potentias
1866 2924 2241 2986 annihilare
2272 2928 2341 2984 et
2370 2926 2534 2985 haec
2558 2927 2663 2985 est
2693 2925 2837 2986 vita

375 3022 659 3081 interna.

462 3111 523 3169 2.
558 3109 753 3169 Velle
802 3106 1062 3183 operari
1111 3104 1347 3183 active,
1384 3106 1488 3163 est
1535 3103 1751 3162 Deum
1802 3102 2158 3179 ostendere,
2193 3102 2310 3177 qui
2343 3104 2495 3161 vult
2515 3118 2662 3162 esse
2693 3102 2838 3176 ipse

376 3199 556 3260 solus
603 3213 810 3274 agens
857 3200 925 3256 et
972 3195 1123 3255 ideo
1170 3210 1338 3270 opus
1386 3196 1491 3252 est
1538 3192 1832 3266 seipsum
1881 3191 1948 3248 in
1999 3191 2142 3250 Deo
2190 3194 2405 3249 totum
2437 3193 2506 3248 et
2536 3189 2838 3249 totaliter

376 3286 839 3362 derelinquere
885 3287 956 3345 et
1005 3287 1240 3359 postea
1286 3297 1678 3358 permanere
1723 3280 1916 3338 velut
1965 3294 2205 3353 corpus
2251 3277 2575 3337 exanime.

462 3379 524 3437 3.
560 3377 742 3436 Vota
772 3375 857 3435 de
888 3374 1113 3450 aliquo
1149 3371 1456 3432 faciendo
1491 3372 1649 3428 sunt
1691 3366 2119 3443 perfectionis
2152 3366 2564 3441 impeditiva.

465 3470 525 3526 4.
578 3465 923 3525 Activitas
970 3463 1300 3523 naturalis
1336 3462 1443 3520 est
1492 3458 1746 3535 gratiae
1787 3455 2054 3515 inimica
2086 3456 2499 3532 impeditque
2525 3456 2651 3516 Dei
2682 3473 2837 3532 ope-

377 3557 670 3616 rationes
716 3558 788 3614 et
831 3569 1057 3613 veram
1108 3549 1611 3626 perfectionem3
1647 3547 1808 3622 qnia
1843 3546 2025 3604 Deus
2073 3545 2335 3621 operari
2366 3546 2518 3606 vult
2548 3545 2616 3605 in
2645 3546 2836 3606 nobis

378 3645 519 3704 sine
564 3642 779 3704 nobis.

466 3738 526 3795 5.
553 3732 742 3792 Nihil
789 3730 1130 3807 operando
1176 3728 1401 3788 anima
1447 3744 1518 3788 88
1567 3726 1903 3785 annihilat
1949 3731 2018 3784 et
2064 3724 2148 3783 ad
2181 3724 2400 3798 ipsum
2433 3723 2838 3799 principium

378 3823 553 3883 redit
598 3825 667 3881 et
713 3821 800 3881 ad
848 3837 1038 3881 suam
1085 3818 1429 3894 originem,
1481 3832 1654 3891 quae
1685 3817 1791 3874 est
1821 3813 2114 3873 essentia
2160 3812 2308 3889 Dei,
2337 3812 2407 3870 in
2455 3829 2590 3888 qua
2619 3816 2838 3871 trans-

379 3910 660 3972 formata
705 3912 1005 3970 remanet
1050 3925 1127 3968 ac
1173 3905 1543 3966 divinizata
1573 3909 1642 3963 et
1676 3905 1860 3963 Deus
1908 3907 2071 3962 tunc
2109 3901 2177 3960 in
2213 3917 2285 3960 se
2317 3901 2461 3975 ipso
2494 3904 2833 3976 remanet3

378 4001 535 4076 quia
579 4005 747 4060 tunc
794 4016 924 4059 non
974 4001 1136 4058 sunt
1182 3995 1469 4071 amplius
1533 3993 1703 4052 duae
1750 4007 1857 4051 res
1904 3991 2153 4065 unitae,
2204 3988 2323 4048 sed
2391 4006 2528 4048 una
2573 3991 2837 4047 tantum

380 4093 447 4149 et
490 4091 614 4149 hac
661 4088 920 4148 ratione
967 4087 1154 4147 Deus
1200 4084 1379 4145 vivit
1424 4088 1495 4143 et
1540 4086 1780 4156 regnat
1826 4082 1895 4140 in
1946 4078 2138 4138 nobis
2186 4082 2256 4138 et
2291 4077 2514 4137 anima
2550 4076 2835 4150 seipsam

381 4178 713 4239 annihilat
760 4177 831 4236 in
880 4192 1026 4237 esse
1073 4174 1440 4250 operativo.

469 4270 527 4328 6.
563 4268 699 4327 Via
746 4266 1015 4326 interna
1061 4268 1164 4324 est
1228 4263 1363 4338 illa,
1429 4277 1565 4336 qua
1613 4275 1746 4318 non
1795 4257 2220 4334 cognoscitur
2264 4272 2386 4315 nec
2431 4255 2653 4315 lumen
2715 4270 2840 4315 nec

384 4373 560 4417 amor
605 4372 729 4417 nec
762 4353 1127 4431 resignatio
1162 4355 1231 4412 et
1263 4368 1392 4412 non
1433 4353 1699 4425 oportet
1731 4348 1945 4407 Deum
1975 4361 2370 4423 cognoscere
2403 4349 2472 4404 et
2495 4346 2620 4405 hoc
2643 4339 2840 4404 modo

386 4450 556 4506 recte
600 4443 1011 4522 proceditur.

472 4538 527 4596 7.
563 4535 711 4596 Non
763 4532 968 4593 debet
996 4533 1218 4591 anima
1251 4530 1546 4605 cogitare
1582 4545 1700 4588 nec
1748 4526 1832 4587 de
1881 4524 2172 4602 praemio
2216 4540 2341 4584 nec
2371 4523 2455 4582 de
2484 4521 2840 4598 punitione

386 4641 499 4686 nec
532 4625 614 4687 de
647 4621 969 4702 paradiso
1015 4636 1137 4681 nec
1183 4621 1266 4680 de
1312 4618 1575 4679 inferno
1624 4633 1745 4676 nec
1792 4615 1875 4676 de
1907 4617 2118 4674 morte
2151 4629 2273 4673 nec
2303 4613 2385 4672 de
2417 4611 2836 4671 aeternitate.
