3529 5158
1122 368 1209 408 mc
1244 368 1457 409 unum
1492 369 1540 410 s.
1581 369 1887 414 amousr
1924 372 2054 414 mc.
2718 363 2821 417 641

357 460 525 525 illud
566 479 754 526 MAGIS
791 480 1134 527 PROBABILE
1166 484 1294 528 non
1323 486 1608 545 arquere,
1642 467 1813 548 quod
1838 489 2003 548 pars
2032 472 2314 549 opposita
2357 476 2613 535 maneat
2651 472 2826 537 abso-

358 562 485 627 lute
510 564 877 643 probabilis,
912 566 985 629 In
1017 566 1271 632 eandem
1319 569 1530 633 autem
1576 588 1707 634 rem
1747 568 2054 635 Gonzalez
2103 573 2277 637 addit
2321 594 2381 637 n.
2417 574 2544 638 59.:
2573 598 2609 632 «
2647 574 2823 640 Unde

357 666 578 731 modus
608 667 716 732 ille
752 667 1042 750 loquendi
1086 669 1367 734 invectus
1414 671 1491 734 ab
1540 673 1952 738 assertoribus
1989 674 2181 739 falsae
2219 676 2560 740 sententiae
2592 675 2820 757 (asser-

356 772 524 834 tores
563 770 756 835 falsae
781 771 1122 836 sententiae
1146 772 1420 855 appellat
1442 773 1789 839 defensores
1812 776 2113 860 benignae
2138 778 2499 853 sententiae,
2527 797 2563 842 a
2595 779 2821 860 quibus

354 873 639 955 superius
671 872 911 938 dixerat
938 874 1255 940 invectum
1299 895 1443 941 eum
1486 875 1780 959 loquendi
1825 878 2111 961 modum)
2143 896 2268 943 non
2299 880 2544 962 probat,
2578 881 2822 963 partem

352 973 666 1040 faventem
695 976 993 1054 libertati,
1033 996 1192 1059 quae
1227 977 1348 1061 ipsi
1386 979 1668 1062 operanti
1704 982 1963 1063 apparet
1991 980 2197 1045 minus
2243 982 2582 1064 probabilis
2628 1002 2820 1065 quam

351 1078 685 1154 contraria,
721 1098 851 1143 esse
897 1078 1244 1145 formaliter
1290 1100 1604 1145 securam:
1638 1082 1850 1164 potius
1896 1082 2060 1145 enim
2106 1084 2204 1146 est
2247 1083 2458 1148 intuta
2504 1085 2569 1148 et
2614 1103 2820 1168 pecca·

353 1179 598 1245 minosa
644 1180 709 1244 in
754 1181 1239 1246 circumstantiis
1285 1182 1410 1246 illis
1442 1207 1505 1246 ».

446 1283 477 1344 1
492 1283 549 1345 1.
576 1283 968 1365 Denique(ut
988 1284 1172 1348 modo
1198 1284 1324 1348 alia
1349 1286 1950 1368 praetermittamus)
1969 1286 2118 1368 quid
2143 1286 2263 1351 sibi
2277 1287 2432 1351 velit
2455 1289 2663 1371 opinio
2669 1309 2819 1368 pro-

351 1382 643 1458 habilior,
676 1402 865 1466 quam
911 1403 959 1449 s.
1009 1386 1245 1451 Doctor
1289 1386 1443 1450 dicit
1487 1386 1831 1452 necessario
1868 1387 2360 1471 amplectendam
2406 1390 2471 1453 et
2507 1392 2818 1472 quantum

347 1485 502 1550 haec
530 1485 775 1550 differat
812 1505 883 1550 ac
914 1486 1104 1552 distet
1135 1488 1213 1551 ab
1247 1488 1531 1570 opinione
1559 1489 1673 1553 illa
1718 1489 2141 1572 probabiliori,
2175 1490 2242 1555 in
2278 1492 2456 1556 cuius
2505 1510 2809 1558 concursu

350 1586 669 1652 contendit
700 1606 840 1651 ann.
880 1589 1070 1653 1749.
1104 1591 1169 1653 et
1210 1591 1400 1654 1755.
1439 1591 1682 1654 licitum
1714 1609 1846 1655 esse
1885 1593 2174 1675 amplecti
2213 1593 2564 1676 opinionem
2607 1595 2816 1659 minus

345 1689 456 1753 sed
494 1688 687 1753 solide
717 1689 1120 1772 probabilem,
1169 1691 1508 1755 clarissime
1551 1692 1816 1774 ipsemet
1862 1693 2235 1770 ostenderat,
2271 1694 2518 1775 quando
2565 1695 2631 1759 in
2677 1696 2815 1778 ipsa

350 1791 802 1855 Dissertatione
842 1810 982 1855 ann.
1021 1792 1212 1856 1755.
1254 1791 1407 1875 (qua
1453 1792 1742 1871 defendit,
1783 1794 2029 1859 licitum
2070 1814 2202 1860 esse
2239 1797 2416 1878 sequi
2464 1798 2814 1880 opinionem

345 1892 732 1976 probabilem
778 1893 843 1956 in
889 1912 1189 1959 concursu
1239 1894 1670 1977 probabilioris
1703 1914 1813 1979 pro
1851 1897 2015 1981 lege)
2049 1896 2286 1963 refutat
2317 1899 2813 1964 adversariorum

342 1994 735 2071 instantiam,
755 2015 880 2077 qua
917 1996 1385 2074 contendebant,
1411 1996 1712 2062 maiorem
1742 1998 2250 2081 probabilitatem
2280 2002 2566 2084 respectu
2599 2002 2676 2066 ad
2710 2020 2813 2084 op-

341 2098 618 2180 positam
665 2115 796 2162 esse
831 2096 1158 2161 moraliter
1193 2101 1443 2175 certam,
1478 2118 1551 2164 eo
1583 2100 1749 2181 quod
1781 2101 1981 2166 maior
2012 2101 2420 2183 probabilitas
2466 2101 2660 2168 elidat
2696 2104 2810 2167 mi·

341 2217 576 2264 norem.
616 2199 804 2263 Hisce
835 2218 885 2264 S.
919 2200 1153 2264 Doctor
1175 2200 1419 2283 reponit
1440 2220 1502 2265 n.
1532 2202 1667 2265 13.:
1708 2226 1744 2261 «
1767 2202 1856 2266 At
1891 2205 2056 2268 recte
2100 2204 2470 2286 respondent
2503 2204 2809 2270 Auctores

340 2302 561 2378 nostri,
610 2302 840 2367 falsum
894 2321 1045 2378 esse,
1093 2303 1393 2368 maiorem
1453 2303 1961 2386 probabilitatem
2018 2304 2240 2369 elidere
2303 2306 2625 2382 minorem,
2689 2306 2811 2370 nisi

340 2404 591 2485 quando
626 2403 831 2487 opinio
863 2405 1243 2488 probabilior
1272 2405 1502 2471 habeat
1532 2424 1642 2489 pro
1674 2425 1738 2471 se
1770 2409 1905 2470 tam
1941 2406 2312 2470 convincens
2346 2411 2808 2489 armamentum,

340 2508 419 2569 ut
455 2506 766 2571 contraria
789 2527 930 2572 vere
953 2506 1383 2592 improbabilis
1416 2508 1514 2573 vel
1544 2528 1668 2574 non
1693 2508 1962 2592 amplius
1986 2507 2263 2594 graviter
2293 2510 2356 2573 et
2393 2511 2560 2574 certo
2592 2510 2810 2594 proba-

339 2609 486 2674 bilis
518 2610 842 2675 habeatur.
875 2608 1061 2676 Secus
1094 2612 1304 2676 tamen
1336 2612 1683 2690 dicendum,
1717 2611 1772 2676 si
1804 2631 2090 2676 excessus
2133 2631 2262 2676 non
2306 2613 2395 2676 sit
2419 2613 2722 2678 notabili-s
2743 2638 2809 2681 »-

338 2714 411 2778 In
438 2733 562 2796 quo
589 2715 841 2798 quidem
874 2717 1050 2780 textu
1082 2715 1206 2781 duo
1247 2719 1579 2781 occurrunt
1610 2715 1969 2800 gravissimi
2006 2735 2118 2799 pro
2148 2735 2215 2782 re
2244 2718 2460 2782 nostra
2481 2720 2804 2797 momenti,

338 2815 412 2880 de
443 2835 713 2899 quorum
747 2817 943 2882 altero
974 2816 1250 2883 inferius.

432 2918 537 2981 12.
556 2918 645 2982 At
666 2918 939 3001 primum
974 2918 1131 2983 illud
1164 2923 1279 2997 est,
1315 2919 1481 3001 quod
1510 2920 1856 2985 notabilem
1878 2920 2345 3003 probabilitatis
2368 2942 2683 2988 excessum
2711 2925 2805 2988 ita

338 3019 640 3106 designet,
673 3022 749 3085 ut
780 3022 1044 3087 resultet
1074 3041 1147 3087 ex
1184 3023 1578 3086 convincente
1601 3025 1970 3103 arqumento
1999 3041 2123 3087 non
2156 3043 2332 3087 secus
2364 3043 2437 3087 ac
2466 3025 2616 3089 alibi
2648 3026 2799 3106 (vid.

335 3142 507 3208 supr.
533 3145 593 3188 n.
620 3126 681 3189 9.
708 3125 773 3189 in
805 3124 941 3209 fin.)
971 3124 1228 3199 dixerat,
1262 3127 1413 3189 tunc
1446 3124 1797 3206 opinionem
1820 3142 1948 3187 esse
1981 3128 2142 3187 certe
2177 3143 2252 3188 ao
2280 3124 2647 3189 notabiliter
2667 3145 2805 3210 pro-

333 3225 723 3301 babiliorem,
756 3227 1003 3308 quando
1035 3230 1271 3291 certum
1301 3224 1563 3289 habetur
1589 3224 2089 3303 fundamentum,
2119 3226 2325 3305 ipsam
2359 3246 2489 3290 esse
2518 3248 2747 3293 veram.

422 3328 621 3393 Porro
653 3328 804 3411 quid
832 3328 1079 3393 nomine
1115 3327 1475 3408 aryumenti
1496 3326 1917 3390 convincentia
1940 3327 2151 3391 veniat
2183 3328 2347 3411 apud
2370 3348 2418 3393 s.
2446 3329 2800 3412 Doctorem,

329 3450 455 3496 uon
488 3432 696 3496 solum
733 3450 804 3496 ex
844 3431 1116 3516 allegato
1149 3431 1325 3495 textu
1356 3450 1416 3494 n.
1451 3448 1650 3512 praec.
1687 3430 1963 3512 apparet,
1998 3449 2142 3494 cum
2177 3431 2422 3509 subdat,
2457 3451 2528 3498 eo
2551 3433 2617 3497 in
2654 3452 2803 3499 casu

332 3534 686 3618 opinionem
734 3534 1085 3618 oppositam
1130 3551 1446 3597 remanere
1498 3532 1971 3615 improbabilem
2019 3534 2133 3597 aut
2182 3533 2407 3599 saltem
2452 3555 2576 3601 non
2622 3555 2799 3620 posse

333 3637 606 3721 amplius
642 3636 857 3701 haberi
895 3638 968 3700 ut
997 3636 1273 3720 graviter
1319 3637 1382 3699 et
1428 3636 1595 3699 certo
1642 3633 2048 3716 probabilem,
2088 3635 2194 3699 sed
2231 3653 2353 3701 non
2390 3637 2597 3702 minus
2629 3639 2799 3703 lucu·

329 3737 533 3803 lenter
565 3738 705 3803 aliis
727 3737 792 3802 in
814 3737 969 3803 locis
999 3736 1382 3820 exprimitur.
1395 3737 1496 3800 Ita
1527 3756 1585 3800 v.
1620 3755 1713 3820 gr.
1739 3735 1808 3800 in
1831 3735 2043 3800 eadem
2074 3736 2315 3802 dissert.
2340 3738 2531 3802 1755.
2557 3759 2616 3803 n.
2649 3740 2799 3806 118.

331 3841 486 3906 haec
508 3841 804 3926 legimus:
839 3865 875 3899 «
897 3839 1141 3924 Regula
1174 3839 1361 3903 tertia
1393 3838 1550 3919 (scil.
1586 3838 1747 3902 circa
1785 3838 2131 3903 Doctorum
2163 3839 2605 3904 auctoritatem
2630 3840 2798 3904 adhi-

331 3943 561 4027 benda)
591 3963 782 4026 quam
820 3942 1018 4007 tradit
1047 3940 1314 4006 Sanchez
1346 3939 1566 4004 Deoal.
1599 3939 1707 4004 lib.
1739 3941 1796 4004 1.
1831 3960 1964 4023 cap.
1993 3942 2054 4005 9.
2089 3960 2148 4004 11.
2188 3941 2292 4004 11.
2318 3942 2383 4005 et
2403 3940 2478 4004 de
2500 3941 2796 4006 Matr-im.

331 4045 489 4130 disp.
525 4047 631 4111 92.
670 4066 742 4111 ex
772 4066 832 4111 n.
874 4045 976 4109 15.
1016 4045 1080 4109 et
1117 4061 1276 4126 quae
1321 4042 1589 4108 maxime
1637 4041 1878 4107 adverti
1923 4041 2122 4120 debet,
2172 4061 2246 4108 ea
2292 4045 2407 4117 est,
2455 4044 2620 4125 quod
2652 4064 2795 4110 cum

332 4149 593 4231 apparet
631 4168 740 4231 pro
775 4149 985 4230 aliqua
1033 4144 1340 4212 sententia
1371 4144 1677 4228 quaedam
1708 4145 1872 4207 ratio
1908 4143 2006 4207 vel
2034 4146 2380 4210 auotoritas
2409 4147 2797 4222 convivwens,

332 4252 434 4315 cui
464 4253 641 4317 nulla
666 4253 1013 4335 adaequata
1052 4249 1366 4334 responsio
1406 4266 1720 4333 superesse
1758 4246 2023 4324 videtur,
2058 4249 2209 4314 tunc
2246 4249 2453 4332 opinio
2485 4251 2798 4316 contraria

330 4372 457 4419 non
504 4356 713 4438 potest
749 4354 962 4419 haberi
1010 4355 1085 4420 ut
1129 4351 1493 4436 probabilis;
1528 4371 1694 4430 nam,
1735 4351 1910 4416 sicut
1938 4350 2029 4415 ait
2060 4349 2243 4416 Croix
2279 4352 2386 4416 lib.
2425 4353 2482 4415 1.
2515 4371 2576 4415 n.
2617 4353 2790 4431 369„

332 4456 670 4539 aliquando
707 4458 916 4540 potest
948 4456 1133 4522 alicui
1167 4455 1347 4520 docto
1383 4473 1697 4520 occurrere
1723 4453 1936 4534 aliqua
1959 4453 2121 4518 ratio
2155 4455 2288 4518 tam
2312 4454 2514 4532 firma,
2551 4457 2629 4520 ab
2656 4457 2795 4521 aliis

493 4595 780 4639 Batauum.
802 4619 853 4628 —
873 4595 1042 4640 Mor-al.
1070 4595 1205 4639 Tom.
1234 4594 1276 4637 1.
2581 4598 2634 4638 41
