3529 5158
716 319 825 374 546
1116 330 1327 371 macr.
1368 329 1449 368 1v.
1488 328 1574 367 11111
1611 325 1913 368 enecans.
1952 324 2155 367 CAPUT
2189 325 2229 364 1.
2267 323 2412 365 111111.
2453 325 2515 366 11.
2556 325 2694 366 Διιτ.
2735 327 2796 366 11.
3031 313 3177 387 1605]

717 445 990 506 causam,
1031 429 1104 492 ut
1135 426 1226 490 ita
1272 426 1493 503 dicam,
1543 424 1952 507 spiritualem,
2002 422 2444 504 phantasmata
2491 441 2725 506 nempe,
2775 441 3046 505 quorum
3080 443 3181 507 ap-

720 530 1183 616 prehensionem
1230 527 1627 610 consequitur
1673 528 1883 590 motus
1930 524 2244 609 appetitus
2290 525 2353 587 et
2381 524 2651 589 'effectus
2692 544 2938 607 quoque
2976 527 3039 591 in
3071 527 3182 590 hu·

718 633 997 697 moribus
1043 632 1335 713 corporis.
1384 629 1665 711 Utraque
1712 631 1925 692 autem
1971 628 2121 691 haec
2167 644 2373 702 331133,
2423 645 2639 710 nempe
2693 630 2756 691 et
2808 647 3003 709 quam
3049 648 3181 693 ma-

720 735 1002 799 terialem
1046 732 1315 797 diximus
1361 735 1425 797 et
1470 751 1657 813 quam
1689 732 2099 815 spiritualem,
2150 749 2262 794 suo
2310 749 2589 813 quaeque
2636 731 2822 796 modo
2854 731 3184 797 subiicitur

721 837 993 901 dominio
1041 836 1321 900 rationis.

812 935 988 1010 608.
1040 940 1121 1002 Et
1166 938 1371 1020 quoad
1402 957 1567 1002 mere
1604 937 1992 1001 materialem
2031 956 2125 1001 res
2157 939 2252 1000 est
2283 955 2390 1019 per
2421 956 2485 1000 se
2530 937 2880 1001 manifesta.
2917 937 2984 1002 Si
3021 939 3184 1002 enim

721 1043 932 1104 motus
967 1041 1166 1105 oritur
1189 1040 1285 1104 vel
1320 1059 1390 1103 31
1422 1041 1712 1104 contactu
1744 1039 1841 1103 vel
1876 1039 2002 1102 situ
2036 1038 2309 1120 corporis
2340 1039 2479 1114 etc.,
2512 1038 2692 1103 facile
2718 1041 2814 1104 est
2846 1039 2908 1103 in
2941 1040 3186 1104 arbitrii

722 1143 1035 1225 potestate
1069 1142 1226 1205 hanc
1258 1160 1512 1205 causam
1550 1160 1881 1205 removere.

814 1244 1031 1323 Quoad
1079 1244 1469 1326 spiritualem
1516 1262 1661 1307 vero
1708 1243 1772 1306 in
1820 1244 2130 1327 potestate
2175 1243 2438 1307 rationis
2486 1246 2582 1308 est
2627 1245 2722 1309 313
2760 1246 2970 1309 minus
3004 1246 3192 1328 phan-

723 1350 1002 1412 tasmata
1033 1366 1104 1410 ex
1136 1346 1582 1430 imaginatione
1615 1346 1832 1420 delere,
1870 1347 1936 1409 at
1968 1348 2130 1410 certe
2175 1346 2402 1409 mentis
2438 1346 2634 1410 aciem
2665 1348 2856 1428 atque
2887 1346 3192 1410 intuitum

727 1451 851 1514 alio
885 1451 1270 1525 convertere3
1307 1448 1471 1530 quod
1503 1448 1751 1530 quidem
1785 1447 2057 1511 medium
2090 1449 2280 1512 etiam
2319 1468 2367 1512 3.
2404 1448 2780 1531 AlphonsuS,
2817 1451 2894 1514 ut
2925 1449 3193 1513 vidimus

726 1572 862 1635 sup.
896 1572 956 1615 3.
986 1553 1135 1614 212.
1169 1552 1613 1615 commemorat
1638 1553 1702 1614 et
1739 1550 1890 1614 dicit
1922 1551 2080 1614 satis
2113 1551 2327 1614 efficax
2361 1569 2509 1627 esse,
2551 1553 2625 1615 ut
2656 1550 2902 1614 dicatur
2926 1551 3193 1634 positiva

726 1656 1097 1720 resistentia.
1138 1653 1255 1718 Sed
1286 1655 1603 1736 praeterea
1635 1671 1756 1716 non
1797 1652 1998 1716 solum
2039 1670 2368 1734 possumus
2402 1652 2844 1735 phantasmata
2875 1653 2968 1716 113
2999 1652 3195 1735 311131-

726 1758 853 1822 lere
889 1776 997 1820 seu
1043 1757 1405 1820 subtrahere
1445 1756 1670 1819 mentis
1703 1755 1918 1832 0311113,
1955 1753 2059 1818 33(1
2092 1773 2272 1837 saepe
2320 1754 2438 1817 erit
2485 1754 2548 1817 in
2594 1755 2911 1837 potestate
2942 1773 3194 1818 causam

727 1862 927 1944 ipsam
952 1879 1059 1924 seu
1086 1861 1390 1944 originem
1415 1861 1640 1924 horum
1664 1860 2176 1942 phantasmatum
2203 1876 2310 1922 seu
2336 1858 2790 1943 cogitationum
2809 1859 3191 1942 abrumpere.

728 1963 962 2027 Ansam
1000 1964 1164 2027 33113
1197 1963 1419 2026 11311313
1464 1962 1574 2025 1113
1623 1963 1885 2044 possunt
1931 1961 2028 2024 131
2077 1980 2147 2024 31
2196 1961 2448 2044 aspectu
2497 1960 2625 2025 sive
2673 1979 3082 2044 personarum
3115 1962 3196 2024 11-

726 2066 1009 2129 ventium
1045 2064 1174 2128 sive
1221 2065 1607 2147 picturarum
1654 2064 1751 2127 vel
1801 2083 1870 2128 ex
1919 2063 2236 2128 auditione
2283 2063 2577 2145 colloquii
2628 2064 2892 2127 alicuius
2935 2067 3052 2128 aut
3082 2083 3198 2128 ser·

727 2167 928 2231 monis
976 2167 1074 2230 vel
1121 2185 1191 2230 31
1227 2167 1492 2230 lectione
1528 2167 1673 2230 libri
1711 2167 1810 2230 vel
1858 2186 1928 2230 ex
1974 2165 2378 2230 meditatione
2411 2184 2520 2230 seu
2552 2165 3041 2230 consideratione
3089 2166 3200 2229 ali-

723 2269 904 2333 cuius
940 2269 1048 2332 rei.
1084 2267 1384 2348 Quocirca
1433 2269 1753 2333 subtracta
1793 2270 1907 2332 hac
1954 2287 2090 2332 esca
2137 2267 2257 2351 ipsi
2297 2268 2752 2352 imaginationi,
2794 2268 3201 2332 subtrahetur

728 2374 794 2436 et
840 2391 1028 2435 causa
1073 2372 1419 2436 carnalium
1465 2375 1775 2436 motuum.

816 2476 1031 2551 Porr0,
1068 2476 1121 2538 31
1153 2475 1301 2556 quid
1339 2474 1535 2552 video,
1572 2475 1691 2538 huc
1730 2475 1996 2538 maxime
2029 2475 2313 2557 spectant
2344 2475 2737 2556 quaestiones
2775 2475 2914 2538 DD.
2956 2476 3022 2538 et
3052 2474 3200 2538 dum

726 2579 1056 2659 quaerunt,
1109 2596 1187 2641 an
1234 2577 1372 2659 quis
1421 2578 1536 2641 sub
1582 2577 1725 2651 levi,
1761 2597 1840 2641 an
1874 2577 1989 2641 sub
2035 2578 2214 2661 gravi
2247 2579 2533 2642 teneatur
2579 2578 2790 2643 motus
2823 2577 2970 2642 illos
3009 2578 3199 2662 repri-

729 2699 894 2743 mere
927 2682 989 2743 et
1020 2699 1179 2761 quae
1212 2680 1393 2762 culpa
1431 2681 1513 2742 sit
1559 2680 1621 2742 in
1671 2680 2001 2744 omissione
2033 2679 2220 2744 huius
2267 2681 2654 2744 resistentiae
2700 2700 2812 2745 seu
2851 2682 2917 2744 in
2952 2681 3200 2763 permis-

729 2782 900 2845 sione
946 2781 1200 2844 illorum
1245 2783 1554 2857 motuum,
1606 2782 2002 2865 potissimum
2041 2783 2405 2867 intelligunt
2436 2782 2509 2847 de
2541 2801 2709 2858 33311,
2743 2802 2868 2864 (1110
2917 2784 3200 2865 (11113,111

729 2883 940 2946 motus
991 2883 1144 2947 istos
1191 2883 1480 2948 subortos
1527 2885 1917 2968 comprimat,
1954 2885 2174 2949 debeat
2206 2903 2417 2949 eorum
2451 2902 2705 2949 causam
2739 2888 3043 2950 avertere.

818 2984 955 3048 Hoc
1005 2985 1216 3048 autem
1249 2984 1387 3048 inde
1421 2987 1685 3050 maxime
1731 2988 2135 3052 manifestum
2173 2987 2265 3062 fit,
2302 2987 2467 3069 quod
2514 2987 2664 3051 dum
2711 3006 2937 3052 causas
2977 2988 3196 3063 iustae,

727 3087 805 3151 ut
835 3088 1029 3164 aiunt,
1057 3090 1267 3152 motus
1293 3088 1448 3152 istos
1482 3090 1879 3171 permittendi
1905 3109 2014 3154 seu
2038 3110 2160 3154 non
2192 3090 2447 3154 curandi
2471 3092 2804 3167 recensent,
2833 3091 3198 3174 praesertim

727 3193 1077 3254 memorant
1110 3191 1382 3255 actiones
1422 3191 1728 3267 studendi,
1769 3192 2057 3257 audiendi
2087 3192 2519 3270 confessioneS,
2554 3194 2836 3257 medendi
2868 3197 2989 3259 etc.

817 3291 1117 3372 Quocirca
1149 3295 1449 3358 resolutio
1482 3294 1631 3358 haec
1662 3296 1930 3359 maxime
1963 3314 2034 3360 eo
2068 3297 2326 3379 spectat,
2355 3298 2429 3360 ut
2453 3296 2802 3374 definiatur,
2837 3316 2963 3362 non
2997 3316 3200 3361 carere

725 3395 939 3475 aliqua
985 3396 1186 3478 culpa,
1239 3395 1403 3478 quod
1450 3397 1589 3478 quis
1636 3398 1983 3480 perseveret
2028 3398 2092 3461 in
2140 3418 2212 3462 ea
2260 3398 2500 3462 actione
2548 3417 2657 3462 seu
2703 3399 3200 3475 circumstantia,

726 3514 886 3576 quae
934 3515 1149 3560 3333111
1197 3499 1449 3580 praebet
1480 3499 1783 3563 eiusmodi
1823 3501 2085 3564 miseriis
2132 3500 2316 3582 idque
2363 3501 2610 3564 etiamsi
2659 3501 2826 3565 absit
2857 3501 3198 3585 periculum

725 3616 1077 3677 3033333113,
1129 3601 1374 3682 (11133ᾶο
1423 3602 1556 3666 3013
1595 3602 1944 3681 3311031133,
1986 3603 2252 3675 vanitas,
2307 3602 2593 3667 otiositas
2645 3605 2757 3667 aut
2801 3604 2986 3687 culpa
3020 3623 3202 3686 quae-

727 3700 897 3784 piam
942 3700 1096 3766 levis
1143 3702 1204 3766 in
1254 3705 1473 3786 quavis
1518 3705 1780 3768 materia
1840 3706 1935 3769 est
1982 3724 2169 3770 causa
2218 3724 2322 3770 333
2371 3707 2643 3772 actiones
2693 3706 3094 3792 aggrediendi
3141 3708 3201 3770 et

726 3804 792 3867 in
840 3802 1056 3868 iisdem
1104 3807 1548 3888 perseverandi.
1586 3806 1756 3886 Quae
1805 3808 1986 3891 culpa
2034 3808 2251 3885 aberit,
2294 3808 2537 3889 quando
2585 3809 2755 3873 iusta
2795 3809 2976 3874 adest
3016 3828 3198 3875 causa

728 3905 927 3970 eidem
968 3907 1195 3972 actioni
1245 3908 1587 3973 insistendi.

819 4005 994 4080 6⁰9.
1015 4010 1231 4089 Quoad
1255 4030 1619 4076 consensum
1643 4014 1854 4075 autem
1879 4014 1940 4076 in
1965 4012 2436 4078 delectationem
2462 4016 2525 4078 et
2552 4013 2758 4097 quoad
2774 4014 3193 4098 reprimendas

725 4130 836 4175 seu
867 4112 1251 4194 expellendas
1286 4116 1574 4178 motuum
1622 4125 1862 4189 causas,
1904 4115 2345 4197 phantasmata
2383 4136 2599 4199 nempe
2646 4118 2709 4181 et
2756 4118 3193 4201 cogitationes,

726 4231 848 4277 303
888 4232 1177 4297 praeceps
1209 4214 1510 4280 iudicium
1549 4216 1885 4281 ferendum.

816 4317 906 4378 De
939 4318 1053 4379 hac
1086 4336 1150 4380 re
1182 4315 1516 4383 Caietanus
1551 4320 1625 4383 V.
1664 4318 2011 4384 Delectatio
2045 4340 2215 4404 prop.
2251 4321 2376 4385 fin.:
2419 4347 2452 4379 «
2486 4322 2751 4386 Intentio
2783 4322 3052 4406 denique
3098 4323 3199 4387 ho·

727 4416 912 4479 minis
951 4420 1295 4484 contuenda
1344 4423 1455 4498 est,
1492 4440 1614 4503 quo
1655 4422 1874 4487 tendit.
1910 4422 2072 4487 Nam
2107 4427 2438 4507 postquam
2478 4424 2651 4507 plene
2692 4423 2986 4504 advertit,
3022 4427 3075 4490 si
3107 4445 3198 4490 ne-

724 4517 934 4601 gligit,
963 4523 1034 4583 ut
1068 4521 1408 4586 delectetur
1440 4523 1513 4587 de
1544 4524 1653 4588 1110
1691 4525 1857 4589 malo
1892 4545 2091 4608 opere,
2127 4527 2468 4591 committit
2499 4526 2847 4592 formaliter
2878 4530 3196 4611 peccatum
