<?xml version="1.0" encoding="UTF-8"?>
<!DOCTYPE html PUBLIC "-//W3C//DTD XHTML 1.0 Transitional//EN"
    "http://www.w3.org/TR/xhtml1/DTD/xhtml1-transitional.dtd">
<html xmlns="http://www.w3.org/1999/xhtml" xml:lang="en" lang="en">
 <head>
  <title>
</title>
<meta http-equiv="Content-Type" content="text/html;charset=utf-8" />
  <meta name='ocr-system' content='tesseract 3.04.00' />
  <meta name='ocr-capabilities' content='ocr_page ocr_carea ocr_par ocr_line ocrx_word'/>
</head>
<body>
  <div class='ocr_page' id='page_1' title='image "./opustheologicum00palmgoog/opustheologicum00palmgoog_0488.png"; bbox 0 0 3529 5158; ppageno 0'>
   <div class='ocr_carea' id='block_1_1' title="bbox 353 322 2815 398">
    <p class='ocr_par' dir='ltr' id='par_1_1' title="bbox 353 322 2815 398">
     <span class='ocr_line' id='line_1_1' title="bbox 353 322 2815 398; baseline 0.002 -20"><span class='ocrx_word' id='word_1_1' title='bbox 353 322 495 398; x_wconf 81' lang='lat'>[401]</span> <span class='ocrx_word' id='word_1_2' title='bbox 1193 338 1525 382; x_wconf 67' lang='lat' dir='ltr'>onmem-10</span> <span class='ocrx_word' id='word_1_3' title='bbox 1562 341 1971 383; x_wconf 67' lang='lat' dir='ltr'>nrsmstmm</span> <span class='ocrx_word' id='word_1_4' title='bbox 2705 330 2815 383; x_wconf 79' lang='lat'>393</span> 
     </span>
    </p>
   </div>
   <div class='ocr_carea' id='block_1_2' title="bbox 331 433 2816 4626">
    <p class='ocr_par' dir='ltr' id='par_1_2' title="bbox 346 433 2816 706">
     <span class='ocr_line' id='line_1_2' title="bbox 352 433 2816 516; baseline 0.002 -18"><span class='ocrx_word' id='word_1_5' title='bbox 352 433 622 500; x_wconf 80' lang='lat' dir='ltr'>bendum</span> <span class='ocrx_word' id='word_1_6' title='bbox 655 437 751 499; x_wconf 89' lang='lat' dir='ltr'>est</span> <span class='ocrx_word' id='word_1_7' title='bbox 789 435 1024 516; x_wconf 85' lang='lat' dir='ltr'>aliquid</span> <span class='ocrx_word' id='word_1_8' title='bbox 1055 436 1394 513; x_wconf 79' lang='lat' dir='ltr'>severitati,</span> <span class='ocrx_word' id='word_1_9' title='bbox 1429 439 1503 501; x_wconf 91' lang='lat' dir='ltr'>ut</span> <span class='ocrx_word' id='word_1_10' title='bbox 1526 438 1865 503; x_wconf 85' lang='lat' dir='ltr'>maioribus</span> <span class='ocrx_word' id='word_1_11' title='bbox 1899 438 2082 503; x_wconf 86' lang='lat' dir='ltr'>malis</span> <span class='ocrx_word' id='word_1_12' title='bbox 2115 439 2405 503; x_wconf 76' lang='lat' dir='ltr'>sanandis</span> <span class='ocrx_word' id='word_1_13' title='bbox 2438 440 2665 504; x_wconf 89' lang='lat' dir='ltr'>caritas</span> <span class='ocrx_word' id='word_1_14' title='bbox 2697 440 2816 504; x_wconf 90' lang='lat' dir='ltr'>sin·</span> 
     </span>
     <span class='ocr_line' id='line_1_3' title="bbox 346 537 2813 616; baseline 0.001 -14"><span class='ocrx_word' id='word_1_15' title='bbox 346 556 483 602; x_wconf 85' lang='lat' dir='ltr'>cera</span> <span class='ocrx_word' id='word_1_16' title='bbox 525 537 857 602; x_wconf 86' lang='lat' dir='ltr'>subveniat</span> <span class='ocrx_word' id='word_1_17' title='bbox 887 563 949 601; x_wconf 82' lang='grc'>».</span> <span class='ocrx_word' id='word_1_18' title='bbox 984 538 1067 601; x_wconf 85' lang='lat' dir='ltr'>Et</span> <span class='ocrx_word' id='word_1_19' title='bbox 1095 538 1212 603; x_wconf 87' lang='lat' dir='ltr'>hoc</span> <span class='ocrx_word' id='word_1_20' title='bbox 1245 538 1449 602; x_wconf 79' lang='lat' dir='ltr'>innuit</span> <span class='ocrx_word' id='word_1_21' title='bbox 1486 539 1583 616; x_wconf 71' lang='lat' dir='ltr'>A„</span> <span class='ocrx_word' id='word_1_22' title='bbox 1611 541 1721 605; x_wconf 90' lang='lat' dir='ltr'>ubi</span> <span class='ocrx_word' id='word_1_23' title='bbox 1751 541 1902 605; x_wconf 90' lang='lat' dir='ltr'>dicit</span> <span class='ocrx_word' id='word_1_24' title='bbox 1933 543 2356 605; x_wconf 68' lang='lat' dir='ltr'>necessarimm</span> <span class='ocrx_word' id='word_1_25' title='bbox 2385 541 2473 604; x_wconf 78' lang='lat' dir='ltr'>ad</span> <span class='ocrx_word' id='word_1_26' title='bbox 2501 562 2813 605; x_wconf 73' lang='lat' dir='ltr'>commune</span> 
     </span>
     <span class='ocr_line' id='line_1_4' title="bbox 349 639 1648 706; baseline 0.002 -2"><span class='ocrx_word' id='word_1_27' title='bbox 349 639 643 704; x_wconf 64' lang='lat' dir='ltr'>bonuau...</span> <span class='ocrx_word' id='word_1_28' title='bbox 684 641 780 705; x_wconf 88' lang='lat' dir='ltr'>vel</span> <span class='ocrx_word' id='word_1_29' title='bbox 810 640 1216 704; x_wconf 77' lang='lat' dir='ltr'>avertendum</span> <span class='ocrx_word' id='word_1_30' title='bbox 1260 640 1648 706; x_wconf 78' lang='lat' dir='ltr'>scandalum.</span> 
     </span>
    </p>

    <p class='ocr_par' dir='ltr' id='par_1_3' title="bbox 341 742 2813 1135">
     <span class='ocr_line' id='line_1_5' title="bbox 529 742 2812 830; baseline 0.002 -23"><span class='ocrx_word' id='word_1_31' title='bbox 529 743 601 806; x_wconf 86' lang='lat'>4⁰</span> <span class='ocrx_word' id='word_1_32' title='bbox 639 743 838 808; x_wconf 88' lang='lat' dir='ltr'>Prout</span> <span class='ocrx_word' id='word_1_33' title='bbox 886 747 948 808; x_wconf 88' lang='lat' dir='ltr'>et</span> <span class='ocrx_word' id='word_1_34' title='bbox 985 742 1059 807; x_wconf 87' lang='lat' dir='ltr'>A.</span> <span class='ocrx_word' id='word_1_35' title='bbox 1099 744 1325 817; x_wconf 89' lang='lat' dir='ltr'>innuit,</span> <span class='ocrx_word' id='word_1_36' title='bbox 1372 746 1580 827; x_wconf 88' lang='lat' dir='ltr'>potest</span> <span class='ocrx_word' id='word_1_37' title='bbox 1625 764 1756 810; x_wconf 89' lang='lat' dir='ltr'>esse</span> <span class='ocrx_word' id='word_1_38' title='bbox 1804 746 2012 811; x_wconf 84' lang='lat' dir='ltr'>debita</span> <span class='ocrx_word' id='word_1_39' title='bbox 2060 748 2438 830; x_wconf 79' lang='lat' dir='ltr'>dispensatio</span> <span class='ocrx_word' id='word_1_40' title='bbox 2486 768 2563 811; x_wconf 74' lang='lat' dir='ltr'>ex</span> <span class='ocrx_word' id='word_1_41' title='bbox 2609 748 2812 828; x_wconf 74' lang='lat' dir='ltr'>officio</span> 
     </span>
     <span class='ocr_line' id='line_1_6' title="bbox 344 844 2813 933; baseline 0.002 -24"><span class='ocrx_word' id='word_1_42' title='bbox 344 862 420 909; x_wconf 84' lang='lat' dir='ltr'>ac</span> <span class='ocrx_word' id='word_1_43' title='bbox 451 844 710 910; x_wconf 82' lang='lat' dir='ltr'>subinde</span> <span class='ocrx_word' id='word_1_44' title='bbox 735 866 813 909; x_wconf 72' lang='lat' dir='ltr'>erc</span> <span class='ocrx_word' id='word_1_45' title='bbox 835 847 1101 924; x_wconf 68' lang='lat' dir='ltr'>iustitia,</span> <span class='ocrx_word' id='word_1_46' title='bbox 1135 847 1244 911; x_wconf 90' lang='lat' dir='ltr'>ubi</span> <span class='ocrx_word' id='word_1_47' title='bbox 1279 846 1469 911; x_wconf 84' lang='lat' dir='ltr'>fuerit</span> <span class='ocrx_word' id='word_1_48' title='bbox 1499 848 1843 912; x_wconf 88' lang='lat' dir='ltr'>necessaria</span> <span class='ocrx_word' id='word_1_49' title='bbox 1875 848 1953 912; x_wconf 86' lang='lat' dir='ltr'>ad</span> <span class='ocrx_word' id='word_1_50' title='bbox 1986 848 2310 931; x_wconf 80' lang='lat' dir='ltr'>spirituale</span> <span class='ocrx_word' id='word_1_51' title='bbox 2341 849 2573 914; x_wconf 89' lang='lat' dir='ltr'>bonum</span> <span class='ocrx_word' id='word_1_52' title='bbox 2605 853 2813 933; x_wconf 86' lang='lat' dir='ltr'>postu-</span> 
     </span>
     <span class='ocr_line' id='line_1_7' title="bbox 345 947 2809 1035; baseline 0.002 -25"><span class='ocrx_word' id='word_1_53' title='bbox 345 947 561 1025; x_wconf 84' lang='lat' dir='ltr'>lantis,</span> <span class='ocrx_word' id='word_1_54' title='bbox 597 948 695 1013; x_wconf 81' lang='lat' dir='ltr'>vel</span> <span class='ocrx_word' id='word_1_55' title='bbox 728 949 805 1013; x_wconf 88' lang='lat' dir='ltr'>ad</span> <span class='ocrx_word' id='word_1_56' title='bbox 828 948 1154 1013; x_wconf 79' lang='lat' dir='ltr'>vitandum</span> <span class='ocrx_word' id='word_1_57' title='bbox 1185 968 1375 1033; x_wconf 82' lang='lat' dir='ltr'>grave</span> <span class='ocrx_word' id='word_1_58' title='bbox 1405 950 1749 1033; x_wconf 89' lang='lat' dir='ltr'>periculum</span> <span class='ocrx_word' id='word_1_59' title='bbox 1775 951 2033 1015; x_wconf 88' lang='lat' dir='ltr'>animae.</span> <span class='ocrx_word' id='word_1_60' title='bbox 2072 951 2282 1027; x_wconf 83' lang='lat' dir='ltr'>Ratio,</span> <span class='ocrx_word' id='word_1_61' title='bbox 2317 952 2465 1034; x_wconf 89' lang='lat' dir='ltr'>quia</span> <span class='ocrx_word' id='word_1_62' title='bbox 2497 953 2809 1035; x_wconf 86' lang='lat' dir='ltr'>praelatus</span> 
     </span>
     <span class='ocr_line' id='line_1_8' title="bbox 341 1049 1989 1135; baseline 0.002 -22"><span class='ocrx_word' id='word_1_63' title='bbox 341 1049 409 1113; x_wconf 90' lang='lat' dir='ltr'>in</span> <span class='ocrx_word' id='word_1_64' title='bbox 448 1049 548 1114; x_wconf 89' lang='lat' dir='ltr'>his</span> <span class='ocrx_word' id='word_1_65' title='bbox 585 1051 832 1115; x_wconf 80' lang='lat' dir='ltr'>casibus</span> <span class='ocrx_word' id='word_1_66' title='bbox 869 1053 1118 1116; x_wconf 86' lang='lat' dir='ltr'>tenetur</span> <span class='ocrx_word' id='word_1_67' title='bbox 1154 1051 1471 1135; x_wconf 81' lang='lat' dir='ltr'>providere</span> <span class='ocrx_word' id='word_1_68' title='bbox 1503 1052 1698 1117; x_wconf 89' lang='lat' dir='ltr'>saluti</span> <span class='ocrx_word' id='word_1_69' title='bbox 1734 1052 1989 1117; x_wconf 90' lang='lat' dir='ltr'>subditi.</span> 
     </span>
    </p>

    <p class='ocr_par' dir='ltr' id='par_1_4' title="bbox 337 1153 2810 2366">
     <span class='ocr_line' id='line_1_9' title="bbox 527 1153 2810 1239; baseline 0.002 -22"><span class='ocrx_word' id='word_1_70' title='bbox 527 1153 598 1217; x_wconf 86' lang='lat'>5⁰</span> <span class='ocrx_word' id='word_1_71' title='bbox 628 1154 981 1236; x_wconf 82' lang='lat' dir='ltr'>Aliquando</span> <span class='ocrx_word' id='word_1_72' title='bbox 1014 1154 1160 1219; x_wconf 90' lang='lat' dir='ltr'>licet</span> <span class='ocrx_word' id='word_1_73' title='bbox 1190 1174 1378 1218; x_wconf 88' lang='lat' dir='ltr'>causa</span> <span class='ocrx_word' id='word_1_74' title='bbox 1413 1174 1539 1218; x_wconf 88' lang='lat' dir='ltr'>non</span> <span class='ocrx_word' id='word_1_75' title='bbox 1571 1155 1828 1219; x_wconf 87' lang='lat' dir='ltr'>inducat</span> <span class='ocrx_word' id='word_1_76' title='bbox 1867 1155 2145 1219; x_wconf 89' lang='lat' dir='ltr'>debitum</span> <span class='ocrx_word' id='word_1_77' title='bbox 2185 1175 2257 1220; x_wconf 80' lang='lat' dir='ltr'>ex</span> <span class='ocrx_word' id='word_1_78' title='bbox 2302 1155 2568 1231; x_wconf 77' lang='lat' dir='ltr'>iustitia,</span> <span class='ocrx_word' id='word_1_79' title='bbox 2603 1159 2810 1239; x_wconf 88' lang='lat' dir='ltr'>potest</span> 
     </span>
     <span class='ocr_line' id='line_1_10' title="bbox 341 1248 2808 1341; baseline 0.001 -21"><span class='ocrx_word' id='word_1_80' title='bbox 341 1255 632 1321; x_wconf 74' lang='lat' dir='ltr'>inducere</span> <span class='ocrx_word' id='word_1_81' title='bbox 656 1256 933 1321; x_wconf 89' lang='lat' dir='ltr'>debitum</span> <span class='ocrx_word' id='word_1_82' title='bbox 960 1257 1242 1321; x_wconf 86' lang='lat' dir='ltr'>caritatis</span> <span class='ocrx_word' id='word_1_83' title='bbox 1268 1259 1330 1322; x_wconf 90' lang='lat' dir='ltr'>et</span> <span class='ocrx_word' id='word_1_84' title='bbox 1355 1257 1829 1322; x_wconf 83' lang='lat' dir='ltr'>misericordiae.</span> <span class='ocrx_word' id='word_1_85' title='bbox 1858 1257 2023 1321; x_wconf 87' lang='lat' dir='ltr'>Nam</span> <span class='ocrx_word' id='word_1_86' title='bbox 2048 1248 2160 1322; x_wconf 80' lang='lat' dir='ltr'>ceu</span> <span class='ocrx_word' id='word_1_87' title='bbox 2178 1277 2332 1341; x_wconf 89' lang='lat' dir='ltr'>opus</span> <span class='ocrx_word' id='word_1_88' title='bbox 2355 1258 2808 1323; x_wconf 81' lang='lat' dir='ltr'>misericordiae</span> 
     </span>
     <span class='ocr_line' id='line_1_11' title="bbox 338 1357 2806 1442; baseline 0 -21"><span class='ocrx_word' id='word_1_89' title='bbox 338 1357 723 1441; x_wconf 83' lang='lat' dir='ltr'>dispensatio</span> <span class='ocrx_word' id='word_1_90' title='bbox 770 1359 1093 1423; x_wconf 82' lang='lat' dir='ltr'>exhibetur</span> <span class='ocrx_word' id='word_1_91' title='bbox 1137 1359 1201 1422; x_wconf 90' lang='lat' dir='ltr'>in</span> <span class='ocrx_word' id='word_1_92' title='bbox 1234 1378 1367 1442; x_wconf 87' lang='lat' dir='ltr'>cap.</span> <span class='ocrx_word' id='word_1_93' title='bbox 1402 1359 1763 1423; x_wconf 74' lang='lat' dir='ltr'>Postula-sti</span> <span class='ocrx_word' id='word_1_94' title='bbox 1813 1360 1871 1422; x_wconf 90' lang='lat'>7.</span> <span class='ocrx_word' id='word_1_95' title='bbox 1921 1360 1995 1422; x_wconf 80' lang='lat' dir='ltr'>de</span> <span class='ocrx_word' id='word_1_96' title='bbox 2039 1357 2280 1423; x_wconf 69' lang='lat' dir='ltr'>Olet-ico</span> <span class='ocrx_word' id='word_1_97' title='bbox 2327 1361 2765 1423; x_wconf 73' lang='lat' dir='ltr'>excommunic,</span> <span class='ocrx_word' id='word_1_98' title='bbox 2786 1381 2806 1422; x_wconf 94' lang='grc'>.·</span> 
     </span>
     <span class='ocr_line' id='line_1_12' title="bbox 349 1457 2805 1527; baseline 0.002 -7"><span class='ocrx_word' id='word_1_99' title='bbox 349 1485 386 1517; x_wconf 85' lang='lat'>‹</span> <span class='ocrx_word' id='word_1_100' title='bbox 418 1457 674 1523; x_wconf 86' lang='lat' dir='ltr'>Clericis</span> <span class='ocrx_word' id='word_1_101' title='bbox 723 1460 1375 1526; x_wconf 79' lang='lat' dir='ltr'>excommunicationis</span> <span class='ocrx_word' id='word_1_102' title='bbox 1424 1462 1669 1527; x_wconf 85' lang='lat' dir='ltr'>vinculo</span> <span class='ocrx_word' id='word_1_103' title='bbox 1707 1461 2022 1526; x_wconf 87' lang='lat' dir='ltr'>innodatis</span> <span class='ocrx_word' id='word_1_104' title='bbox 2057 1462 2469 1526; x_wconf 83' lang='lat' dir='ltr'>ecclesiastica</span> <span class='ocrx_word' id='word_1_105' title='bbox 2516 1461 2805 1526; x_wconf 85' lang='lat' dir='ltr'>beneficia</span> 
     </span>
     <span class='ocr_line' id='line_1_13' title="bbox 337 1561 2807 1647; baseline 0 -21"><span class='ocrx_word' id='word_1_106' title='bbox 337 1561 608 1627; x_wconf 84' lang='lat' dir='ltr'>conferri</span> <span class='ocrx_word' id='word_1_107' title='bbox 638 1580 760 1627; x_wconf 90' lang='lat' dir='ltr'>non</span> <span class='ocrx_word' id='word_1_108' title='bbox 792 1564 1052 1647; x_wconf 83' lang='lat' dir='ltr'>possunt</span> <span class='ocrx_word' id='word_1_109' title='bbox 1082 1583 1194 1629; x_wconf 88' lang='lat' dir='ltr'>nec</span> <span class='ocrx_word' id='word_1_110' title='bbox 1224 1564 1319 1628; x_wconf 83' lang='lat' dir='ltr'>illi</span> <span class='ocrx_word' id='word_1_111' title='bbox 1337 1563 1549 1628; x_wconf 83' lang='lat' dir='ltr'>valent</span> <span class='ocrx_word' id='word_1_112' title='bbox 1581 1565 1842 1629; x_wconf 88' lang='lat' dir='ltr'>retinere</span> <span class='ocrx_word' id='word_1_113' title='bbox 1881 1564 2069 1641; x_wconf 81' lang='lat' dir='ltr'>licite,</span> <span class='ocrx_word' id='word_1_114' title='bbox 2105 1565 2224 1628; x_wconf 87' lang='lat' dir='ltr'>uisi</span> <span class='ocrx_word' id='word_1_115' title='bbox 2256 1564 2516 1629; x_wconf 84' lang='lat' dir='ltr'>forsitan</span> <span class='ocrx_word' id='word_1_116' title='bbox 2549 1585 2685 1627; x_wconf 80' lang='lat' dir='ltr'>cum</span> <span class='ocrx_word' id='word_1_117' title='bbox 2717 1566 2807 1627; x_wconf 74' lang='lat' dir='ltr'>eis</span> 
     </span>
     <span class='ocr_line' id='line_1_14' title="bbox 337 1663 2805 1750; baseline 0.001 -23"><span class='ocrx_word' id='word_1_118' title='bbox 337 1663 541 1743; x_wconf 81' lang='lat' dir='ltr'>fuerit</span> <span class='ocrx_word' id='word_1_119' title='bbox 557 1664 1046 1729; x_wconf 77' lang='lat' dir='ltr'>misericorditer</span> <span class='ocrx_word' id='word_1_120' title='bbox 1070 1665 1497 1745; x_wconf 77' lang='lat' dir='ltr'>dispensatum</span> <span class='ocrx_word' id='word_1_121' title='bbox 1520 1690 1584 1728; x_wconf 81' lang='lat'>».</span> <span class='ocrx_word' id='word_1_122' title='bbox 1611 1666 1803 1731; x_wconf 90' lang='lat' dir='ltr'>Porro</span> <span class='ocrx_word' id='word_1_123' title='bbox 1831 1685 1985 1750; x_wconf 91' lang='lat' dir='ltr'>opus</span> <span class='ocrx_word' id='word_1_124' title='bbox 2008 1665 2463 1730; x_wconf 84' lang='lat' dir='ltr'>misericordiae</span> <span class='ocrx_word' id='word_1_125' title='bbox 2493 1666 2805 1730; x_wconf 84' lang='lat' dir='ltr'>interdurn</span> 
     </span>
     <span class='ocr_line' id='line_1_15' title="bbox 341 1766 2805 1853; baseline 0.001 -24"><span class='ocrx_word' id='word_1_126' title='bbox 341 1768 442 1830; x_wconf 88' lang='lat' dir='ltr'>est</span> <span class='ocrx_word' id='word_1_127' title='bbox 463 1766 763 1844; x_wconf 84' lang='lat' dir='ltr'>debitum,</span> <span class='ocrx_word' id='word_1_128' title='bbox 791 1768 1042 1850; x_wconf 45' lang='lat' dir='ltr'>quando*</span> <span class='ocrx_word' id='word_1_129' title='bbox 1068 1768 1386 1852; x_wconf 80' lang='lat' dir='ltr'>proximus</span> <span class='ocrx_word' id='word_1_130' title='bbox 1416 1768 1694 1852; x_wconf 79' lang='lat' dir='ltr'>graviter</span> <span class='ocrx_word' id='word_1_131' title='bbox 1723 1768 1963 1853; x_wconf 81' lang='lat' dir='ltr'>indiget</span> <span class='ocrx_word' id='word_1_132' title='bbox 1997 1770 2061 1831; x_wconf 87' lang='lat' dir='ltr'>et</span> <span class='ocrx_word' id='word_1_133' title='bbox 2089 1769 2219 1832; x_wconf 88' lang='lat' dir='ltr'>sine</span> <span class='ocrx_word' id='word_1_134' title='bbox 2251 1767 2567 1850; x_wconf 90' lang='lat' dir='ltr'>dispendio</span> <span class='ocrx_word' id='word_1_135' title='bbox 2599 1770 2805 1850; x_wconf 89' lang='lat' dir='ltr'>potest</span> 
     </span>
     <span class='ocr_line' id='line_1_16' title="bbox 341 1869 2802 1956; baseline -0 -22"><span class='ocrx_word' id='word_1_136' title='bbox 341 1869 438 1934; x_wconf 88' lang='lat' dir='ltr'>illi</span> <span class='ocrx_word' id='word_1_137' title='bbox 457 1870 726 1935; x_wconf 86' lang='lat' dir='ltr'>concedi.</span> <span class='ocrx_word' id='word_1_138' title='bbox 751 1871 834 1935; x_wconf 83' lang='lat' dir='ltr'>Et</span> <span class='ocrx_word' id='word_1_139' title='bbox 869 1872 986 1936; x_wconf 86' lang='lat' dir='ltr'>hoe</span> <span class='ocrx_word' id='word_1_140' title='bbox 1013 1871 1343 1956; x_wconf 78' lang='lat' dir='ltr'>contingit,</span> <span class='ocrx_word' id='word_1_141' title='bbox 1376 1871 1621 1952; x_wconf 88' lang='lat' dir='ltr'>quando</span> <span class='ocrx_word' id='word_1_142' title='bbox 1650 1870 1938 1935; x_wconf 89' lang='lat' dir='ltr'>subditus</span> <span class='ocrx_word' id='word_1_143' title='bbox 1968 1869 2424 1953; x_wconf 82' lang='lat' dir='ltr'>dispensatione</span> <span class='ocrx_word' id='word_1_144' title='bbox 2454 1870 2693 1954; x_wconf 87' lang='lat' dir='ltr'>indiget</span> <span class='ocrx_word' id='word_1_145' title='bbox 2728 1869 2802 1933; x_wconf 87' lang='lat' dir='ltr'>ad</span> 
     </span>
     <span class='ocr_line' id='line_1_17' title="bbox 341 1972 2805 2059; baseline 0 -22"><span class='ocrx_word' id='word_1_146' title='bbox 341 1972 670 2037; x_wconf 79' lang='lat' dir='ltr'>vitandum</span> <span class='ocrx_word' id='word_1_147' title='bbox 707 1993 896 2059; x_wconf 82' lang='lat' dir='ltr'>grave</span> <span class='ocrx_word' id='word_1_148' title='bbox 934 1973 1185 2057; x_wconf 83' lang='lat' dir='ltr'>aliquod</span> <span class='ocrx_word' id='word_1_149' title='bbox 1232 1975 1528 2038; x_wconf 84' lang='lat' dir='ltr'>damnum</span> <span class='ocrx_word' id='word_1_150' title='bbox 1572 1973 1639 2036; x_wconf 91' lang='lat' dir='ltr'>in</span> <span class='ocrx_word' id='word_1_151' title='bbox 1669 1992 1931 2056; x_wconf 87' lang='lat' dir='ltr'>persona</span> <span class='ocrx_word' id='word_1_152' title='bbox 1962 1974 2061 2037; x_wconf 87' lang='lat' dir='ltr'>vel</span> <span class='ocrx_word' id='word_1_153' title='bbox 2090 1973 2152 2037; x_wconf 91' lang='lat' dir='ltr'>in</span> <span class='ocrx_word' id='word_1_154' title='bbox 2188 1972 2326 2036; x_wconf 87' lang='lat' dir='ltr'>aliis</span> <span class='ocrx_word' id='word_1_155' title='bbox 2357 1972 2533 2037; x_wconf 89' lang='lat' dir='ltr'>bonis</span> <span class='ocrx_word' id='word_1_156' title='bbox 2565 1974 2805 2055; x_wconf 88' lang='lat' dir='ltr'>tempo·</span> 
     </span>
     <span class='ocr_line' id='line_1_18' title="bbox 341 2074 2806 2161; baseline -0 -21"><span class='ocrx_word' id='word_1_157' title='bbox 341 2075 599 2140; x_wconf 75' lang='lat' dir='ltr'>talibus.</span> <span class='ocrx_word' id='word_1_158' title='bbox 650 2077 751 2142; x_wconf 90' lang='lat' dir='ltr'>Ita</span> <span class='ocrx_word' id='word_1_159' title='bbox 796 2078 1046 2142; x_wconf 88' lang='lat' dir='ltr'>tenetur</span> <span class='ocrx_word' id='word_1_160' title='bbox 1091 2077 1441 2161; x_wconf 87' lang='lat' dir='ltr'>dispensare</span> <span class='ocrx_word' id='word_1_161' title='bbox 1487 2075 1827 2158; x_wconf 82' lang='lat' dir='ltr'>Episcopus</span> <span class='ocrx_word' id='word_1_162' title='bbox 1875 2076 1937 2139; x_wconf 90' lang='lat' dir='ltr'>in</span> <span class='ocrx_word' id='word_1_163' title='bbox 1985 2074 2561 2139; x_wconf 88' lang='lat' dir='ltr'>denunciationibus</span> <span class='ocrx_word' id='word_1_164' title='bbox 2592 2075 2806 2139; x_wconf 90' lang='lat' dir='ltr'>matri-</span> 
     </span>
     <span class='ocr_line' id='line_1_19' title="bbox 340 2174 2801 2263; baseline -0.001 -20"><span class='ocrx_word' id='word_1_165' title='bbox 340 2180 558 2256; x_wconf 81' lang='lat' dir='ltr'>monii,</span> <span class='ocrx_word' id='word_1_166' title='bbox 585 2179 638 2244; x_wconf 92' lang='lat' dir='ltr'>si</span> <span class='ocrx_word' id='word_1_167' title='bbox 655 2180 956 2263; x_wconf 87' lang='lat' dir='ltr'>probatur</span> <span class='ocrx_word' id='word_1_168' title='bbox 980 2180 1190 2246; x_wconf 83' lang='lat' dir='ltr'>adesse</span> <span class='ocrx_word' id='word_1_169' title='bbox 1213 2179 1626 2262; x_wconf 87' lang='lat' dir='ltr'>suspicionem</span> <span class='ocrx_word' id='word_1_170' title='bbox 1650 2178 1954 2243; x_wconf 85' lang='lat' dir='ltr'>malitiosi</span> <span class='ocrx_word' id='word_1_171' title='bbox 1985 2176 2429 2260; x_wconf 86' lang='lat' dir='ltr'>impedimenti.</span> <span class='ocrx_word' id='word_1_172' title='bbox 2454 2176 2546 2239; x_wconf 81' lang='lat' dir='ltr'>Ex</span> <span class='ocrx_word' id='word_1_173' title='bbox 2576 2174 2801 2241; x_wconf 88' lang='lat' dir='ltr'>Suarez</span> 
     </span>
     <span class='ocr_line' id='line_1_20' title="bbox 342 2281 1593 2366; baseline 0 -22"><span class='ocrx_word' id='word_1_174' title='bbox 342 2281 417 2345; x_wconf 79' lang='lat' dir='ltr'>de</span> <span class='ocrx_word' id='word_1_175' title='bbox 448 2282 603 2363; x_wconf 76' lang='lat' dir='ltr'>Lcy.</span> <span class='ocrx_word' id='word_1_176' title='bbox 630 2282 738 2346; x_wconf 89' lang='lat' dir='ltr'>lib.</span> <span class='ocrx_word' id='word_1_177' title='bbox 781 2283 840 2346; x_wconf 88' lang='grc'>6.</span> <span class='ocrx_word' id='word_1_178' title='bbox 891 2302 1024 2366; x_wconf 90' lang='lat' dir='ltr'>cap.</span> <span class='ocrx_word' id='word_1_179' title='bbox 1063 2284 1165 2346; x_wconf 87' lang='grc'>18.</span> <span class='ocrx_word' id='word_1_180' title='bbox 1204 2302 1305 2346; x_wconf 90' lang='lat' dir='ltr'>nn.</span> <span class='ocrx_word' id='word_1_181' title='bbox 1347 2282 1452 2345; x_wconf 85' lang='lat'>21.</span> <span class='ocrx_word' id='word_1_182' title='bbox 1488 2283 1593 2345; x_wconf 84' lang='lat'>22.</span> 
     </span>
    </p>

    <p class='ocr_par' dir='ltr' id='par_1_5' title="bbox 337 2379 2803 2777">
     <span class='ocr_line' id='line_1_21' title="bbox 428 2379 2803 2464; baseline -0.005 -10"><span class='ocrx_word' id='word_1_183' title='bbox 428 2379 593 2456; x_wconf 73' lang='lat'>4⁰1.</span> <span class='ocrx_word' id='word_1_184' title='bbox 628 2386 820 2450; x_wconf 80' lang='lat' dir='ltr'>Extra</span> <span class='ocrx_word' id='word_1_185' title='bbox 860 2386 1072 2449; x_wconf 89' lang='lat' dir='ltr'>autem</span> <span class='ocrx_word' id='word_1_186' title='bbox 1101 2385 1215 2449; x_wconf 90' lang='lat' dir='ltr'>hos</span> <span class='ocrx_word' id='word_1_187' title='bbox 1263 2384 1496 2450; x_wconf 87' lang='lat' dir='ltr'>aliosve</span> <span class='ocrx_word' id='word_1_188' title='bbox 1542 2383 1900 2450; x_wconf 89' lang='lat' dir='ltr'>huiusmodi</span> <span class='ocrx_word' id='word_1_189' title='bbox 1947 2402 2125 2448; x_wconf 88' lang='lat' dir='ltr'>casus</span> <span class='ocrx_word' id='word_1_190' title='bbox 2173 2381 2549 2464; x_wconf 87' lang='lat' dir='ltr'>dispensatio</span> <span class='ocrx_word' id='word_1_191' title='bbox 2596 2381 2803 2463; x_wconf 90' lang='lat' dir='ltr'>potest</span> 
     </span>
     <span class='ocr_line' id='line_1_22' title="bbox 337 2482 2802 2570; baseline -0.002 -19"><span class='ocrx_word' id='word_1_192' title='bbox 337 2505 472 2551; x_wconf 87' lang='lat' dir='ltr'>esse</span> <span class='ocrx_word' id='word_1_193' title='bbox 517 2487 686 2551; x_wconf 85' lang='lat' dir='ltr'>iusta</span> <span class='ocrx_word' id='word_1_194' title='bbox 734 2490 798 2552; x_wconf 91' lang='lat' dir='ltr'>et</span> <span class='ocrx_word' id='word_1_195' title='bbox 842 2506 965 2553; x_wconf 93' lang='lat' dir='ltr'>non</span> <span class='ocrx_word' id='word_1_196' title='bbox 1010 2487 1252 2563; x_wconf 80' lang='lat' dir='ltr'>debita3</span> <span class='ocrx_word' id='word_1_197' title='bbox 1302 2488 1450 2569; x_wconf 89' lang='lat' dir='ltr'>quia</span> <span class='ocrx_word' id='word_1_198' title='bbox 1496 2487 1705 2570; x_wconf 89' lang='lat' dir='ltr'>potest</span> <span class='ocrx_word' id='word_1_199' title='bbox 1749 2505 1883 2552; x_wconf 90' lang='lat' dir='ltr'>esse</span> <span class='ocrx_word' id='word_1_200' title='bbox 1930 2505 2003 2550; x_wconf 82' lang='lat' dir='ltr'>ex</span> <span class='ocrx_word' id='word_1_201' title='bbox 2046 2483 2466 2549; x_wconf 83' lang='lat' dir='ltr'>misericordia</span> <span class='ocrx_word' id='word_1_202' title='bbox 2514 2482 2611 2547; x_wconf 89' lang='lat' dir='ltr'>vel</span> <span class='ocrx_word' id='word_1_203' title='bbox 2656 2483 2802 2547; x_wconf 91' lang='lat' dir='ltr'>libe-</span> 
     </span>
     <span class='ocr_line' id='line_1_23' title="bbox 337 2588 2802 2676; baseline -0.002 -22"><span class='ocrx_word' id='word_1_204' title='bbox 337 2590 610 2664; x_wconf 80' lang='lat' dir='ltr'>ralitate,</span> <span class='ocrx_word' id='word_1_205' title='bbox 645 2591 776 2656; x_wconf 91' lang='lat' dir='ltr'>sine</span> <span class='ocrx_word' id='word_1_206' title='bbox 822 2592 1002 2676; x_wconf 74' lang='lat' dir='ltr'>gravi</span> <span class='ocrx_word' id='word_1_207' title='bbox 1046 2594 1257 2656; x_wconf 87' lang='lat' dir='ltr'>tamen</span> <span class='ocrx_word' id='word_1_208' title='bbox 1302 2592 1668 2656; x_wconf 87' lang='lat' dir='ltr'>necessitate</span> <span class='ocrx_word' id='word_1_209' title='bbox 1715 2590 1951 2675; x_wconf 83' lang='lat' dir='ltr'>subditi</span> <span class='ocrx_word' id='word_1_210' title='bbox 1997 2593 2061 2653; x_wconf 91' lang='lat' dir='ltr'>et</span> <span class='ocrx_word' id='word_1_211' title='bbox 2106 2589 2236 2654; x_wconf 89' lang='lat' dir='ltr'>sine</span> <span class='ocrx_word' id='word_1_212' title='bbox 2281 2588 2605 2671; x_wconf 87' lang='lat' dir='ltr'>praecepto</span> <span class='ocrx_word' id='word_1_213' title='bbox 2644 2588 2802 2670; x_wconf 88' lang='lat' dir='ltr'>posi-</span> 
     </span>
     <span class='ocr_line' id='line_1_24' title="bbox 339 2691 2652 2777; baseline -0.001 -21"><span class='ocrx_word' id='word_1_214' title='bbox 339 2693 501 2769; x_wconf 80' lang='lat' dir='ltr'>tiv03</span> <span class='ocrx_word' id='word_1_215' title='bbox 551 2712 677 2775; x_wconf 90' lang='lat' dir='ltr'>qua</span> <span class='ocrx_word' id='word_1_216' title='bbox 723 2693 797 2758; x_wconf 91' lang='lat' dir='ltr'>de</span> <span class='ocrx_word' id='word_1_217' title='bbox 843 2713 1031 2758; x_wconf 87' lang='lat' dir='ltr'>causa</span> <span class='ocrx_word' id='word_1_218' title='bbox 1076 2693 1454 2777; x_wconf 87' lang='lat' dir='ltr'>dispensatio</span> <span class='ocrx_word' id='word_1_219' title='bbox 1491 2694 1555 2758; x_wconf 89' lang='lat' dir='ltr'>in</span> <span class='ocrx_word' id='word_1_220' title='bbox 1601 2694 1736 2758; x_wconf 90' lang='lat' dir='ltr'>iure</span> <span class='ocrx_word' id='word_1_221' title='bbox 1784 2694 1977 2757; x_wconf 85' lang='lat' dir='ltr'>etiam</span> <span class='ocrx_word' id='word_1_222' title='bbox 2025 2692 2376 2774; x_wconf 85' lang='lat' dir='ltr'>appellatur</span> <span class='ocrx_word' id='word_1_223' title='bbox 2420 2691 2652 2772; x_wconf 68' lang='lat' dir='ltr'>qratia.</span> 
     </span>
    </p>

    <p class='ocr_par' dir='ltr' id='par_1_6' title="bbox 335 2794 2800 3476">
     <span class='ocr_line' id='line_1_25' title="bbox 424 2794 2797 2880; baseline -0.001 -20"><span class='ocrx_word' id='word_1_224' title='bbox 424 2796 621 2861; x_wconf 89' lang='lat' dir='ltr'>Porro</span> <span class='ocrx_word' id='word_1_225' title='bbox 668 2816 810 2861; x_wconf 91' lang='lat' dir='ltr'>cum</span> <span class='ocrx_word' id='word_1_226' title='bbox 856 2816 1036 2862; x_wconf 90' lang='lat' dir='ltr'>casus</span> <span class='ocrx_word' id='word_1_227' title='bbox 1081 2797 1556 2880; x_wconf 85' lang='lat' dir='ltr'>dispensationis</span> <span class='ocrx_word' id='word_1_228' title='bbox 1617 2797 1843 2873; x_wconf 87' lang='lat' dir='ltr'>iustae,</span> <span class='ocrx_word' id='word_1_229' title='bbox 1892 2795 1993 2861; x_wconf 88' lang='lat' dir='ltr'>sed</span> <span class='ocrx_word' id='word_1_230' title='bbox 2054 2813 2175 2860; x_wconf 91' lang='lat' dir='ltr'>non</span> <span class='ocrx_word' id='word_1_231' title='bbox 2232 2794 2495 2870; x_wconf 82' lang='lat' dir='ltr'>debitae,</span> <span class='ocrx_word' id='word_1_232' title='bbox 2544 2813 2797 2858; x_wconf 89' lang='lat' dir='ltr'>causam</span> 
     </span>
     <span class='ocr_line' id='line_1_26' title="bbox 337 2895 2800 2982; baseline -0.002 -19"><span class='ocrx_word' id='word_1_233' title='bbox 337 2899 587 2972; x_wconf 88' lang='lat' dir='ltr'>habeat,</span> <span class='ocrx_word' id='word_1_234' title='bbox 619 2918 780 2982; x_wconf 84' lang='lat' dir='ltr'>quae</span> <span class='ocrx_word' id='word_1_235' title='bbox 816 2899 1126 2964; x_wconf 89' lang='lat' dir='ltr'>sufficiens</span> <span class='ocrx_word' id='word_1_236' title='bbox 1173 2899 1420 2982; x_wconf 88' lang='lat' dir='ltr'>quidem</span> <span class='ocrx_word' id='word_1_237' title='bbox 1452 2899 1550 2964; x_wconf 88' lang='lat' dir='ltr'>est</span> <span class='ocrx_word' id='word_1_238' title='bbox 1579 2898 1656 2964; x_wconf 88' lang='lat' dir='ltr'>ad</span> <span class='ocrx_word' id='word_1_239' title='bbox 1692 2897 2191 2982; x_wconf 79' lang='lat' dir='ltr'>dispensandum,</span> <span class='ocrx_word' id='word_1_240' title='bbox 2227 2895 2330 2960; x_wconf 88' lang='lat' dir='ltr'>sed</span> <span class='ocrx_word' id='word_1_241' title='bbox 2361 2914 2484 2961; x_wconf 89' lang='lat' dir='ltr'>non</span> <span class='ocrx_word' id='word_1_242' title='bbox 2519 2896 2595 2960; x_wconf 87' lang='lat' dir='ltr'>ad</span> <span class='ocrx_word' id='word_1_243' title='bbox 2626 2915 2800 2962; x_wconf 85' lang='lat' dir='ltr'>excu-</span> 
     </span>
     <span class='ocr_line' id='line_1_27' title="bbox 338 2997 2798 3087; baseline -0.002 -22"><span class='ocrx_word' id='word_1_244' title='bbox 338 3002 603 3066; x_wconf 89' lang='lat' dir='ltr'>sandum</span> <span class='ocrx_word' id='word_1_245' title='bbox 640 3002 719 3066; x_wconf 92' lang='lat' dir='ltr'>ab</span> <span class='ocrx_word' id='word_1_246' title='bbox 767 3002 1156 3067; x_wconf 80' lang='lat' dir='ltr'>observantia</span> <span class='ocrx_word' id='word_1_247' title='bbox 1193 3003 1348 3087; x_wconf 88' lang='lat' dir='ltr'>legis</span> <span class='ocrx_word' id='word_1_248' title='bbox 1370 3051 1384 3075; x_wconf 93' lang='lat'><em>‚</em></span> <span class='ocrx_word' id='word_1_249' title='bbox 1418 3002 1561 3066; x_wconf 84' lang='lat' dir='ltr'>hinc</span> <span class='ocrx_word' id='word_1_250' title='bbox 1593 3002 1894 3082; x_wconf 90' lang='lat' dir='ltr'>sequitur,</span> <span class='ocrx_word' id='word_1_251' title='bbox 1946 2998 2110 3081; x_wconf 91' lang='lat' dir='ltr'>quod</span> <span class='ocrx_word' id='word_1_252' title='bbox 2148 2999 2201 3062; x_wconf 90' lang='lat' dir='ltr'>si</span> <span class='ocrx_word' id='word_1_253' title='bbox 2233 2997 2519 3061; x_wconf 87' lang='lat' dir='ltr'>subditus</span> <span class='ocrx_word' id='word_1_254' title='bbox 2552 2998 2798 3079; x_wconf 86' lang='lat' dir='ltr'>petierit</span> 
     </span>
     <span class='ocr_line' id='line_1_28' title="bbox 337 3097 2798 3187; baseline -0.003 -18"><span class='ocrx_word' id='word_1_255' title='bbox 337 3104 860 3187; x_wconf 84' lang='lat' dir='ltr'>dispensationem</span> <span class='ocrx_word' id='word_1_256' title='bbox 905 3106 971 3170; x_wconf 91' lang='lat' dir='ltr'>et</span> <span class='ocrx_word' id='word_1_257' title='bbox 1014 3106 1164 3169; x_wconf 85' lang='lat' dir='ltr'>haec</span> <span class='ocrx_word' id='word_1_258' title='bbox 1207 3105 1301 3168; x_wconf 91' lang='lat' dir='ltr'>illi</span> <span class='ocrx_word' id='word_1_259' title='bbox 1347 3104 1538 3168; x_wconf 87' lang='lat' dir='ltr'>fuerit</span> <span class='ocrx_word' id='word_1_260' title='bbox 1582 3102 1908 3186; x_wconf 85' lang='lat' dir='ltr'>denegata,</span> <span class='ocrx_word' id='word_1_261' title='bbox 1942 3119 2064 3165; x_wconf 91' lang='lat' dir='ltr'>non</span> <span class='ocrx_word' id='word_1_262' title='bbox 2102 3098 2300 3181; x_wconf 88' lang='lat' dir='ltr'>possit</span> <span class='ocrx_word' id='word_1_263' title='bbox 2343 3097 2569 3161; x_wconf 89' lang='lat' dir='ltr'>idcirco</span> <span class='ocrx_word' id='word_1_264' title='bbox 2617 3117 2798 3181; x_wconf 84' lang='lat' dir='ltr'>agere</span> 
     </span>
     <span class='ocr_line' id='line_1_29' title="bbox 335 3199 2799 3291; baseline -0.003 -21"><span class='ocrx_word' id='word_1_265' title='bbox 335 3208 556 3271; x_wconf 86' lang='lat' dir='ltr'>contra</span> <span class='ocrx_word' id='word_1_266' title='bbox 578 3207 816 3291; x_wconf 83' lang='lat' dir='ltr'>legem;</span> <span class='ocrx_word' id='word_1_267' title='bbox 849 3206 1075 3290; x_wconf 90' lang='lat' dir='ltr'>quippe</span> <span class='ocrx_word' id='word_1_268' title='bbox 1106 3226 1216 3271; x_wconf 90' lang='lat' dir='ltr'>nec</span> <span class='ocrx_word' id='word_1_269' title='bbox 1248 3224 1455 3281; x_wconf 85' lang='lat' dir='ltr'>causa,</span> <span class='ocrx_word' id='word_1_270' title='bbox 1488 3207 1562 3269; x_wconf 90' lang='lat' dir='ltr'>ut</span> <span class='ocrx_word' id='word_1_271' title='bbox 1599 3204 2026 3286; x_wconf 78' lang='lat' dir='ltr'>supponimuS‚</span> <span class='ocrx_word' id='word_1_272' title='bbox 2062 3220 2203 3266; x_wconf 89' lang='lat' dir='ltr'>eum</span> <span class='ocrx_word' id='word_1_273' title='bbox 2228 3201 2480 3263; x_wconf 82' lang='lat' dir='ltr'>excusat</span> <span class='ocrx_word' id='word_1_274' title='bbox 2510 3217 2620 3262; x_wconf 88' lang='lat' dir='ltr'>nec</span> <span class='ocrx_word' id='word_1_275' title='bbox 2651 3199 2799 3263; x_wconf 87' lang='lat' dir='ltr'>alio·</span> 
     </span>
     <span class='ocr_line' id='line_1_30' title="bbox 339 3300 2799 3392; baseline -0.003 -20"><span class='ocrx_word' id='word_1_276' title='bbox 339 3308 492 3389; x_wconf 89' lang='lat' dir='ltr'>quin</span> <span class='ocrx_word' id='word_1_277' title='bbox 523 3309 600 3372; x_wconf 86' lang='lat' dir='ltr'>ad</span> <span class='ocrx_word' id='word_1_278' title='bbox 635 3309 982 3375; x_wconf 89' lang='lat' dir='ltr'>tollendum</span> <span class='ocrx_word' id='word_1_279' title='bbox 1005 3309 1162 3392; x_wconf 87' lang='lat' dir='ltr'>legis</span> <span class='ocrx_word' id='word_1_280' title='bbox 1193 3308 1512 3372; x_wconf 81' lang='lat' dir='ltr'>vinculum</span> <span class='ocrx_word' id='word_1_281' title='bbox 1543 3306 1777 3370; x_wconf 87' lang='lat' dir='ltr'>sufficit</span> <span class='ocrx_word' id='word_1_282' title='bbox 1815 3302 2193 3387; x_wconf 88' lang='lat' dir='ltr'>dispensatio</span> <span class='ocrx_word' id='word_1_283' title='bbox 2226 3300 2444 3384; x_wconf 86' lang='lat' dir='ltr'>petita,</span> <span class='ocrx_word' id='word_1_284' title='bbox 2479 3300 2601 3363; x_wconf 88' lang='lat' dir='ltr'>nisi</span> <span class='ocrx_word' id='word_1_285' title='bbox 2630 3320 2799 3382; x_wconf 86' lang='lat' dir='ltr'>prae-</span> 
     </span>
     <span class='ocr_line' id='line_1_31' title="bbox 340 3410 1035 3476; baseline 0 -2"><span class='ocrx_word' id='word_1_286' title='bbox 340 3411 512 3475; x_wconf 88' lang='lat' dir='ltr'>terea</span> <span class='ocrx_word' id='word_1_287' title='bbox 541 3410 726 3476; x_wconf 88' lang='lat' dir='ltr'>fuerit</span> <span class='ocrx_word' id='word_1_288' title='bbox 763 3411 1035 3476; x_wconf 87' lang='lat' dir='ltr'>obtenta.</span> 
     </span>
    </p>

    <p class='ocr_par' dir='ltr' id='par_1_7' title="bbox 333 3507 2799 3990">
     <span class='ocr_line' id='line_1_32' title="bbox 427 3507 2797 3598; baseline -0.003 -20"><span class='ocrx_word' id='word_1_289' title='bbox 427 3513 563 3578; x_wconf 90' lang='lat' dir='ltr'>Imo</span> <span class='ocrx_word' id='word_1_290' title='bbox 595 3514 843 3579; x_wconf 85' lang='lat' dir='ltr'>etiamsi</span> <span class='ocrx_word' id='word_1_291' title='bbox 873 3513 1250 3598; x_wconf 89' lang='lat' dir='ltr'>dispensatio</span> <span class='ocrx_word' id='word_1_292' title='bbox 1283 3512 1514 3575; x_wconf 66' lang='lat' dir='ltr'>iniuste</span> <span class='ocrx_word' id='word_1_293' title='bbox 1551 3513 1781 3595; x_wconf 83' lang='lat' dir='ltr'>negata</span> <span class='ocrx_word' id='word_1_294' title='bbox 1812 3509 1931 3592; x_wconf 91' lang='lat' dir='ltr'>ipsi</span> <span class='ocrx_word' id='word_1_295' title='bbox 1962 3508 2171 3581; x_wconf 77' lang='lat' dir='ltr'>tuerit,</span> <span class='ocrx_word' id='word_1_296' title='bbox 2212 3508 2406 3573; x_wconf 90' lang='lat' dir='ltr'>nihilo</span> <span class='ocrx_word' id='word_1_297' title='bbox 2440 3507 2644 3571; x_wconf 89' lang='lat' dir='ltr'>minus</span> <span class='ocrx_word' id='word_1_298' title='bbox 2676 3525 2797 3572; x_wconf 89' lang='lat' dir='ltr'>non</span> 
     </span>
     <span class='ocr_line' id='line_1_33' title="bbox 337 3611 2799 3702; baseline -0.003 -20"><span class='ocrx_word' id='word_1_299' title='bbox 337 3618 544 3700; x_wconf 85' lang='lat' dir='ltr'>potest</span> <span class='ocrx_word' id='word_1_300' title='bbox 580 3619 800 3682; x_wconf 88' lang='lat' dir='ltr'>contra</span> <span class='ocrx_word' id='word_1_301' title='bbox 829 3617 1031 3702; x_wconf 85' lang='lat' dir='ltr'>legem</span> <span class='ocrx_word' id='word_1_302' title='bbox 1063 3635 1272 3701; x_wconf 77' lang='lat' dir='ltr'>agere3</span> <span class='ocrx_word' id='word_1_303' title='bbox 1322 3615 1504 3692; x_wconf 79' lang='lat' dir='ltr'>ratio,</span> <span class='ocrx_word' id='word_1_304' title='bbox 1545 3614 1692 3696; x_wconf 89' lang='lat' dir='ltr'>quia</span> <span class='ocrx_word' id='word_1_305' title='bbox 1739 3612 2049 3677; x_wconf 83' lang='lat' dir='ltr'>iniustitia</span> <span class='ocrx_word' id='word_1_306' title='bbox 2088 3611 2421 3695; x_wconf 90' lang='lat' dir='ltr'>superioris</span> <span class='ocrx_word' id='word_1_307' title='bbox 2458 3629 2580 3675; x_wconf 92' lang='lat' dir='ltr'>non</span> <span class='ocrx_word' id='word_1_308' title='bbox 2629 3611 2799 3675; x_wconf 90' lang='lat' dir='ltr'>tollit</span> 
     </span>
     <span class='ocr_line' id='line_1_34' title="bbox 335 3714 2797 3804; baseline -0.003 -20"><span class='ocrx_word' id='word_1_309' title='bbox 335 3719 492 3804; x_wconf 85' lang='lat' dir='ltr'>legis</span> <span class='ocrx_word' id='word_1_310' title='bbox 539 3719 879 3784; x_wconf 77' lang='lat' dir='ltr'>vinculum.</span> <span class='ocrx_word' id='word_1_311' title='bbox 918 3719 1121 3799; x_wconf 80' lang='lat' dir='ltr'>Quare</span> <span class='ocrx_word' id='word_1_312' title='bbox 1168 3719 1223 3783; x_wconf 90' lang='lat' dir='ltr'>si</span> <span class='ocrx_word' id='word_1_313' title='bbox 1267 3719 1363 3783; x_wconf 87' lang='lat' dir='ltr'>lex</span> <span class='ocrx_word' id='word_1_314' title='bbox 1411 3718 1495 3781; x_wconf 90' lang='lat' dir='ltr'>sit</span> <span class='ocrx_word' id='word_1_315' title='bbox 1540 3715 1872 3799; x_wconf 87' lang='lat' dir='ltr'>superioris</span> <span class='ocrx_word' id='word_1_316' title='bbox 1921 3715 1985 3780; x_wconf 90' lang='lat' dir='ltr'>et</span> <span class='ocrx_word' id='word_1_317' title='bbox 2030 3714 2281 3779; x_wconf 88' lang='lat' dir='ltr'>inferior</span> <span class='ocrx_word' id='word_1_318' title='bbox 2327 3733 2439 3778; x_wconf 89' lang='lat' dir='ltr'>sua</span> <span class='ocrx_word' id='word_1_319' title='bbox 2487 3714 2797 3795; x_wconf 86' lang='lat' dir='ltr'>potestate</span> 
     </span>
     <span class='ocr_line' id='line_1_35' title="bbox 335 3814 2795 3907; baseline -0.002 -22"><span class='ocrx_word' id='word_1_320' title='bbox 335 3822 638 3887; x_wconf 84' lang='lat' dir='ltr'>abutatur</span> <span class='ocrx_word' id='word_1_321' title='bbox 681 3822 748 3886; x_wconf 89' lang='lat' dir='ltr'>in</span> <span class='ocrx_word' id='word_1_322' title='bbox 794 3821 1074 3907; x_wconf 81' lang='lat' dir='ltr'>neganda</span> <span class='ocrx_word' id='word_1_323' title='bbox 1127 3820 1603 3904; x_wconf 88' lang='lat' dir='ltr'>dispensatione,</span> <span class='ocrx_word' id='word_1_324' title='bbox 1650 3819 1881 3902; x_wconf 85' lang='lat' dir='ltr'>poterit</span> <span class='ocrx_word' id='word_1_325' title='bbox 1944 3817 2232 3882; x_wconf 84' lang='lat' dir='ltr'>subditus</span> <span class='ocrx_word' id='word_1_326' title='bbox 2286 3816 2364 3880; x_wconf 89' lang='lat' dir='ltr'>ad</span> <span class='ocrx_word' id='word_1_327' title='bbox 2418 3814 2795 3896; x_wconf 88' lang='lat' dir='ltr'>superiorem</span> 
     </span>
     <span class='ocr_line' id='line_1_36' title="bbox 333 3944 1523 3990; baseline -0.001 0"><span class='ocrx_word' id='word_1_328' title='bbox 333 3944 666 3990; x_wconf 88' lang='lat' dir='ltr'>recurrere.</span> <span class='ocrx_word' id='word_1_329' title='bbox 1514 3981 1523 3989; x_wconf 88' lang='lat'>.</span> 
     </span>
    </p>

    <p class='ocr_par' dir='ltr' id='par_1_8' title="bbox 331 4018 2798 4626">
     <span class='ocr_line' id='line_1_37' title="bbox 421 4018 2795 4110; baseline -0.005 -17"><span class='ocrx_word' id='word_1_330' title='bbox 421 4027 601 4109; x_wconf 85' lang='lat' dir='ltr'>Quod</span> <span class='ocrx_word' id='word_1_331' title='bbox 652 4028 706 4092; x_wconf 89' lang='lat' dir='ltr'>si</span> <span class='ocrx_word' id='word_1_332' title='bbox 750 4028 1096 4110; x_wconf 90' lang='lat' dir='ltr'>periculum</span> <span class='ocrx_word' id='word_1_333' title='bbox 1127 4026 1211 4091; x_wconf 89' lang='lat' dir='ltr'>sit</span> <span class='ocrx_word' id='word_1_334' title='bbox 1240 4027 1303 4090; x_wconf 91' lang='lat' dir='ltr'>in</span> <span class='ocrx_word' id='word_1_335' title='bbox 1337 4044 1511 4090; x_wconf 89' lang='lat' dir='ltr'>mora</span> <span class='ocrx_word' id='word_1_336' title='bbox 1544 4026 1634 4089; x_wconf 86' lang='lat' dir='ltr'>ita</span> <span class='ocrx_word' id='word_1_337' title='bbox 1684 4025 1756 4088; x_wconf 88' lang='lat' dir='ltr'>ut</span> <span class='ocrx_word' id='word_1_338' title='bbox 1802 4040 2110 4088; x_wconf 88' lang='lat' dir='ltr'>recurrere</span> <span class='ocrx_word' id='word_1_339' title='bbox 2150 4020 2227 4084; x_wconf 89' lang='lat' dir='ltr'>ad</span> <span class='ocrx_word' id='word_1_340' title='bbox 2260 4018 2637 4100; x_wconf 89' lang='lat' dir='ltr'>superiorem</span> <span class='ocrx_word' id='word_1_341' title='bbox 2674 4036 2795 4082; x_wconf 90' lang='lat' dir='ltr'>non</span> 
     </span>
     <span class='ocr_line' id='line_1_38' title="bbox 333 4119 2797 4213; baseline -0.006 -17"><span class='ocrx_word' id='word_1_342' title='bbox 333 4131 539 4205; x_wconf 85' lang='lat' dir='ltr'>liceat,</span> <span class='ocrx_word' id='word_1_343' title='bbox 573 4131 675 4196; x_wconf 85' lang='lat' dir='ltr'>vel</span> <span class='ocrx_word' id='word_1_344' title='bbox 703 4131 779 4204; x_wconf 91' lang='lat' dir='ltr'>is,</span> <span class='ocrx_word' id='word_1_345' title='bbox 820 4130 930 4212; x_wconf 92' lang='lat' dir='ltr'>qui</span> <span class='ocrx_word' id='word_1_346' title='bbox 974 4129 1489 4213; x_wconf 87' lang='lat' dir='ltr'>dispensationem</span> <span class='ocrx_word' id='word_1_347' title='bbox 1538 4127 1701 4192; x_wconf 91' lang='lat' dir='ltr'>iuste</span> <span class='ocrx_word' id='word_1_348' title='bbox 1733 4126 2007 4190; x_wconf 87' lang='lat' dir='ltr'>debitam</span> <span class='ocrx_word' id='word_1_349' title='bbox 2044 4124 2232 4207; x_wconf 82' lang='lat' dir='ltr'>negat</span> <span class='ocrx_word' id='word_1_350' title='bbox 2262 4121 2511 4195; x_wconf 88' lang='lat' dir='ltr'>iniuste,</span> <span class='ocrx_word' id='word_1_351' title='bbox 2552 4119 2637 4184; x_wconf 88' lang='lat' dir='ltr'>sit</span> <span class='ocrx_word' id='word_1_352' title='bbox 2666 4119 2797 4202; x_wconf 90' lang='lat' dir='ltr'>ipse</span> 
     </span>
     <span class='ocr_line' id='line_1_39' title="bbox 336 4221 2796 4316; baseline -0.005 -19"><span class='ocrx_word' id='word_1_353' title='bbox 336 4250 661 4316; x_wconf 90' lang='lat' dir='ltr'>supremus</span> <span class='ocrx_word' id='word_1_354' title='bbox 695 4232 994 4316; x_wconf 87' lang='lat' dir='ltr'>princeps,</span> <span class='ocrx_word' id='word_1_355' title='bbox 1028 4231 1319 4296; x_wconf 88' lang='lat' dir='ltr'>standum</span> <span class='ocrx_word' id='word_1_356' title='bbox 1351 4233 1446 4295; x_wconf 91' lang='lat' dir='ltr'>est</span> <span class='ocrx_word' id='word_1_357' title='bbox 1475 4228 1703 4295; x_wconf 90' lang='lat' dir='ltr'>iudicio</span> <span class='ocrx_word' id='word_1_358' title='bbox 1743 4227 1807 4290; x_wconf 91' lang='lat' dir='ltr'>et</span> <span class='ocrx_word' id='word_1_359' title='bbox 1839 4225 2149 4290; x_wconf 85' lang='lat' dir='ltr'>voluntati</span> <span class='ocrx_word' id='word_1_360' title='bbox 2189 4223 2404 4306; x_wconf 79' lang='lat' dir='ltr'>ipsiuS‚</span> <span class='ocrx_word' id='word_1_361' title='bbox 2438 4221 2555 4286; x_wconf 90' lang='lat' dir='ltr'>nisi</span> <span class='ocrx_word' id='word_1_362' title='bbox 2588 4222 2796 4285; x_wconf 88' lang='lat' dir='ltr'>tamen</span> 
     </span>
     <span class='ocr_line' id='line_1_40' title="bbox 335 4325 2797 4420; baseline -0.005 -21"><span class='ocrx_word' id='word_1_363' title='bbox 335 4337 468 4401; x_wconf 85' lang='lat' dir='ltr'>tam</span> <span class='ocrx_word' id='word_1_364' title='bbox 513 4339 709 4420; x_wconf 77' lang='lat' dir='ltr'>grave</span> <span class='ocrx_word' id='word_1_365' title='bbox 754 4335 1197 4399; x_wconf 86' lang='lat' dir='ltr'>nocumentum</span> <span class='ocrx_word' id='word_1_366' title='bbox 1241 4333 1584 4410; x_wconf 87' lang='lat' dir='ltr'>immineat,</span> <span class='ocrx_word' id='word_1_367' title='bbox 1633 4332 1707 4394; x_wconf 88' lang='lat' dir='ltr'>ut</span> <span class='ocrx_word' id='word_1_368' title='bbox 1762 4348 1886 4394; x_wconf 90' lang='lat' dir='ltr'>non</span> <span class='ocrx_word' id='word_1_369' title='bbox 1942 4327 2139 4411; x_wconf 88' lang='lat' dir='ltr'>possit</span> <span class='ocrx_word' id='word_1_370' title='bbox 2183 4327 2280 4390; x_wconf 79' lang='lat' dir='ltr'>lex</span> <span class='ocrx_word' id='word_1_371' title='bbox 2327 4325 2600 4388; x_wconf 88' lang='lat' dir='ltr'>humana</span> <span class='ocrx_word' id='word_1_372' title='bbox 2656 4343 2797 4388; x_wconf 90' lang='lat' dir='ltr'>cum</span> 
     </span>
     <span class='ocr_line' id='line_1_41' title="bbox 334 4428 2798 4520; baseline -0.005 -17"><span class='ocrx_word' id='word_1_373' title='bbox 334 4440 509 4504; x_wconf 86' lang='lat' dir='ltr'>tanto</span> <span class='ocrx_word' id='word_1_374' title='bbox 561 4437 914 4503; x_wconf 85' lang='lat' dir='ltr'>discrimine</span> <span class='ocrx_word' id='word_1_375' title='bbox 946 4435 1255 4520; x_wconf 80' lang='lat' dir='ltr'>obligare3</span> <span class='ocrx_word' id='word_1_376' title='bbox 1291 4436 1516 4517; x_wconf 89' lang='lat' dir='ltr'>quippe</span> <span class='ocrx_word' id='word_1_377' title='bbox 1552 4435 1725 4498; x_wconf 81' lang='lat' dir='ltr'>extra</span> <span class='ocrx_word' id='word_1_378' title='bbox 1758 4433 1916 4496; x_wconf 87' lang='lat' dir='ltr'>hanc</span> <span class='ocrx_word' id='word_1_379' title='bbox 1964 4430 2393 4494; x_wconf 87' lang='lat' dir='ltr'>necessitatem</span> <span class='ocrx_word' id='word_1_380' title='bbox 2423 4428 2521 4490; x_wconf 78' lang='lat' dir='ltr'>lex</span> <span class='ocrx_word' id='word_1_381' title='bbox 2551 4444 2672 4490; x_wconf 90' lang='lat' dir='ltr'>non</span> <span class='ocrx_word' id='word_1_382' title='bbox 2711 4446 2798 4491; x_wconf 89' lang='lat' dir='ltr'>re·</span> 
     </span>
     <span class='ocr_line' id='line_1_42' title="bbox 331 4530 2442 4626; baseline -0.008 -20"><span class='ocrx_word' id='word_1_383' title='bbox 331 4543 544 4608; x_wconf 83' lang='lat' dir='ltr'>laxata</span> <span class='ocrx_word' id='word_1_384' title='bbox 575 4560 686 4626; x_wconf 91' lang='lat' dir='ltr'>per</span> <span class='ocrx_word' id='word_1_385' title='bbox 723 4538 1243 4622; x_wconf 86' lang='lat' dir='ltr'>dispensationem</span> <span class='ocrx_word' id='word_1_386' title='bbox 1280 4556 1519 4619; x_wconf 85' lang='lat' dir='ltr'>semper</span> <span class='ocrx_word' id='word_1_387' title='bbox 1558 4536 1816 4618; x_wconf 84' lang='lat' dir='ltr'>obligat.</span> <span class='ocrx_word' id='word_1_388' title='bbox 1858 4531 2035 4597; x_wconf 88' lang='lat' dir='ltr'>Suar.</span> <span class='ocrx_word' id='word_1_389' title='bbox 2067 4531 2110 4594; x_wconf 91' lang='grc'>1.</span> <span class='ocrx_word' id='word_1_390' title='bbox 2151 4550 2202 4593; x_wconf 90' lang='lat' dir='ltr'>c.</span> <span class='ocrx_word' id='word_1_391' title='bbox 2242 4549 2301 4592; x_wconf 89' lang='lat' dir='ltr'>n.</span> <span class='ocrx_word' id='word_1_392' title='bbox 2338 4530 2442 4592; x_wconf 82' lang='lat'>23.</span> 
     </span>
    </p>
   </div>
  </div>
 </body>
</html>
