3529 5158
431 364 573 442 [234]
1108 317 1118 328 .
1240 374 1642 418 οοιιεοιιιιιιτιᾼ
1678 374 2068 421 scaurumsa
2786 363 2896 417 265

429 476 802 562 generaliter
837 474 1207 541 confiteatur
1245 474 1310 538 2⁰
1343 474 1408 537 et
1436 472 1684 556 quando
1723 474 1868 555 post
1913 473 2355 537 confessionem
2401 473 2753 557 generalem
2799 474 2894 538 ter

430 581 543 644 aut
570 580 796 661 quater
819 580 932 643 aut
954 578 1184 662 pluries
1208 595 1566 642 concessum
1595 575 1716 657 ipsi
1745 576 1860 654 est,
1888 576 1963 640 ut
1994 574 2195 639 adhuc
2219 574 2409 639 addat
2439 595 2531 653 ea,
2560 575 2632 639 de
2664 576 2890 657 quibus

427 679 622 745 nescit
658 682 876 745 utrum
918 680 1040 745 rite
1069 678 1383 745 confessus
1430 678 1533 756 sit,
1570 678 1718 741 tunc
1766 676 2014 742 omnino
2046 696 2171 742 non
2202 679 2297 742 est
2334 678 2602 761 amplius
2643 678 2891 743 audien-

424 783 573 860 dus:
600 784 706 849 sed
729 783 1138 849 confessarius
1162 782 1344 847 debet
1364 782 1486 865 ipsi
1515 782 1847 864 imponere,
1880 798 1955 844 ne
1985 780 2059 845 de
2098 780 2224 844 illis
2247 800 2462 846 rursus
2495 800 2559 846 se
2584 782 2892 846 examinet

425 905 534 952 nec
577 887 913 952 deliberate
959 886 1033 951 de
1070 886 1150 950 iis
1178 885 1482 969 recogitet
1517 901 1716 966 neque
1761 882 2021 947 verbum
2050 882 2256 947 ullum
2301 883 2495 948 faciat
2538 884 2613 948 de
2660 885 2890 949 confes-

424 991 700 1056 sionibus
734 993 846 1056 aut
891 990 1159 1075 peccatis
1196 988 1567 1072 praeteritis,
1616 987 1738 1052 nisi
1784 1006 1928 1051 cum
1963 988 2171 1051 iurare
2216 988 2432 1071 possit,
2482 989 2698 1072 culpas
2742 990 2886 1054 illas

423 1111 561 1157 vere
605 1093 796 1157 fuisse
827 1092 1124 1157 mortales
1161 1092 1226 1156 et
1267 1092 1473 1155 certus
1520 1090 1605 1154 sit
1633 1089 1887 1174 pariter,
1919 1107 2024 1153 eas
2062 1108 2128 1154 se
2157 1109 2477 1172 nunquam
2514 1092 2884 1157 confessario

422 1194 751 1276 aperuisse.
793 1195 894 1258 Ita
940 1212 989 1259 s.
1036 1193 1223 1277 Alph.
1257 1192 1321 1256 in
1367 1190 1576 1255 Prax.
1636 1189 1914 1270 Censes-5.
1964 1212 2023 1255 ιι.
2065 1192 2171 1255 37.
2220 1192 2330 1273 qui
2374 1192 2533 1257 hanc
2577 1194 2884 1259 rationem

421 1296 625 1361 addit:
668 1323 703 1355 «
734 1297 881 1379 quia
927 1298 1064 1361 DD.
1113 1296 1351 1374 docent,
1392 1295 1790 1379 scrupulosos
1820 1294 2071 1360 etiamsi
2114 1314 2185 1359 ex
2230 1294 2686 1361 inadvertentia
2733 1297 2884 1361 omi-

417 1399 640 1465 sissent
686 1419 877 1485 grave
915 1398 1168 1493 aliquod
1214 1401 1556 1483 peccatum,
1597 1417 1719 1463 non
1751 1398 1966 1475 teneri,
2007 1398 2233 1463 saltem
2271 1418 2411 1463 cum
2461 1399 2533 1464 de
2566 1399 2681 1465 hoc
2728 1401 2883 1465 certi

415 1520 537 1566 non
583 1504 750 1577 sunt,
783 1520 925 1567 cum
970 1504 1149 1567 tanto
1187 1501 1577 1567 incommodo
1609 1500 1686 1565 ad
1718 1501 2084 1565 servandam
2122 1501 2521 1567 confessionis
2557 1502 2882 1586 integrita-

415 1605 561 1681 tem,
597 1623 633 1668 a
671 1624 796 1687 qua
823 1604 1069 1670 minora
1114 1603 1306 1669 etiam
1342 1603 1732 1668 incommoda
1763 1622 1838 1668 ex
1873 1603 2189 1669 communi
2234 1602 2513 1667 doctrina
2560 1606 2874 1669 excusant.

411 1706 496 1770 Et
540 1706 791 1772 subdit:
831 1732 868 1765 (ι
898 1705 1091 1772 Curet
1125 1707 1188 1771 in
1219 1706 1337 1770 hoc
1373 1705 1802 1779 confessariuS,
1835 1706 1911 1769 ut
1940 1704 2260 1787 poenitens
2291 1705 2501 1769 exacte
2535 1705 2783 1770 obediat
2814 1708 2878 1772 et

413 1809 465 1872 si
510 1827 634 1874 non
682 1810 907 1886 obedit,
955 1808 1230 1891 increpet
1273 1827 1435 1883 eum,
1470 1808 1673 1890 privet
1706 1806 2139 1871 communione
2171 1808 2234 1873 et
2269 1806 2546 1891 rigorose
2576 1810 2873 1873 coerceat.

410 1908 770 1995 Scrupulosi
832 1911 1137 1977 ordinarie
1200 1929 1342 1974 cum
1403 1908 1721 1974 dulcedine
1783 1908 2096 1973 tractandi
2140 1909 2321 1974 sunt:
2370 1909 2477 1973 sed
2522 1910 2683 1974 circa
2739 1911 2875 1976 obe-

407 2012 706 2077 dientiam
751 2032 1020 2098 magnus
1065 2012 1245 2097 vigor
1290 2011 1402 2094 (sc.
1450 2012 1829 2093 constantia)
1860 2030 2005 2075 cum
2047 2011 2199 2093 ipsis
2238 2013 2332 2077 est
2368 2011 2783 2077 adhibendus:
2818 2015 2872 2077 si

407 2115 571 2180 enim
632 2116 790 2181 hanc
853 2115 1234 2181 obedientiae
1295 2132 1586 2178 ancoram
1642 2115 1966 2191 amittunt,
2030 2115 2270 2179 certum
2337 2114 2661 2178 incurrunt
2722 2134 2872 2181 nau-

404 2217 679 2302 fragium
711 2243 772 2281 2».
943 2283 947 2287 ,

492 2317 670 2385 Circa
718 2339 861 2385 vero
908 2321 1318 2385 confessiones
1351 2318 1712 2395 ordinariae,
1747 2318 1804 2382 si
1833 2319 2104 2402 angatur
2134 2318 2295 2385 circa
2333 2319 2869 2400 praeparationem

402 2422 642 2488 edoceri
665 2422 863 2501 debet,
883 2422 1162 2487 sufficere
1183 2421 1555 2487 mediocrem
1578 2420 2118 2504 praeparationem
2140 2421 2204 2485 et
2225 2419 2634 2504 diligentiam,
2662 2422 2864 2503 qualis

404 2526 466 2590 in
511 2526 769 2608 reliquis
799 2525 1070 2611 negotiis
1099 2524 1399 2610 gravibus
1424 2524 1583 2590 solet
1621 2522 1918 2602 adhiberi,
1951 2542 2112 2605 quae
2143 2542 2361 2606 nempe
2382 2542 2507 2589 non
2538 2542 2747 2589 secum
2781 2525 2866 2590 af-

399 2630 520 2694 fert
557 2629 814 2695 timores
844 2630 909 2693 et
937 2629 1301 2693 anxietates.

487 2732 569 2796 Et
605 2732 811 2814 quoad
857 2731 1133 2797 dolorem
1179 2731 1429 2813 quidem
1473 2733 1538 2796 et
1582 2730 1973 2814 propositum
2003 2729 2296 2795 satisfieri
2326 2730 2462 2792 tum
2487 2730 2859 2796 confessario

399 2835 535 2898 tum
564 2835 907 2918 poenitenti
938 2833 1116 2898 facile
1149 2835 1398 2917 poterit,
1448 2834 1502 2898 si
1548 2824 2283 2898 confessariusadvertat
2318 2831 2469 2896 haec
2492 2851 2612 2898 non
2652 2833 2859 2900 deesse

397 2938 460 3001 et
489 2936 661 3000 brevi
687 2935 1178 3019 interrogatione
1213 2956 1247 3000 e
1278 2936 1628 3018 poenitente
1651 2935 1861 3000 eliciat
1890 2934 2239 2999 veritatem.

483 3036 703 3118 Quoad
734 3038 1195 3114 confessionem,
1235 3039 1373 3103 tota
1396 3038 1703 3103 industria
1727 3039 1791 3102 in
1829 3056 1899 3102 eo
1939 3036 2306 3110 versabitur,
2340 3037 2415 3100 ut
2445 3036 2605 3100 nolit
2621 3038 2853 3114 audire,

394 3158 551 3220 quae
573 3158 645 3204 ex
670 3140 961 3223 scrupulo
991 3140 1332 3222 procedunt
1354 3142 1417 3205 et
1453 3142 1787 3222 postquam
1818 3138 1891 3203 de
1916 3138 1992 3202 iis
2024 3138 2439 3219 poenitentem
2471 3138 2852 3216 instruxerit,

392 3241 599 3326 exigat
633 3243 710 3305 ut
743 3241 1129 3325 propositam
1167 3261 1450 3307 normam
1487 3243 1708 3305 servet.

478 3343 695 3408 Monet
727 3346 937 3408 autem
976 3363 1025 3408 s.
1065 3343 1252 3426 Alph.
1286 3344 1393 3407 lib.
1436 3344 1496 3406 6.
1531 3363 1592 3406 ιι.
1628 3342 1801 3417 507.,
1837 3341 2001 3405 hisce
2038 3340 2345 3405 modicam
2377 3341 2441 3404 et
2472 3341 2672 3405 levem
2717 3359 2856 3424 poe-

390 3445 718 3510 nitentiam
748 3445 1210 3530 iniungendam,
1244 3464 1387 3510 cum
1412 3444 1657 3528 saepius
1681 3445 1847 3508 intra
1881 3442 2137 3509 eandem
2167 3443 2384 3508 horam
2421 3443 2682 3509 redeunt
2711 3463 2854 3509 cum

388 3549 562 3613 novis
593 3548 820 3632 culpis;
855 3549 1002 3631 quja
1033 3550 1404 3634 supponitur
1435 3548 1589 3614 satis
1626 3548 1920 3630 imposita
1956 3547 2021 3612 in
2058 3546 2579 3631 praecedentibus.

472 3645 659 3720 234.
701 3675 738 3708 «
768 3649 1027 3730 Quando
1061 3651 1388 3735 scrupulus
1417 3651 1706 3715 consistit
1734 3650 1799 3715 in
1838 3651 2080 3728 timore,
2128 3670 2204 3716 ne
2237 3651 2611 3717 consenserit
2642 3653 2850 3735 pravis

390 3753 876 3837 cogitationibus
908 3772 965 3818 v.
998 3773 1093 3837 gr.
1142 3754 1358 3818 contra
1404 3753 1607 3828 fidem,
1643 3753 2004 3837 puritatem,
2052 3754 2400 3830 caritatem,
2440 3755 2847 3821 confessarius

388 3857 470 3920 sit
513 3856 672 3920 liber
718 3858 782 3920 et
826 3856 1171 3939 intrepidus
1223 3856 1287 3921 in
1325 3856 1817 3939 parvipendendo
1866 3876 2008 3921 eum
2055 3858 2119 3920 et
2164 3857 2227 3919 in
2276 3856 2597 3922 asserendo
2646 3859 2849 3939 poeni-

386 3958 560 4036 tenti,
593 3957 710 4022 has
755 3957 1167 4043 cogitationes
1205 3977 1335 4023 esse
1380 3958 1498 4023 sibi
1545 3977 1773 4042 poenas
1821 3960 1884 4023 et
1920 3959 2306 4036 afflictiones,
2356 3977 2480 4024 non
2518 3978 2660 4023 vero
2709 3977 2848 4024 con-

383 4079 597 4125 sensus
629 4063 693 4124 et
738 4061 1009 4142 peccata.
1047 4061 1132 4124 Et
1158 4061 1224 4125 in
1260 4061 1377 4127 hoc
1413 4062 1735 4145 praecipue
1782 4061 2189 4126 confessarius
2236 4062 2457 4125 utatur
2487 4062 2595 4126 illa
2627 4062 2846 4146 regula

385 4162 541 4240 DD.,
574 4161 747 4244 quod
792 4181 935 4226 cum
981 4182 1240 4245 persona
1287 4166 1382 4228 est
1428 4164 1760 4229 timoratae
1808 4164 2234 4240 conscientiae,
2270 4164 2324 4228 si
2370 4183 2493 4230 non
2539 4167 2633 4230 est
2682 4165 2845 4248 plus-

382 4283 568 4347 quam
615 4266 786 4330 certa
832 4264 907 4329 de
953 4267 1203 4348 peccato
1257 4267 1531 4344 mortali,
1579 4266 1762 4331 debet
1808 4265 2098 4343 iudicare,
2138 4285 2276 4331 eam
2329 4285 2452 4332 non
2500 4267 2839 4334 admisisse.

381 4365 554 4432 Unde
586 4365 858 4451 prodest,
908 4368 1285 4451 scrupulosis
1324 4368 1655 4451 imponere,
1689 4389 1764 4434 ne
1812 4369 1885 4433 de
1919 4369 2151 4434 talibus
2188 4369 2675 4454 cogitationibus
2705 4391 2842 4455 poe-

381 4469 550 4534 nitus
598 4489 664 4534 se
713 4471 1019 4547 accusent,
1054 4471 1174 4535 nisi
1197 4471 1350 4535 certi
1396 4472 1522 4534 sint
1552 4475 1615 4536 et
1653 4492 1797 4536 cum
1835 4472 2184 4536 iuramento
2233 4473 2472 4555 possint
2504 4473 2742 4550 testari,
2776 4493 2840 4539 se

376 4572 759 4637 consensisse
796 4597 858 4635 ».
898 4572 997 4636 Ita
1029 4591 1077 4636 s.
1110 4572 1297 4655 Alph.
1336 4571 1546 4636 Praae.
1589 4572 1866 4653 Censes&
1902 4595 1960 4638 n.
1996 4575 2100 4638 96.
