3529 5158
741 285 850 340 314
1263 297 1476 338 ‘rum-r.
1514 297 1603 336 ιιι.
1643 297 1728 336 nn
1764 295 2044 338 nmmos.
2084 295 2285 338 cAPn‘r
2326 298 2365 337 1.
2404 297 2547 341 nun.
2588 298 2676 338 ιιι.
3064 280 3209 360 [290]

831 397 1048 477 Quoad
1096 400 1479 480 postremum
1525 396 1642 459 hoc
1688 396 1918 471 tamen,
1955 395 2027 457 ut
2074 394 2364 458 observat
2412 414 2459 458 s.
2495 395 2679 477 Alph.
2718 415 2779 458 n.
2819 395 2966 459 139.
3000 397 3064 460 in
3095 396 3200 461 fin.

744 500 1013 577 adverte,
1049 499 1214 581 quod
1246 499 1299 563 si
1329 499 1608 581 princeps
1655 497 1873 561 audiat
1918 497 2134 580 populi
2179 497 2696 579 supplicationem
2746 501 2806 559 et
2853 501 3054 561 taceat
3094 520 3205 563 nec

741 604 936 665 instet
964 622 1089 681 pro
1135 601 1549 677 obser-mutia,
1584 602 1867 664 censetur
1897 600 2097 683 legem
2131 600 2451 683 abrogare,
2492 600 2612 664 nisi
2644 601 2816 664 aliud
2849 621 2921 664 ex
2952 602 3209 666 circum-

742 705 993 769 stantiis
1025 704 1424 780 coniiciatur3
1460 703 1606 785 quia
1638 703 1875 766 scilicet
1920 704 2128 786 posset
2161 702 2233 766 ad
2267 702 2581 767 modicum
2612 704 2762 767 tunc
2792 702 3201 781 dissimulare,

745 808 955 871 volens
986 809 1196 871 tamen
1241 807 1443 890 legem
1489 807 1631 888 post
1679 804 1929 869 sedatos
1975 806 2296 870 tumultus
2327 824 2547 888 urgere
2579 805 2873 869 suaviter.
2911 804 3107 884 Quam
3140 806 3205 868 in

743 930 875 974 rem
920 909 1127 992 plures
1173 929 1221 973 s.
1256 909 1441 991 Alph.
1479 908 1733 991 allegat.
1788 908 1856 971 In
1889 907 2053 989 quod
2089 909 2282 971 etiam
2315 908 2469 972 Voit
2498 927 2558 971 n.
2602 909 2746 971 159.
2782 908 3087 971 consentit
3133 926 3206 970 ex

740 1013 1097 1096 Laymann.

833 1110 1014 1184 290.
1050 1114 1140 1177 Ut
1170 1131 1318 1198 ergo
1350 1112 1513 1176 clare
1544 1114 1694 1176 haec
1726 1114 2010 1193 quaestio
2043 1113 2393 1191 definiatur,
2423 1116 2709 1178 accurate
2740 1113 3209 1198 distinguantur

744 1216 890 1279 illae
921 1214 1246 1280 dubitandi
1278 1234 1520 1293 causae,
1547 1233 1706 1297 quae
1732 1215 1935 1297 reipsa
1967 1216 2352 1297 quaestionis
2385 1215 2696 1280 cardinem
2728 1234 2849 1280 non
2885 1215 3209 1298 attingunt

745 1320 810 1382 et
855 1337 1121 1399 quarum
1165 1318 1518 1382 inconsulta
1564 1318 1881 1402 congestio
1931 1316 2176 1381 induxit
2229 1336 2366 1381 eam
2413 1318 2855 1390 confusionem,
2906 1337 3064 1399 quae
3109 1316 3210 1380 de-

745 1421 949 1497 bebat,
999 1422 1186 1503 prout
1230 1419 1410 1484 facile
1457 1420 1722 1504 poterat,
1755 1420 2078 1484 removeri.

837 1523 1059 1605 Itaque
1111 1522 1178 1585 10
1208 1523 1360 1606 fingi
1391 1523 1599 1605 potest
1645 1540 1844 1599 casua,
1897 1541 2021 1603 quo
2068 1523 2165 1585 lex
2213 1522 2443 1586 alicubi
2489 1541 2610 1587 non
2658 1523 3012 1605 recipiatur,
3061 1521 3213 1602 quia

747 1621 1060 1685 contraria
1105 1620 1232 1705 legi
1262 1620 1349 1684 ibi
1382 1620 1554 1704 viget
1584 1619 1989 1684 consuetudo,
2024 1618 2156 1683 Nos
2202 1620 2329 1683 iam
2363 1619 2744 1683 advertimus
2793 1640 2926 1703 sup.
2962 1640 3021 1683 n.
3056 1620 3209 1683 285.

746 1726 913 1810 quod
959 1747 1066 1809 per
1110 1728 1311 1810 legem
1360 1726 1775 1789 universalem
1821 1727 1884 1788 et
1930 1725 2335 1806 probabiliter
2379 1726 2571 1789 etiam
2616 1746 2722 1808 per
2768 1724 3211 1807 particularem

748 1848 869 1893 non
917 1829 1166 1893 tollitur
1211 1829 1304 1891 vis
1336 1827 1682 1891 contrariae
1729 1826 2195 1891 consuetudinis
2228 1827 2624 1908 particularis
2658 1827 2883 1891 alicubi
2929 1826 3213 1910 legitime

749 1931 1036 2013 vigentiS‚
1084 1929 1204 1992 nisi
1252 1932 1363 1993 aut
1410 1948 1688 2011 expresse
1737 1932 1849 1993 aut
1897 1930 2122 1993 saltem
2173 1948 2283 2010 per
2329 1930 2679 1993 clausulam
2726 1930 3010 2013 generale
3041 1930 3217 1993 dero-

747 2033 1060 2117 gatoriam
1107 2033 1339 2097 mentio
1372 2032 1486 2096 fiat
1515 2033 1771 2096 huiusce
1818 2031 2284 2097 consuetudinis
2318 2031 2380 2094 in
2415 2032 2548 2114 ipsa
2593 2033 2749 2116 lege.
2784 2033 2855 2094 In
2903 2032 3019 2095 hoc
3065 2051 3213 2095 sane

748 2154 896 2199 casu
926 2135 1023 2198 lex
1055 2134 1182 2198 vim
1217 2134 1534 2219 obligandi
1562 2154 1686 2199 non
1719 2134 1990 2210 habebit,
2025 2135 2143 2198 nisi
2176 2134 2287 2197 illa
2318 2135 2753 2211 communitaS,
2788 2134 2851 2197 in
2883 2153 3007 2215 qua
3039 2134 3216 2218 viget

747 2238 1058 2303 contraria
1105 2237 1504 2315 consuetudo,
1540 2239 1757 2320 sponte
1791 2237 1943 2301 velit
1972 2237 2098 2321 legi
2148 2257 2211 2301 se
2259 2237 2626 2303 submittere
2675 2256 2746 2301 ac
2791 2237 2993 2320 legem
3049 2242 3217 2301 acce-

748 2344 941 2423 ptare.
978 2339 1212 2404 Verum
1244 2339 1305 2405 id
1351 2359 1474 2404 non
1511 2341 1646 2404 ideo
1695 2340 1788 2416 fit,
1824 2339 1988 2420 quod
2020 2340 2366 2423 generatim
2398 2340 2476 2403 ad
2507 2341 2664 2423 legis
2706 2339 2981 2403 valorem
3016 2339 3220 2420 requi-

748 2446 925 2508 ratur
971 2443 1184 2525 populi
1231 2442 1595 2524 acceptatiO,
1645 2441 1748 2505 sed
1782 2442 1928 2522 quia
1960 2461 2031 2505 ex
2078 2442 2217 2505 aliis
2247 2442 2401 2505 iuris
2433 2442 2748 2525 principiis
2778 2441 3058 2523 princeps
3091 2458 3211 2504 non

747 2547 1034 2610 censetur
1081 2545 1236 2609 velle
1285 2563 1399 2608 sua
1443 2544 1580 2627 lege
1628 2544 1905 2628 obligare
1950 2544 2112 2620 illos,
2148 2543 2255 2625 qui
2301 2543 2651 2629 legitimam
2683 2545 3060 2610 contrariam
3093 2563 3219 2608 ser-

749 2650 899 2711 vant
943 2646 1472 2722 consuetudinem,
1523 2646 1641 2709 nisi
1689 2648 2006 2728 praeterea
2038 2646 2364 2732 significet,
2400 2666 2464 2711 se
2501 2648 2660 2713 velle
2691 2648 2745 2712 ei
2778 2647 3213 2712 consuetudini

748 2749 1062 2831 derogare.
1097 2748 1264 2831 Ergo
1312 2747 1411 2810 hic
1456 2765 1635 2810 casus
1684 2747 1761 2810 ad
1807 2749 2233 2829 quaestionem
2282 2752 2686 2832 praesentem,
2721 2751 2816 2814 uti
2849 2752 3044 2833 patet,
3078 2751 3218 2814 nul-

748 2851 995 2913 latenus
1028 2848 1315 2930 pertinet.

838 2948 996 3021 291.
1054 2951 1232 3016 Alter
1284 2971 1464 3015 casus
1512 2954 1626 3029 est,
1693 2953 1938 3034 quando
1986 2954 2083 3017 lex
2131 2952 2320 3017 desiit
2361 2975 2469 3038 per
2513 2955 3013 3031 desuetudinem3
3062 2956 3214 3037 quia

747 3074 965 3138 nempe
1011 3055 1138 3118 iam
1186 3074 1222 3118 a
1269 3056 1407 3119 tota
1455 3056 1553 3119 vel
1586 3076 1622 3118 a
1651 3055 1877 3121 maiori
1900 3058 2076 3139 parte
2101 3059 2568 3122 communitatis
2602 3060 2929 3124 observata
2960 3061 3054 3123 lex
3087 3079 3210 3124 non

747 3160 936 3224 fuerit
981 3160 1161 3223 tanto
1209 3160 1503 3241 tempore,
1541 3160 1612 3222 ut
1644 3158 1986 3223 desuetudo
2018 3179 2126 3242 per
2156 3161 2700 3243 praescriptionem
2746 3162 3209 3228 introducatur:

747 3265 898 3328 tunc
921 3261 1157 3326 subditi
1188 3262 1346 3325 citra
1377 3263 1624 3344 culpam
1656 3264 1919 3343 possunt
1948 3261 2151 3346 legem
2181 3281 2304 3326 non
2337 3264 2679 3328 observare.
2716 3263 3057 3329 Salmantic
3070 3267 3132 3329 -1.
3156 3285 3209 3329 c.

746 3387 808 3429 n.
852 3365 999 3427 106.
2340 3384 2345 3387 ⁴

838 3464 1071 3528 Verum
1102 3464 1202 3527 hic
1233 3484 1478 3546 quoque
1509 3484 1687 3528 casus
1705 3466 1861 3529 nihil
1878 3466 2145 3548 pertinet
2169 3467 2245 3530 ad
2272 3469 2547 3532 nostram
2574 3470 3019 3550 quaestionem.
3047 3470 3211 3536 Nam

747 3568 929 3644 rati0,
965 3587 1074 3630 cur
1111 3567 1361 3649 impune
1408 3566 1643 3642 deinde,
1679 3568 1840 3632 idest
1888 3569 2098 3651 elapso
2136 3570 2421 3653 legitimo
2460 3572 2756 3655 tempore,
2797 3574 2894 3637 lex
2942 3574 3214 3639 violetur

747 3688 869 3733 non
915 3671 1010 3733 est
1056 3668 1327 3733 defectus
1359 3670 1454 3734 vis
1488 3670 1899 3754 obligatoriae
1930 3671 1993 3734 in
2026 3671 2163 3753 ipsa
2194 3672 2350 3756 lege,
2386 3674 2633 3754 quando
2665 3675 2800 3740 lata
2833 3678 2947 3753 est,
2981 3677 3087 3741 sed
3119 3681 3216 3742 est

747 3773 848 3835 ius
878 3771 1344 3836 consuetudin-is
1389 3773 1763 3848 contrariae,
1800 3791 1977 3855 quae,
2020 3776 2092 3837 ut
2141 3774 2297 3839 alias
2330 3774 2617 3853 diximus,
2655 3778 2977 3843 accedente
3022 3781 3213 3865 legali

746 3894 1044 3941 consensu
1076 3876 1386 3958 principis,
1421 3877 1548 3939 vim
1582 3876 1771 3940 habet
1817 3877 2195 3939 contrariam
2244 3878 2447 3961 legem
2496 3879 2853 3964 abrogandi.
2890 3882 3053 3960 Quin
3085 3884 3215 3947 imo

749 3979 1127 4045 consuetudo
1162 3980 1446 4062 opposita
1479 3978 1683 4043 induci
1731 3998 1853 4044 non
1886 3980 2114 4062 potuit,
2148 3980 2268 4044 nisi
2316 3999 2755 4063 supponamus,
2804 3985 3006 4067 legem
3040 3987 3214 4068 prius

751 4083 1058 4167 obligasse
1103 4084 1166 4145 et
1214 4082 1505 4146 adversus
1566 4081 1724 4146 hanc
1787 4083 2231 4165 obligationem
2291 4082 2627 4148 invaluisse
2683 4088 3211 4153 consuetudinem.

749 4182 1028 4265 Cumque
1073 4184 1136 4247 in
1183 4183 1457 4248 confesso
1505 4185 1590 4248 sit
1637 4185 1796 4267 apud
1847 4203 2076 4261 omneS,
2111 4204 2391 4268 peccasse
2436 4205 2559 4265 coe,
2594 4188 2700 4269 qui
2746 4188 2980 4254 violare
3012 4191 3216 4276 legem

744 4287 1077 4368 coeperunt
1137 4288 1200 4350 et
1256 4288 1578 4369 peccatum
1640 4289 1985 4353 necessario
2038 4291 2353 4371 supponat
2398 4290 2461 4352 in
2508 4291 2644 4374 lege
2690 4292 2817 4354 vim
2874 4294 3212 4378 obligandi,

749 4389 873 4451 iam
919 4389 1292 4471 supponitur
1321 4389 1478 4451 hanc
1526 4389 1652 4453 vim
1698 4390 1822 4475 legi
1870 4391 2058 4455 fuisse
2108 4392 2186 4454 ab
2218 4392 2399 4456 initio
2434 4393 2497 4456 et
2537 4391 3012 4475 independenter
3043 4417 3080 4461 a
3112 4416 3218 4480 po-

749 4490 879 4573 puli
911 4491 1351 4573 acceptatione.
1385 4491 1550 4575 Ergo
1585 4494 1648 4555 et
1680 4493 1829 4557 haec
1852 4494 2136 4575 quaestio
2172 4494 2367 4557 veluti
2399 4494 2803 4577 impertinens
2837 4517 2871 4560 a
2905 4498 3217 4580 praesenti

752 4594 1170 4657 controversia
1217 4594 1560 4677 ableganda
1606 4597 1719 4659 est.
