3529 5158
399 378 544 455 [460]
899 394 1152 442 QUANDO
1190 395 1456 437 nxrmm·
1490 394 1909 436 msmusarm.
1950 394 2371 436 Rasum-iano
2753 380 2861 435 439

394 488 727 571 specialem
759 492 1037 572 qratiam
1065 492 1398 565 contineat,
1431 491 1604 555 decet
1629 511 1760 555 esse
1790 512 2176 566 mans-uram,
2209 512 2337 555 non
2367 492 2652 571 exspirat
2682 493 2870 555 etiam

396 615 467 658 re
512 594 765 675 inteyra
797 614 921 673 per
963 598 1222 658 mortem
1265 592 1669 658 concedentis.

582 697 652 758 2⁰
688 694 753 759 Si
799 695 1121 780 delegatus
1166 697 1458 760 iubeatur
1502 696 1777 780 gratiam
1809 696 2028 770 facere,
2063 696 2276 761 addita
2323 697 2514 761 etiam
2561 698 2866 774 clausula,

395 799 458 863 si
493 799 587 861 ita
631 817 762 862 esse
808 798 1204 879 coynoveris:
1251 798 1459 882 gratia
1490 798 1616 862 iam
1647 798 1815 863 facta
1853 800 2168 876 censetur3
2218 799 2504 884 delegato
2551 800 2716 864 enim
2747 818 2869 864 non

397 901 601 966 restat
642 900 764 965 nisi
806 900 1130 983 inquisitio
1178 900 1461 965 veritatis
1493 902 1558 964 et
1587 900 1704 965 hac
1734 902 2006 986 cognita,
2040 902 2385 967 necessaria
2432 902 2763 979 exsecutio,
2796 903 2873 965 ut

397 1002 626 1068 idcirco
675 1021 712 1066 a
763 1001 1090 1087 delegante
1133 1004 1342 1088 gratia
1388 1003 1662 1085 profecta
1708 1004 2052 1079 censeatur,
2101 1003 2531 1068 conditionata
2576 1004 2883 1087 primum,

399 1107 618 1189 postea
665 1104 949 1170 absolute
995 1104 1311 1187 (Reiffens.
1360 1104 1435 1168 de
1481 1104 1856 1185 Res-emptis,
1897 1124 1956 1169 n.
2007 1106 2210 1188 257.).
2260 1104 2448 1170 Secus
2494 1124 2640 1171 vero
2679 1106 2733 1170 si
2778 1125 2873 1169 ar·

400 1208 591 1272 bitrio
616 1207 886 1292 delegati
908 1207 1283 1289 relinquitur
1305 1207 1615 1272 concessio
1640 1208 1918 1292 gratiae:
1948 1209 2097 1271 tunc
2120 1208 2285 1272 enim
2307 1207 2633 1273 manifeste
2664 1208 2873 1292 gratia

401 1309 678 1375 nondum
724 1310 822 1374 est
864 1307 1051 1373 facta.

492 1410 654 1492 Quid
699 1430 846 1476 vero
893 1411 947 1474 si
993 1410 1180 1474 alicui
1212 1410 1439 1474 directe
1469 1410 1843 1475 concedatur
1888 1412 2115 1496 gratia,
2155 1412 2229 1474 ut
2261 1411 2339 1475 ab
2377 1410 2589 1493 aliquo
2628 1409 2873 1493 dispen-

396 1506 530 1579 'sari
561 1514 660 1578 vel
691 1512 931 1578 absolvi
961 1512 1176 1595 possit,
1211 1514 1366 1594 puta
1403 1511 1480 1576 ab
1503 1530 1577 1577 eo
1607 1531 1794 1595 quem
1824 1514 1954 1596 ipse
1988 1514 2245 1598 elegerit
2274 1516 2339 1578 et
2369 1514 2515 1578 ante
2547 1513 2867 1578 obtentam

401 1615 926 1700 dispensationem
972 1614 1071 1679 vel
1116 1614 1576 1679 absolutionem
1620 1633 1941 1680 concessor
1986 1615 2227 1700 gratiae
2272 1615 2618 1679 moriatur?
2651 1612 2875 1680 Gratia

403 1721 534 1785 iam
577 1719 746 1784 facta
776 1717 1057 1793 videtur3
1092 1735 1238 1782 nam
1269 1716 1503 1799 petenti
1538 1717 1667 1780 iam
1698 1717 2000 1800 competit
2029 1719 2308 1801 potestas
2344 1717 2601 1782 moralis
2633 1736 2743 1782 seu
2774 1718 2875 1781 ius

403 1821 722 1888 habendae
752 1818 1164 1885 absolutionis
1202 1819 1301 1883 vel
1332 1818 1833 1901 dispensationis.
1875 1817 1967 1883 Cf.
2010 1818 2237 1885 Suarez
2269 1818 2344 1883 de
2373 1819 2653 1901 Leyibus
2673 1818 2783 1884 lib.
2811 1819 2872 1883 8.

402 1944 454 1989 c.
491 1924 598 1987 31.
625 1944 684 1987 n.
716 1923 818 1987 14.
845 1920 1223 2006 Schmaizgr.
1250 1919 1811 2004 dePrivileqiisn.
1841 1922 1989 1986 158.

495 2020 676 2095 460.
711 2022 891 2104 Quod
936 2024 1181 2106 spectat
1210 2023 1287 2087 ad
1320 2023 1867 2100 renuntiationem,
1900 2042 2080 2088 nemo
2113 2023 2365 2088 dubitat
2395 2024 2750 2106 quempiam
2780 2043 2877 2087 re-

403 2128 696 2193 nuntiare
740 2145 919 2210 posse
973 2126 1217 2210 gratiae
1262 2125 1382 2191 sibi
1426 2144 1748 2191 concessae
1802 2126 2062 2208 ideoque
2107 2128 2172 2191 et
2217 2126 2684 2210 dispensationi,
2732 2146 2875 2192 cum

403 2230 681 2296 nondum
729 2229 981 2295 effectus
1019 2228 1105 2292 sit
1135 2229 1419 2306 secutus;
1452 2228 1572 2292 nisi
1602 2228 1985 2293 renuntiatio
2013 2228 2370 2293 redundet
2352 2248 2419 2293 m
2455 2228 2752 2293 damnum
2784 2227 2876 2292 al-

404 2332 603 2397 terius
641 2332 739 2396 vel
770 2329 1260 2405 communitatis,
1294 2330 1359 2394 in
1390 2330 1568 2394 cuius
1604 2330 1884 2394 favorem
1915 2330 2001 2394 sit
2028 2330 2307 2413 impensa
2345 2330 2745 2413 dispensatio,
2778 2329 2879 2394 vel

406 2436 529 2502 nisi
575 2435 894 2518 praelatus
924 2434 1283 2517 dispensans
1313 2432 1530 2498 iubeat
1559 2432 1881 2499 subditum
1912 2434 2010 2498 uti
2047 2432 2502 2515 dispensatione
2540 2452 2592 2498 e.
2624 2453 2718 2518 gr.
2752 2451 2875 2497 non

403 2539 700 2606 ieiunare.
741 2535 802 2603 S.
838 2536 1194 2620 Alphonsus
1225 2535 1335 2600 lib.
1374 2536 1430 2600 1.
1471 2536 1618 2601 198.

496 2640 903 2707 Renuntiatio
937 2640 1061 2705 alia
1092 2641 1190 2704 est
1224 2658 1542 2718 expressa,
1581 2640 1705 2705 alia
1740 2640 1949 2704 tacita.
1984 2640 2170 2705 Haud
2209 2639 2391 2705 facile
2434 2658 2580 2704 vero
2619 2640 2715 2705 est
2745 2641 2877 2704 sta-

404 2749 602 2823 tuere,
650 2743 1047 2826 quandonam
1093 2742 1290 2807 tacita
1334 2742 1540 2807 locum
1595 2742 1843 2808 habeat.
1892 2742 2109 2825 Neque
2163 2743 2329 2809 enim
2372 2761 2496 2808 non
2542 2762 2694 2808 usus
2741 2742 2877 2808 eius

404 2848 640 2914 censeri
685 2865 793 2930 per
837 2866 903 2911 se
947 2846 1128 2910 debet
1157 2844 1540 2910 renuntiatio
1575 2864 1773 2926 neque
1803 2845 1996 2910 etiam
2033 2846 2262 2928 positio
2311 2845 2489 2910 actus
2534 2845 2878 2928 incompos-

405 2950 605 3016 sibilis
651 2969 796 3014 cum
841 2967 961 3013 usu
1006 2947 1174 3024 eius;
1224 2966 1368 3012 nam
1415 2967 1556 3011 cum
1590 2965 1661 3011 eo
1709 2949 1857 3012 actu
1902 2949 2116 3012 manet
2161 2949 2440 3030 potestas
2485 2966 2636 3011 usus
2669 2947 2874 3022 istius,

405 3073 592 3137 quem
622 3052 859 3117 confert
888 3050 1300 3133 dispensatio:
1333 3067 1530 3130 neque
1562 3050 1784 3131 petitio
1816 3067 2013 3113 novae
2050 3048 2526 3130 dispensationis
2557 3048 2632 3112 de
2663 3048 2877 3112 eadem

405 3177 492 3234 re,
525 3174 684 3238 quae
714 3153 935 3238 petitio
973 3153 1224 3236 propter
1255 3151 1413 3215 alias
1450 3169 1670 3215 causas
1701 3149 1834 3213 fieri
1868 3150 2095 3232 potest,
2127 3168 2319 3230 quam
2354 3150 2675 3231 propterea
2709 3148 2897 3229 quod.

407 3257 858 3324 renuntiaveris
904 3255 1115 3338 priori.
1154 3252 1523 3318 Conferatur
1554 3251 1627 3316 de
1663 3251 1762 3315 his
1795 3251 2021 3316 Suarez
2053 3251 2095 3314 1.
2139 3251 2199 3315 6.
2233 3270 2336 3314 nn.
2377 3250 2574 3314 9.-11.
2609 3251 2673 3312 et
2709 3249 2877 3330 quod

413 3361 641 3426 dicturi
667 3378 884 3425 sumus
914 3359 978 3423 in
1010 3376 1199 3422 causa
1229 3355 1420 3420 simili
1458 3354 1532 3419 de
1562 3354 1934 3438 Privilegiis.

505 3460 788 3528 Ceterum
824 3464 899 3525 ut
930 3461 1142 3525 valeat
1172 3457 1576 3531 renuntiatio,
1617 3476 1689 3521 ea
1721 3456 1903 3522 debet
1934 3475 2064 3522 esse
2095 3458 2247 3522 nota
2284 3455 2667 3539 dispensanti
2703 3456 2768 3520 et
2800 3455 2879 3519 ab

407 3567 543 3650 ipso
575 3564 923 3648 approbari.
958 3562 1147 3627 Secus
1177 3561 1342 3625 enim
1382 3579 1493 3642 pro
1525 3560 1882 3643 dispensato
1928 3560 2025 3623 lex
2056 3560 2275 3642 nequit
2308 3559 2704 3634 reviviscere;
2755 3576 2876 3622 non

407 3668 572 3733 enim
604 3668 735 3751 ipse
766 3666 905 3745 sibi,
940 3665 1046 3730 sed
1070 3664 1242 3729 solus
1266 3661 1546 3746 superior
1577 3664 1786 3745 potest
1810 3663 1863 3727 ei
1888 3662 2046 3747 legis
2072 3662 2519 3747 obligationem
2542 3661 2877 3744 imponere.

497 3772 722 3837 Restat
766 3770 841 3833 de
876 3767 1392 3848 interpretatione
1439 3764 1948 3845 dispensationis,
1996 3784 2155 3848 quae
2188 3765 2407 3830 stricta
2443 3766 2564 3839 est;
2599 3763 2747 3845 quia
2793 3761 2882 3826 di-

408 3873 722 3957 spensatio
748 3874 844 3937 est
866 3891 964 3936 res
990 3870 1222 3935 odiosa.
1249 3867 1388 3948 Qua
1409 3867 1483 3932 de
1507 3888 1574 3933 re
1605 3868 1670 3932 in
1702 3887 1868 3951 seqq.
1888 3868 1997 3932 ubi
2029 3868 2102 3932 de
2132 3866 2643 3949 interpretatione
2666 3865 2880 3948 legum

408 3978 473 4041 et
511 3976 586 4040 de
618 3974 982 4059 privilegiis.
1023 3971 1115 4037 Cf.
1158 3970 1506 4054 Schmalzg.
1541 3971 1583 4034 l.
1630 3972 1686 4033 1.
1726 3970 1827 4034 tit.
1863 3972 1923 4034 3.
1958 3990 2018 4033 n.
2054 3970 2160 4032 30.

497 4076 658 4143 Cum
680 4075 878 4141 locuti
911 4076 1106 4139 simus
1138 4073 1211 4137 de
1243 4073 1721 4155 dispensatione,
1748 4091 1874 4153 qua
1908 4070 2048 4151 quis
2078 4070 2371 4134 eximitur
2396 4069 2473 4132 ab
2500 4067 2879 4152 obligatione

403 4182 583 4266 legis,
632 4198 794 4262 quae
839 4178 1031 4262 viget,
1082 4177 1328 4259 oportet
1374 4177 1448 4239 ut
1496 4177 1560 4239 et
1609 4173 1848 4255 aliquid
1879 4173 2157 4236 dicamus
2203 4171 2277 4235 de
2308 4169 2649 4236 cessatione
2685 4169 2878 4254 legis;

405 4286 547 4349 tum
585 4281 1029 4347 tractationem
1067 4278 1482 4353 absolvemuS,
1518 4277 1849 4360 praecipua
1881 4276 2195 4339 tradentes
2226 4275 2300 4339 de
2331 4274 2488 4358 legis
2518 4274 2884 4356 interpreta-

407 4387 579 4452 tione
613 4404 687 4449 ac
717 4383 968 4447 tandem
998 4382 1072 4444 de
1110 4380 1475 4463 particulari
1509 4380 1665 4463 lege,
1701 4378 2047 4443 cuiusmodi
2081 4380 2228 4441 sunt
2258 4375 2615 4460 Privilegia.
2650 4378 2683 4414 *
