3529 5158
384 350 528 427 [709]
1245 364 1561 408 avam-ru.
1598 364 1742 408 nme
1777 365 1992 408 rmum
2729 356 2840 412 611

391 463 477 516 sed
514 462 661 516 etiam
689 462 918 525 aliorum,
946 475 1072 528 quae
1095 467 1318 529 tempore
1344 459 1460 515 belli
1483 475 1545 515 ex
1573 461 1693 515 locis
1730 461 1948 515 tluitimis
1986 460 2199 516 bostium
2238 462 2456 517 veniunt.
2484 466 2600 518 ltem
2638 464 2845 520 ministri

392 547 593 615 publici,
617 548 813 614 quoties
852 551 984 602 bono
1025 547 1221 614 publico
1246 546 1574 601 necessarium
1601 560 1711 600 esse
1732 546 1966 600 iudicant.
1992 548 2114 600 Nav.
2139 563 2182 599 c.
2213 550 2296 599 48.
2324 547 2495 611 Regin.
2521 550 2553 602 l.
2580 549 2663 603 24.
2683 564 2732 604 ιι.
2759 554 2843 605 60.

383 633 561 685 Escob.
586 630 733 686 Card.
759 633 820 685 de
845 633 965 695 Lug.
991 631 1039 683 d.
1071 632 1090 683 4
1107 632 1152 684 4.
1177 646 1224 683 n.
1257 632 1373 683 448.

501 717 550 767 2.
588 713 927 769 Commuuiter
976 714 1123 769 etiam
1173 721 1427 781 peccatum
1461 728 1560 768 uon
1593 720 1683 776 est,
1722 714 1764 768 si
1815 729 2085 769 consensus
2130 730 2396 783 expressus
2435 720 2674 772 habeatur
2722 717 2845 782 eiuS,

386 813 413 851 a
450 814 548 865 quo
588 802 667 853 vel
706 801 766 853 ad
810 814 954 866 quem
992 798 1250 854 mittuntur
1286 802 1465 865 (neque
1502 801 1581 852 lex
1618 798 1844 865 specialis
1884 805 2031 853 vetet.
2059 799 2117 853 C.
2141 801 2203 853 de
2234 802 2370 865 Lugo
2397 803 2428 853 l.
2455 804 2521 868 c.)
2550 800 2630 855 vel
2670 802 2848 857 tacitus

385 888 557 940 saltem
572 900 587 938 z
602 892 653 939 ut
675 885 721 939 si
746 885 899 940 lacias
932 887 1023 940 sub
1041 883 1404 948 ratihabitione,
1416 886 1667 938 conlidens
1685 883 2058 949 rationabiliter,
2072 884 2290 939 liabitum
2309 884 2370 938 iri
2389 892 2567 940 ratum.
2582 889 2649 940 lta
2673 889 2848 941 Escob.

379 984 438 1024 ex
471 972 592 1024 Nav.
621 969 791 1034 Regin.
817 977 912 1024 etc.
938 974 970 1024 Ι.
996 984 1038 1023 c.

489 1058 538 1108 3.
579 1056 820 1122 Superior
875 1054 1157 1120 Religiosus
1207 1053 1375 1109 literas
1424 1069 1625 1111 suorum
1682 1053 1990 1110 subditorum
2039 1056 2327 1120 (dummodo
2364 1069 2460 1109 nou
2498 1055 2749 1111 mittantur
2784 1058 2847 1111 ad

392 1139 690 1207 superiorem
731 1140 965 1194 maiorem
996 1143 1072 1194 vel
1102 1142 1263 1205 talem,
1291 1154 1434 1204 quem
1473 1145 1651 1192 statuta
1676 1139 1907 1201 eximant,
1932 1154 2021 1193 nec
2044 1142 2104 1193 ab
2129 1154 2188 1193 eo
2219 1139 2434 1207 veniant)
2460 1140 2591 1195 licite
2615 1141 2774 1209 aperit
2798 1149 2848 1196 et

383 1223 517 1291 legit,
543 1224 649 1278 sive
674 1238 736 1278 ex
763 1224 1032 1289 Religionis
1062 1230 1246 1279 statuto
1273 1230 1358 1278 aut
1379 1222 1729 1278 cousuetudine
1753 1223 1861 1278 sive
1885 1238 1948 1277 ex
1974 1222 2253 1290 suspicione
2283 1224 2543 1290 probabili,
2570 1229 2698 1291 quod
2732 1226 2847 1280 mali

384 1308 566 1374 aliquid
603 1308 867 1363 contiueat.
895 1307 1028 1362 Vide
1055 1307 1250 1372 Peyriu.
1277 1305 1344 1361 de
1370 1306 1538 1377 Reliy.
1566 1314 1598 1362 t.
1627 1310 1676 1360 4.
1703 1323 1750 1373 q.
1777 1311 1826 1361 2.
1852 1321 1895 1361 c.
1923 1311 1972 1361 4.
2006 1307 2147 1362 Dian.
2175 1323 2221 1375 p.
2247 1310 2297 1362 3.
2328 1316 2361 1363 t.
2388 1311 2439 1362 6.
2466 1324 2507 1363 r.
2531 1310 2619 1364 55.

487 1394 638 1446 LXll.
666 1393 713 1447 4.
740 1394 842 1446 Nec
870 1400 952 1445 est
984 1399 1253 1459 peccatum,
1277 1390 1319 1444 si
1344 1405 1543 1445 necesse
1571 1391 1633 1445 sit
1666 1395 1742 1445 vel
1771 1391 2000 1459 expediat
2016 1395 2077 1446 ad
2103 1390 2328 1446 iniuriam
2353 1393 2496 1447 alteri
2517 1393 2845 1449 imminentem

386 1478 759 1531 advertendum:
793 1478 1063 1530 dummodo
1087 1491 1183 1530 nou
1210 1477 1321 1541 plus
1346 1480 1550 1541 legatur,
1566 1490 1709 1541 quam
1730 1479 1793 1531 ad
1812 1490 1924 1530 eum
1944 1480 2087 1531 llnem
2108 1492 2307 1532 necesse
2327 1486 2419 1532 est.
2436 1479 2492 1534 C.
2513 1481 2575 1532 de
2593 1481 2729 1543 Lugo
2752 1481 2782 1532 Ι.
2797 1493 2841 1533 c.

451 1564 501 1615 5.
540 1561 637 1627 Qui
685 1560 845 1627 aperit
874 1568 924 1614 et
949 1560 1081 1624 legit,
1107 1560 1392 1615 existimaus
1417 1576 1512 1613 non
1538 1559 1779 1614 contineri
1806 1574 1886 1614 res
1916 1561 2075 1625 magui
2101 1562 2348 1625 momenti,
2376 1561 2632 1616 venialiter
2658 1570 2842 1619 tantum

378 1653 566 1714 peccat.
589 1645 733 1699 Card.
760 1648 822 1699 de
852 1648 989 1709 Lugo
1015 1649 1046 1698 l.
1072 1659 1116 1697 c.

485 1734 659 1787 LXlll.
686 1735 735 1786 6.
762 1731 814 1786 si
852 1732 1022 1787 literas
1058 1734 1120 1785 ab
1159 1729 1257 1785 alio
1282 1729 1576 1797 dilaceratas
1598 1728 1721 1784 etin
1758 1728 2006 1796 publicum
2045 1745 2069 1782 a
2108 1729 2304 1786 domino
2336 1730 2555 1786 abiectas
2589 1730 2849 1797 recolligas

384 1827 435 1872 et
456 1817 638 1872 iunctis
662 1817 887 1885 partibus
913 1821 1065 1880 legas,
1079 1831 1141 1870 ex
1169 1819 1275 1871 sola
1312 1814 1611 1881 curiositate,
1632 1821 1884 1880 peccatum
1913 1813 2103 1869 veniale
2127 1825 2230 1871 est:
2256 1819 2441 1871 nullum
2462 1820 2749 1883 autem(per
2774 1821 2851 1879 se)

376 1902 438 1969 si,
465 1907 520 1957 ut
556 1916 618 1956 ex
656 1900 739 1956 illa
781 1901 950 1955 notitia
996 1900 1085 1954 tibi
1116 1899 1401 1968 provideas;
1447 1899 1564 1966 quia
1600 1901 1729 1965 quod
1773 1914 1863 1968 pro
1899 1900 2135 1955 derelicto
2170 1904 2396 1965 babetur,
2432 1902 2482 1956 iu
2521 1916 2663 1956 usum
2707 1916 2850 1956 suum

379 1995 673 2042 convertere
702 1986 833 2041 licet.
859 1987 999 2039 Bald.
1025 1999 1086 2039 ex
1112 1988 1162 2038 S.
1189 1988 1369 2038 Anton.
1398 1991 1446 2037 et
1473 1985 1589 2036 Ros.
1616 1986 1753 2048 sylv.
1783 1999 1830 2037 v.
1860 1985 2092 2053 Emptis),
2119 2001 2167 2051 q.
2191 1988 2243 2039 7.
2272 1990 2440 2051 Laym.
2469 1989 2501 2041 Ι.
2524 1989 2572 2039 3.
2600 2003 2641 2040 s.
2669 1989 2718 2040 5.
2742 1995 2776 2040 t.
2797 1988 2847 2039 3.

377 2087 423 2139 p.
450 2074 494 2125 l.
515 2086 559 2125 c.
581 2072 627 2125 4.
651 2086 696 2124 n.
722 2072 770 2126 4.
796 2069 901 2124 Dia.
924 2077 960 2124 t.
983 2072 1032 2122 2.
1058 2076 1115 2123 tr.
1139 2070 1188 2122 6.
1216 2084 1257 2121 r.
1285 2069 1369 2122 55.
1392 2070 1543 2122 Recte
1563 2075 1721 2122 tamen
1747 2076 1882 2122 notat
1910 2070 2187 2135 Layn1.l.c.
2209 2075 2354 2124 talem
2381 2086 2440 2125 ex
2467 2070 2671 2125 caritate
2689 2072 2849 2124 teneri

378 2171 473 2210 nou
514 2155 825 2210 manifestare
885 2161 1125 2208 secretum
1163 2153 1224 2207 iis
1262 2160 1558 2215 contentum,
1585 2152 1627 2206 si
1652 2155 1881 2207 damnum
1913 2153 2027 2208 inde
2062 2154 2331 2223 cuiuspiam
2369 2157 2634 2223 provenire
2669 2156 2852 2223 possit:

376 2239 477 2295 imo
519 2239 698 2305 (addit)
736 2242 979 2293 revelans
1016 2237 1259 2291 eiusmodi
1298 2245 1540 2290 secretum
1582 2237 1745 2303 (cuius
1783 2238 2003 2292 notitiam
2042 2239 2187 2293 etiam
2225 2240 2352 2294 iuste
2387 2240 2668 2306 acquisivit)
2689 2248 2854 2294 contra

376 2324 613 2379 iustitiam
657 2321 895 2391 peccabit,
923 2321 967 2376 si
1003 2322 1259 2388 intelligat,
1285 2320 1539 2375 audientes
1574 2335 1631 2375 ea
1663 2321 1835 2376 notitia
1873 2338 2051 2376 usuros
2087 2326 2146 2376 ad
2198 2326 2423 2378 damnum
2449 2324 2629 2379 iniuste
2652 2325 2858 2379 inleren.

372 2412 503 2464 dum.
530 2409 658 2463 Vide
682 2410 851 2474 Laym.
879 2411 912 2460 1.
940 2423 984 2460 c.

484 2491 600 2547 Dixi
643 2496 688 2545 4.
715 2507 753 2547 α
778 2491 1007 2547 domino
1023 2491 1334 2561 proiectas,·
1364 2489 1476 2556 quia
1517 2489 1561 2544 si
1599 2492 1674 2545 vel
1716 2492 1778 2544 ab
1817 2489 1915 2546 alio
1952 2490 2195 2559 proiectae
2239 2492 2461 2558 (domino
2484 2493 2662 2562 inscio)
2689 2496 2767 2547 vel
2794 2496 2855 2546 ab

382 2578 592 2648 ipsomet
628 2594 745 2634 casu
785 2577 1001 2645 perditae
1041 2574 1229 2639 luerint,
1255 2591 1351 2631 uon
1387 2574 1501 2630 licet
1537 2578 1714 2641 legere.

482 2663 599 2719 Dixi
633 2666 679 2716 2.
706 2663 767 2718 in
798 2662 999 2718 locum
1032 2659 1350 2732 publicum,·
1380 2660 1489 2726 quia
1531 2660 1573 2714 si
1610 2660 1657 2714 in
1696 2660 1857 2726 ignem
1898 2666 1974 2716 vel
2015 2667 2259 2718 fornacem
2298 2678 2345 2713 v.
2371 2678 2445 2727 gr.
2474 2662 2722 2731 proiectae
2746 2661 2858 2725 sint,

379 2756 436 2804 ut
482 2751 854 2813 comburantur,
882 2760 1084 2813 peccas,
1111 2746 1153 2799 si
1191 2749 1424 2801 extrahas
1459 2752 1508 2799 et
1546 2749 1693 2810 legas.
1726 2746 1854 2801 Vide
1891 2744 2038 2802 Card.
2065 2750 2125 2801 de
2149 2749 2287 2813 Lugo
2311 2750 2360 2800 d.
2389 2747 2472 2801 45.
2498 2763 2545 2800 n.
2576 2749 2695 2802 430.

476 2834 598 2889 Dixi
637 2835 686 2885 3.
705 2847 812 2903 per
837 2845 928 2898 se,·
955 2831 1070 2898 quia
1115 2829 1229 2884 neri
1275 2836 1453 2897 potest,
1484 2836 1538 2884 ut
1563 2845 1621 2884 ea
1658 2830 2010 2895 contineantur,
2042 2847 2248 2898 quorum
2287 2831 2431 2886 lectio
2470 2833 2534 2885 sit
2569 2831 2856 2899 perniciosa.

481 2919 666 2973 LXIV.
693 2917 745 2972 7.
782 2916 881 2984 Qui
908 2916 1095 2969 lurtive
1126 2914 1303 2982 scripta
1330 2913 1533 2968 alterius
1558 2925 1762 2983 secreta,
1792 2915 1899 2982 ipso
1931 2915 2103 2981 invit0,
2130 2915 2264 2980 legit,
2288 2924 2472 2984 peccat.
2499 2921 2557 2970 Et
2589 2920 2632 2970 4.
2659 2917 2854 2984 quidem

373 3011 578 3071 peccato
618 2999 941 3066 curiositatiS‚
972 3000 1065 3055 elsi
1106 2998 1250 3054 laciat
1296 2999 1457 3053 animo
1496 2999 1713 3054 discendi
1753 3008 1802 3054 et
1828 3000 1932 3053 sine
1965 3000 2241 3068 suspicione
2261 3002 2449 3054 damni:
2476 3006 2524 3054 2.
2551 3001 2855 3067 iniustitiae3

374 3089 488 3154 quia
529 3086 737 3154 quisque
763 3090 911 3141 babet
956 3084 1035 3138 ius
1060 3085 1238 3138 secreti
1262 3083 1312 3137 in
1344 3084 1446 3137 suis
1470 3084 1682 3150 scriptis»,
1711 3099 1834 3148 quae
1862 3084 1970 3136 aliis
1995 3100 2090 3137 non
2113 3089 2220 3137 vult
2239 3099 2348 3137 esse
2372 3085 2660 3139 communia.
2681 3087 2856 3156 Navar.

361 3188 409 3228 c.
442 3177 526 3227 45.
556 3175 668 3227 Mol.
698 3180 731 3226 t.
763 3174 811 3225 5.
847 3173 894 3224 d.
921 3172 1007 3224 36.
1035 3186 1082 3223 n.
1110 3173 1161 3223 2.
1191 3171 1312 3232 Reg.
1340 3172 1371 3222 l.
1399 3169 1484 3221 24.
1512 3184 1554 3222 c.
1584 3171 1632 3221 6.
1666 3184 1712 3221 n.
1752 3170 1871 3220 449.
1897 3171 2160 3234 Potestque
2212 3168 2470 3234 aliquando
2495 3183 2605 3222 esse
2629 3172 2854 3234 mortale,

370 3257 417 3312 si
445 3257 673 3311 nimirum
700 3258 784 3310 flat
811 3269 923 3310 cum
957 3252 1163 3308 notabili
1187 3255 1366 3306 damno
1395 3255 1473 3305 vel
1513 3253 1636 3306 alter
1664 3253 1810 3305 valde
1842 3251 2006 3318 cupiat
2030 3266 2140 3305 esse
2169 3260 2357 3306 secreta
2382 3253 2768 3319 gravissimeque
2792 3254 2857 3313 sit

371 3347 585 3397 laturus.
613 3342 749 3397 Bald.
778 3342 826 3395 d.
860 3342 943 3393 44.
971 3336 1102 3393 Vide
1129 3336 1275 3392 etiam
1315 3338 1461 3393 Card.
1489 3338 1551 3390 de
1587 3338 1725 3401 Lugo
1764 3339 1797 3389 Ι.
1828 3350 1871 3389 c.

495 3427 649 3481 LXV.
676 3427 726 3479 8.
762 3423 1052 3493 Quicunque
1090 3429 1327 3476 secretum
1356 3420 1509 3475 violat
1534 3423 1719 3487 absque
1749 3419 1880 3474 iusta
1909 3434 2056 3473 causa
2080 3435 2189 3474 cum
2219 3420 2422 3475 alterius
2447 3423 2640 3485 damno,
2670 3425 2744 3476 vel
2774 3422 2856 3490 qui

374 3510 550 3566 literas
591 3508 793 3565 alterius
835 3509 1016 3563 iniuste
1052 3506 1221 3574 aperit,
1248 3521 1306 3560 ex
1349 3520 1446 3571 quo
1472 3508 1697 3558 damnum
1736 3503 1874 3559 alteri
1901 3503 2138 3570 sequitur,
2166 3512 2357 3560 tenetur
2384 3509 2439 3559 ad
2477 3506 2851 3562 restitutionem.

366 3596 553 3650 Bonae.
581 3598 630 3649 d.
655 3598 703 3648 2.
732 3592 797 3649 de
825 3593 963 3648 Rest.
994 3606 1040 3659 q.
1074 3594 1119 3644 4.
1147 3606 1193 3657 p.
1224 3592 1270 3643 4.
1298 3590 1455 3644 Trull.
1483 3590 1514 3643 l.
1541 3589 1591 3642 7.
1618 3604 1661 3642 c.
1692 3590 1773 3642 40.
1800 3590 1848 3642 d.
1874 3591 1958 3643 32.

1446 3748 1608 3812 DUB.
1642 3748 1757 3812 III.

1297 3885 1467 3967 Quid
1507 3887 1595 3949 sit
1636 3885 1915 3952 luxuria.

479 4049 661 4103 LXVl.
688 4049 838 4115 Resp.
871 4048 958 4099 Est
985 4041 1230 4111 appetitus
1254 4041 1559 4096 inordinatus
1584 4055 1926 4109 venereorum,
1952 4057 2161 4109 quorum
2187 4057 2306 4096 usus
2330 4058 2438 4098 cum
2465 4059 2527 4099 ex
2555 4051 2726 4099 natura
2756 4061 2843 4108 sua

362 4134 629 4191 institutus
656 4132 720 4186 sit
745 4134 806 4184 ad
839 4127 1262 4184 conservationem
1301 4124 1493 4190 generis
1532 4126 1744 4188 numani,
1772 4129 1903 4192 quod
1941 4134 2018 4180 est
2041 4142 2265 4192 magnum
2306 4130 2483 4183 bonum
2507 4130 2757 4184 bominum
2794 4140 2843 4186 et

356 4228 631 4275 externum
658 4215 767 4282 Dei,
794 4214 1007 4282 proinde
1033 4212 1117 4279 qui
1144 4210 1380 4274 abutitur,
1410 4209 1558 4263 laedit
1584 4210 1741 4262 Deum
1769 4218 1819 4264 et
1844 4211 2079 4265 homines.
2101 4214 2188 4265 Est
2213 4213 2432 4266 mortalis
2455 4228 2516 4268 ex
2538 4228 2716 4279 genere
2734 4231 2841 4269 suo.

364 4303 506 4360 Vide
547 4302 673 4356 inlra
700 4304 728 4354 l.
754 4301 802 4354 3.
829 4305 864 4352 t.
895 4299 945 4352 4.
972 4313 1017 4351 c.
1044 4301 1093 4351 2.
1121 4301 1171 4351 et
1195 4297 1228 4350 l.
1259 4296 1307 4348 4.
1337 4310 1382 4348 c.
1411 4296 1457 4347 4.
1483 4295 1531 4347 d.
1558 4295 1607 4346 2.
1632 4297 1718 4360 (tr.
1750 4296 1837 4348 Vl.
1865 4303 1984 4350 sect.
2014 4298 2101 4362 6.).

479 4388 688 4443 LXVll.
708 4387 856 4451 Resp.
879 4386 929 4436 2.
950 4381 1102 4436 Filiae
1139 4377 1405 4442 Luxuriae,
1427 4391 1555 4444 quae
1584 4392 1690 4432 eam
1717 4382 2004 4446 plerumque
2027 4387 2314 4447 sequuntur,
2332 4389 2447 4437 sunt
2468 4390 2607 4438 octo:
2630 4392 2843 4451 quatuor

347 4490 415 4532 ex
467 4480 615 4544 parte
651 4470 933 4526 intellectus
969 4473 1019 4522 et
1056 4473 1268 4533 quatuor
1303 4479 1365 4518 ex
1404 4471 1543 4530 parte
1579 4463 1862 4517 voluntatis.

481 4563 537 4614 4.
574 4554 800 4611 Caecitas
840 4551 1044 4608 mentis:
1069 4565 1178 4605 cum
1206 4549 1315 4615 quis
1355 4551 1477 4603 adeo
1520 4554 1594 4602 est
1631 4547 1856 4604 addictus
1895 4549 2198 4619 turpitudini,
2237 4558 2290 4605 ut
2324 4554 2385 4609 de
2421 4556 2716 4611 caelestibus
2753 4572 2846 4632 non

343 4644 561 4714 cogitet.
