3529 5158
607 311 715 365 252
1027 326 1240 367 macr.
1279 326 1343 365 11.
1382 326 1467 365 ms
1504 309 1923 365 consensuris.
1963 324 2164 366 CAPUT
2200 324 2264 364 11.
2304 325 2445 366 Dms.
2488 325 2576 364 111.
2932 310 3076 386 [224]

610 422 880 487 habilius
913 423 1124 485 credat
1171 422 1297 485 iam
1345 421 1623 485 sonuisse
1655 420 2082 484 duodecimam
2115 446 2149 477 »
2190 420 2384 503 (quod
2430 421 2726 484 ultimum
2771 420 2933 485 forte
2966 420 3072 485 alii

611 526 803 589 etiam
851 526 914 589 in
961 524 1220 587 dubium
1269 524 1597 599 vocabunt,
1648 523 1700 587 si
1734 522 2064 603 probabile
2111 523 2212 600 sit,
2262 523 2325 587 id
2370 523 2607 587 factum
2654 525 2797 586 ante
2844 522 3073 587 duode-

607 629 881 711 cimam).

700 729 793 794 Ob
840 729 1101 794 eandem
1150 732 1364 795 autem
1408 730 1715 795 rationem
1762 749 1811 793 S.
1859 729 2214 812 Alphonsus
2260 729 2366 793 lib.
2421 729 2480 792 1.
2526 748 2587 792 n.
2636 729 2743 792 38.
2792 729 3074 810 sequitur

613 833 986 897 sententiam
1019 833 1199 917 Lugo
1224 833 1386 896 circa
1416 852 1579 905 eum,
1613 832 1723 913 qui
1751 831 2017 905 dubitat,
2058 850 2136 895 au
2169 830 2404 913 aliquid
2435 831 2555 894 cibi
2602 831 2701 894 vel
2746 832 2931 914 potus
2977 832 3076 895 de-

616 934 943 1018 glutiverit
975 954 1032 998 v,
1067 955 1161 1019 gr.
1196 935 1345 999 dum
1394 934 1616 998 ancilla
1665 934 1977 998 iusculum
2008 935 2246 1019 gustat,
2298 953 2374 997 an
2421 934 2575 997 satis
2607 932 2862 997 salitum
2895 933 2978 997 sit
3011 934 3075 997 et

609 1035 749 1099 dein
796 1037 1026 1118 expuit.
1077 1036 1287 1112 Ratio,
1335 1036 1539 1119 inquit
1571 1055 1618 1100 S.
1653 1036 1861 1119 Alph„
1908 1062 1941 1093 «
1975 1036 2121 1117 quia
2153 1036 2249 1099 lex
2280 1034 2495 1099 ieiunii
2524 1054 2647 1099 non
2680 1036 2775 1099 est
2805 1034 3073 1117 positiva

611 1138 707 1201 ita
736 1140 813 1201 ut
849 1140 1266 1221 praecipiatur
1296 1139 1595 1203 ieiunium
1619 1140 1925 1220 tanquam
1946 1139 2316 1221 requisitum
2348 1138 2631 1203 absolute
2662 1139 3073 1202 necessarium

612 1240 688 1302 ad
735 1240 1347 1316 communicandum3
1384 1240 1488 1305 sed
1534 1242 1632 1305 est
1677 1241 2077 1323 prohibitiva,
2110 1260 2233 1323 qua
2266 1240 2655 1305 interdicitur
2685 1240 2946 1323 quisque
2979 1258 3075 1303 ac-

610 1340 820 1405 cedere
866 1342 944 1405 ad
990 1341 1505 1419 communionem,
1556 1343 1609 1406 si
1646 1342 1791 1424 quid
1843 1342 1963 1406 cibi
1995 1345 2109 1406 aut
2138 1345 2323 1426 potus
2369 1342 2766 1425 sumpserit...
2802 1342 3069 1426 Igitur...

610 1442 999 1524 probandum
1044 1445 1141 1508 est
1185 1443 1422 1508 factum
1465 1443 1681 1508 ieiunii
1724 1443 1929 1517 fracti,
1968 1446 2041 1508 ut
2072 1444 2212 1526 quis
2257 1444 2711 1509 communicare
2754 1443 3075 1526 prohibea-

610 1547 736 1608 tur.
777 1545 849 1609 In
896 1545 1084 1610 dubio
1122 1564 1291 1630 erg0‚
1328 1564 1407 1610 an
1454 1545 1691 1610 factum
1737 1545 1800 1610 id
1848 1547 1951 1620 sit,
1986 1565 2109 1627 quo
2141 1545 2477 1629 prohibitio
2521 1546 2679 1629 legis
2709 1546 2901 1629 viget,
2951 1563 3071 1609 non

611 1648 858 1711 tenetur
889 1648 1028 1729 quis
1067 1667 1103 1711 a
1135 1648 1564 1712 communione
1596 1647 1905 1713 abstinere
1935 1674 1997 1711 ».

701 1748 870 1814 Nota
918 1750 1074 1813 alias
1106 1750 1378 1815 rationes
1415 1751 1727 1825 Auctoris,
1762 1751 1928 1832 quod
1967 1750 2097 1823 scil.
2128 1750 2227 1814 lex
2258 1748 2669 1814 ecclesiastica
2700 1767 2825 1812 non
2869 1748 3073 1812 videa-

613 1853 718 1913 tur
751 1852 882 1915 tam
915 1854 1082 1915 arcte
1114 1852 1532 1937 constringere
1580 1853 1984 1917 conscientias
2024 1871 2131 1916 nec
2162 1853 2497 1915 irreverens
2535 1851 2620 1915 sit
2649 1850 2758 1931 qui
2790 1851 3071 1932 sequitur

613 1954 1182 2035 praesumptionem
1212 1955 1368 2019 iuris
1405 1955 1565 2036 (scil.
1601 1955 1828 2019 stantis
1862 1974 1970 2037 pro
2009 1954 2345 2037 libertate).

721 2104 932 2157 ΧΧΧΙΙ.
951 2104 1000 2156 7.
1023 2103 1075 2156 si
1103 2111 1213 2171 post
1238 2112 1544 2160 contractum
1567 2108 1694 2159 bona
1721 2108 1818 2159 fide
1837 2105 2212 2168 matrimonium,
2236 2104 2437 2158 dubium
2459 2106 2519 2157 de
2542 2106 2705 2158 valore
2728 2104 3068 2171 superveniat,

611 2189 740 2251 quod
771 2195 880 2253 post
910 2188 1132 2242 veritatis
1157 2189 1521 2254 inquisitionem
1547 2190 1729 2257 depelli
1747 2206 1843 2245 non
1865 2189 2034 2257 possit.
2054 2188 2269 2243 debitum
2298 2203 2391 2242 non
2412 2194 2595 2241 tantum
2622 2186 2778 2249 reddi.
2806 2190 2892 2243 sed
2922 2188 3067 2242 etiam

612 2271 742 2336 exigi
768 2273 1095 2341 potest3q11ia
1120 2274 1326 2329 dubium
1363 2275 1719 2341 superveniens
1755 2278 1912 2329 honae
1950 2275 2062 2330 fidei
2094 2273 2371 2341 possessori
2393 2276 2570 2329 obesse
2608 2287 2705 2326 non
2733 2274 2911 2328 debet:
2953 2273 3069 2327 vide

610 2361 786 2411 Sancb.
814 2356 897 2412 lib.
929 2361 974 2412 2.
1003 2357 1068 2413 de
1093 2359 1340 2415 Matrim.
1368 2360 1493 2427 disp.
1517 2363 1599 2413 41.
1622 2376 1669 2413 n.
1693 2361 1780 2414 47.
1803 2362 1982 2415 Bonae.
2008 2362 2099 2414 loc.
2119 2359 2201 2414 cit.

699 2462 883 2536 224.
921 2469 1012 2531 De
1037 2468 1152 2532 hac
1181 2488 1247 2533 re
1286 2489 1335 2533 s.
1361 2469 1543 2552 Alph.
1579 2469 1684 2532 lib.
1713 2469 1773 2532 6.
1810 2489 1868 2532 n.
1905 2470 2085 2533 903.:
2129 2493 2161 2527 «
2203 2468 2455 2532 Certum
2478 2471 2586 2541 est,
2609 2467 2771 2548 quod
2808 2467 3069 2531 durante

611 2569 819 2648 dubio,
848 2572 975 2636 sive
1001 2571 1259 2637 dubium
1293 2572 1688 2638 antecesserit
1719 2572 2187 2637 matrimonium
2219 2570 2347 2636 sive
2379 2570 2435 2635 ei
2467 2570 2905 2653 supervenerit,
2932 2589 3070 2635 con-

609 2673 716 2737 iux
763 2675 1073 2750 dubitans
1110 2676 1254 2739 ante
1284 2676 1673 2761 diligentiam
1706 2674 2114 2739 adhibendam
2148 2675 2225 2738 ad
2261 2674 2519 2738 dubium
2557 2673 2922 2737 vincendum
2945 2693 3069 2737 non

612 2777 821 2858 potest
852 2779 1076 2858 petere,
1104 2778 1208 2841 sed
1233 2780 1441 2860 potest
1463 2778 1526 2842 et
1549 2779 1797 2842 tenetur
1827 2777 2074 2841 reddere
2100 2777 2277 2840 alteri
2310 2761 2545 2859 petenti
2570 2776 2630 2839 in
2662 2776 2821 2839 bona
2853 2775 2974 2839 fide
3004 2802 3065 2839 ».

609 2877 783 2957 Quod
834 2878 972 2942 dein
1020 2881 1243 2962 probat
1273 2900 1342 2944 ex
1389 2900 1521 2962 cap.
1570 2879 1905 2952 Damnem,
1944 2878 2017 2942 de
2066 2878 2368 2942 Secundis
2404 2879 2688 2958 nuptiis:
2744 2903 2777 2936 «
2812 2876 2877 2942 Si
2922 2898 3068 2941 vero

610 2981 836 3063 aliquis
874 2982 971 3045 vel
1010 2983 1284 3064 aliqua...
1318 2982 1393 3047 de
1421 2984 1622 3046 morte
1668 2981 1891 3065 prioris
1924 2982 2203 3065 coniugis
2231 2981 2431 3045 adhuc
2461 2980 2578 3044 sibi
2615 2979 2932 3043 existimat
2962 2980 3070 3043 du-

611 3084 956 3162 bitandum.
1010 3086 1064 3149 ei
1103 3104 1261 3167 quae
1309 3086 1426 3149 sibi
1472 3085 1702 3168 nupsit,
1737 3084 2015 3148 debitum
2046 3102 2168 3149 non
2206 3084 2467 3168 deneget
2487 3082 2868 3166 postulanti:
2901 3082 3067 3164 quod

611 3206 646 3249 a
694 3206 758 3250 se
803 3189 1012 3251 tamen
1058 3189 1302 3252 noverit
1346 3188 1701 3252 nullatenus
1749 3186 2115 3270 exigendum
2153 3213 2212 3249 ».
2264 3186 2473 3258 Ratio,
2510 3185 2717 3266 inquit
2762 3203 2808 3248 s.
2859 3185 3064 3268 Alph„

608 3290 754 3370 quia
799 3289 864 3355 in
910 3290 1096 3354 dubio
1144 3309 1324 3355 nemo
1363 3291 1697 3374 privandus
1735 3292 1831 3354 est
1860 3308 1974 3354 suo
2006 3290 2140 3354 iure
2170 3291 2357 3364 certo,
2391 3288 2557 3370 quod
2588 3288 2748 3352 bona
2786 3287 2905 3352 fide
2933 3306 3069 3370 pos-

607 3392 784 3466 sidet,
819 3394 892 3455 ut
926 3393 1339 3456 communiter
1366 3393 1588 3457 docent
1619 3394 1753 3457 DD.

699 3493 912 3574 Pergit
961 3513 1008 3556 s.
1035 3494 1219 3575 Alph.
1253 3495 1360 3558 lib.
1397 3495 1457 3558 6.
1497 3515 1557 3557 n.
1593 3497 1781 3558 904:
1838 3519 1874 3553 «
1906 3494 1971 3559 Si
2002 3496 2319 3558 contracto
2352 3493 2751 3557 matrimonio
2798 3493 2862 3556 in
2908 3493 3069 3557 bona

607 3595 746 3672 fide,
779 3595 1037 3659 dubium
1083 3598 1478 3680 superveniat
1522 3601 1585 3662 et
1631 3598 1908 3662 adhibita
1957 3598 2279 3682 diligentia
2311 3597 2466 3662 illud
2498 3598 2660 3661 vinci
2691 3615 2813 3660 non
2851 3597 3064 3680 possit,

611 3700 794 3782 longe
841 3700 1227 3764 communior
1273 3703 1336 3765 et
1380 3702 1563 3786 longe
1611 3702 1988 3785 probabilior
2033 3702 2340 3766 sententia
2389 3701 2681 3774 affirmat,
2735 3700 2917 3764 licere
2963 3700 3070 3764 du-

607 3800 836 3865 bitanti
885 3819 1002 3865 non
1049 3803 1254 3867 solum
1301 3803 1566 3882 reddere,
1615 3804 1720 3868 sed
1766 3804 1957 3868 etiam
1988 3806 2255 3886 petere...
2297 3804 2505 3878 Ratio,
2539 3803 2687 3886 quia
2721 3803 2828 3884 qui
2860 3803 3069 3867 matri-

608 3903 889 3968 monium
913 3903 1074 3969 bona
1099 3905 1217 3970 fide
1239 3907 1566 3984 contraxit,
1583 3908 1718 3970 iure
1742 3924 1855 3970 suo
1882 3905 2145 3989 petendi,
2173 3906 2338 3988 quod
2360 3905 2651 3989 possidet.
2680 3923 2800 3969 non
2825 3908 2922 3968 est
2950 3906 3070 3988 pri-

609 4005 867 4080 vandus,
902 4007 1093 4071 donec
1124 4011 1368 4074 constet
1397 4009 1470 4073 de
1507 4008 1967 4092 impedimento.
2002 4008 2174 4072 Licet
2206 4008 2368 4072 enim
2393 4007 2858 4090 superveniente
2880 4006 3066 4071 dubio

610 4101 1022 4192 suspendatur
1067 4112 1164 4175 ius
1197 4112 1619 4194 possessionis,
1655 4130 1853 4193 usque
1899 4111 2045 4174 dum
2093 4111 2323 4174 veritas
2367 4110 2756 4192 inquiratur:
2784 4111 3066 4173 manente

609 4214 819 4276 tamen
845 4215 985 4295 post
1007 4214 1395 4298 diligentiam
1412 4215 1620 4290 dubio,
1640 4234 1782 4278 cum
1797 4214 2153 4298 ignorantia
2179 4217 2326 4277 tunc
2343 4213 2427 4276 sit
2449 4211 2841 4282 invincibilis.
2860 4213 3068 4275 manet

610 4316 911 4395 possessio
961 4336 1070 4398 pro
1121 4317 1329 4381 valore
1374 4317 1757 4382 matrimonii
1806 4321 1867 4381 et
1914 4318 2355 4398 consequenter
2391 4333 2501 4398 pro
2541 4314 2710 4377 illius
2750 4333 2902 4388 usu3
2938 4332 3071 4397 pos-

610 4435 810 4481 sessor
855 4419 1016 4481 enim
1051 4419 1244 4482 bonae
1291 4418 1431 4482 fidei
1479 4419 1640 4482 sicut
1686 4423 1892 4503 potest
1925 4421 2065 4502 post
2115 4418 2458 4482 adhibitam
2504 4416 2895 4500 diligentiam
2939 4435 3065 4480 rem

609 4518 890 4592 retinere,
926 4519 1011 4582 sic
1060 4521 1250 4583 etiam
1297 4522 1502 4603 potest
1535 4522 1643 4586 illa
1685 4522 1782 4585 uti
1816 4548 1873 4585 ».
1910 4521 2085 4600 Quod
2134 4520 2273 4584 dein
2322 4538 2369 4583 s.
2410 4519 2593 4603 Alph.
2627 4518 2955 4582 confirmat
3000 4536 3068 4582 ex
