3529 5158
419 255 560 332 [248]
1320 271 1758 314 montumano
1796 272 1977 314 nmis
2462 313 2471 319 ,
2779 254 2886 310 279

419 367 762 432 haereticae
798 366 1176 432 damnantur
1214 369 1278 432 et
1313 369 1719 452 prohibentur
1755 371 1820 433 in
1866 370 2059 453 praxi,
2101 369 2382 453 obligant
2413 368 2660 450 quidem
2693 367 2885 431 etiam

420 471 753 551 antequam
799 470 1138 552 publicatio
1187 470 1302 535 fiat
1347 471 1411 535 in
1459 472 1860 536 Dioecesibus
1900 472 2072 547 adeo,
2116 473 2191 537 ut
2237 470 2345 553 qui
2393 470 2570 534 novit
2606 488 2708 533 eas
2747 488 2886 533 6011-

416 571 777 636 stitutiones
817 571 1083 648 aliunde,
1124 573 1202 636 iis
1242 573 1559 658 obligetur
1596 575 1790 638 etiam
1829 594 1952 657 qua
1990 573 2277 657 poenales
2316 574 2491 648 sunt3
2523 572 2883 656 ignorantes

416 677 623 738 tamen
670 675 1045 738 excusantur
1090 677 1228 739 tum
1276 695 1313 739 a
1360 678 1542 759 culpa
1576 677 1714 741 tum
1763 697 1799 741 a
1847 696 2076 760 poena:
2118 696 2241 741 non
2280 694 2454 740 secus
2502 694 2572 738 ac
2617 674 2743 750 ille,
2781 673 2885 737 cui

415 776 672 852 constet,
715 774 950 840 Romae
987 774 1220 842 factam
1251 778 1785 843 canonizationem
1818 780 2085 843 alicuius
2124 777 2353 855 Sancti,
2394 777 2641 841 tenetur
2676 776 2882 858 ipsum

414 878 636 942 habere
683 896 793 961 pro
843 877 1068 944 Sancto
1117 881 1336 945 statim
1384 900 1454 945 ac
1499 880 1596 945 illi
1642 882 2029 946 canonizatio
2076 879 2427 956 innotescit,
2469 879 2659 943 etiam
2706 878 2880 941 nulla

412 980 582 1045 facta
603 980 1023 1063 publicatione
1045 981 1110 1047 in
1147 983 1447 1061 Dioecesi,
1488 984 1579 1048 ita
1618 985 1682 1046 et
1718 983 1792 1047 de
1817 984 1957 1047 aliis
1994 983 2216 1059 Bullis,
2242 981 2468 1065 quibus
2501 979 2878 1044 damnantur

415 1082 754 1164 opiniones,
791 1083 1181 1147 sentiendum
1218 1085 1331 1148 est.

500 1180 686 1254 248.
721 1184 780 1248 N
784 1185 964 1249 otant
993 1186 1201 1250 tamen
1228 1187 1545 1265 DoctoreS,
1587 1187 2066 1251 constitutiones
2099 1185 2466 1269 pontificiaS,
2508 1185 2733 1266 quibus
2766 1186 2880 1247 aut

410 1286 757 1352 iurisdictio
808 1287 1087 1351 aufertur
1125 1291 1238 1352 aut
1296 1307 1475 1353 casus
1529 1291 1884 1354 reservatur
1931 1290 2045 1352 aut
2090 1289 2417 1352 revocatur
2479 1286 2875 1371 privilegium

412 1388 773 1453 absolvendi
810 1408 846 1453 a
881 1390 1232 1467 reservatis,
1274 1408 1396 1454 non
1421 1391 1678 1466 efficere,
1719 1392 1794 1454 ut
1824 1390 2093 1456 invalide
2140 1391 2361 1454 utatur
2399 1390 2536 1472 quis
2574 1388 2874 1452 facultate

410 1512 469 1556 v.
509 1511 603 1575 gr.
647 1491 1023 1570 absolvendi,
1064 1492 1340 1574 quandiu
1376 1493 1538 1557 bona
1601 1493 1719 1557 fide
1768 1494 2020 1577 ignorat
2057 1492 2372 1557 decretum
2420 1490 2877 1557 revocatorium

409 1612 541 1684 oese
580 1593 1051 1677 promulgatum
1091 1593 1203 1677 (a).

499 1695 687 1758 Ratio
727 1694 841 1770 est,
882 1695 1030 1776 quia
1076 1696 1328 1779 propter
1366 1696 1664 1761 damnum
1702 1697 2046 1780 spirituale,
2097 1697 2262 1779 quod
2306 1697 2449 1760 inde
2495 1695 2873 1777 sequeretur,

407 1815 530 1862 non
570 1798 853 1860 censetur
890 1796 1046 1861 velle
1099 1798 1397 1880 superior,
1454 1799 1528 1861 ut
1574 1798 1889 1863 decretum
1934 1799 2163 1864 habeat
2207 1799 2491 1863 effectum
2539 1800 2875 1878 antequam

406 1899 787 1964 sufficienter
820 1899 1188 1964 innotescat.

497 2002 671 2066 Idem
707 2002 932 2066 notant
960 2001 1222 2086 legibus,
1264 2021 1422 2085 quae
1457 2002 1706 2068 irritent
1742 2006 2118 2081 contractuS,
2160 2004 2435 2086 alioquin
2483 2022 2600 2069 sua
2644 2003 2872 2066 natura

405 2104 670 2170 validos.
689 2102 853 2168 Nam
878 2104 999 2168 nisi
1023 2105 1172 2169 etin
1196 2105 1336 2169 istis
1369 2106 1631 2190 benigne
1653 2106 2130 2189 interpretemur
2166 2107 2439 2171 mentem
2469 2105 2868 2191 legislatoris,

405 2208 575 2292 leges
613 2207 898 2272 cederent
941 2207 1006 2271 in
1052 2207 1350 2272 damnum
1397 2227 1588 2293 grave
1625 2227 1860 2286 eorum,
1912 2210 2019 2291 qui
2067 2228 2171 2273 eas
2216 2209 2654 2274 invincibiliter
2699 2208 2873 2292 igno-

401 2310 634 2375 rarent.
675 2309 1010 2392 Excipiunt
1051 2312 1263 2374 tamen
1311 2301 1388 2374 ab
1434 2311 1551 2374 hac
1610 2311 1832 2395 regula
1890 2310 2112 2395 legem,
2169 2330 2328 2392 quae
2386 2311 2597 2376 irritat
2657 2311 2869 2374 actum

403 2411 679 2494 aliquem
702 2410 775 2475 ob
815 2409 1118 2490 defectum
1145 2410 1669 2490 sollemnitatum;
1693 2413 1806 2479 has
1832 2414 1995 2478 enim
2018 2414 2186 2499 leges
2210 2414 2416 2479 valere
2447 2413 2638 2478 etiam
2662 2411 2866 2494 quoad

401 2513 765 2598 ignorantes
789 2513 1089 2579 Doctores
1112 2513 1400 2579 tradunt:
1418 2515 1754 2583 dummodo
1782 2518 1989 2582 tamen
2013 2535 2110 2581 res
2134 2535 2256 2582 non
2281 2515 2460 2582 cedat
2476 2516 2545 2582 in
2571 2515 2869 2581 damnum

400 2616 848 2682 innocentium.

489 2719 733 2784 Notum
765 2722 877 2798 est,
919 2719 1236 2805 Synodum
1269 2722 1695 2786 Tridentinam
1734 2723 2066 2787 Decretum
2099 2742 2304 2799 suum,
2323 2741 2446 2804 quo
2486 2722 2867 2787 clandestina

399 2822 805 2887 matrimonia
842 2822 1190 2902 irritantur,
1224 2825 1495 2889 voluisse
1526 2826 1744 2889 utnon
1773 2824 2099 2909 obligaret,
2133 2825 2255 2889 nisi
2284 2825 2428 2908 post
2450 2825 2714 2908 triginta
2738 2824 2866 2888 dies

401 2943 439 2987 a
475 2924 576 2989 die
612 2924 1051 3007 publicationis
1087 2927 1152 2991 in
1191 2946 1434 3010 quaque
1475 2928 1768 3011 parochia
1801 2927 2021 2991 factae.

492 3026 656 3092 Sunt
685 3028 792 3109 qui
815 3029 931 3093 hoc
953 3029 1089 3094 1060
1114 3029 1599 3094 commemorent
1636 3029 1962 3112 privilegia
1988 3047 2273 3092 concessa
2300 3029 2673 3108 quibusdam
2697 3028 2867 3091 Prin-

400 3132 662 3215 cipibus,
701 3132 766 3195 vi
802 3149 1067 3213 quorum
1114 3133 1458 3216 diplomata
1504 3132 1824 3214 pontificia
1859 3150 1982 3195 non
2024 3131 2301 3213 obligent
2337 3131 2467 3194 sine
2510 3131 2681 3213 regio
2729 3147 2866 3193 con-

400 3251 586 3297 sensu
631 3233 698 3296 in
744 3252 957 3297 eorum
1005 3235 1569 3320 promulgationem
1617 3234 1680 3297 et
1726 3232 1868 3296 ante
1917 3231 2480 3315 promulgationem
2527 3231 2591 3294 in
2652 3247 2865 3293 eorum

401 3334 764 3399 ditionibus.
798 3335 956 3400 Aliis
980 3336 1182 3400 verbis
1200 3337 1296 3400 est
1317 3336 1714 3420 privilegium
1736 3334 1932 3415 Reyic'
1953 3332 2225 3410 Placeti,
2252 3332 2418 3415 quod
2455 3352 2536 3398 ss,
2576 3332 2726 3395 Pius
2750 3329 2861 3394 IX.

380 3439 615 3521 'paucis
663 3422 1020 3523 designavit
1057 3458 1167 3503 ceu
1215 3458 1447 3502 vanum
1490 3442 1551 3501 et
1584 3437 1846 3516 impium
1890 3438 2295 3501 cmnmenbum
2322 3454 2433 3499 1166
2469 3433 2865 3518 privilegium

398 3541 705 3606 eiusmodi
753 3543 865 3605 aut
911 3542 1345 3606 concesserunt
1392 3542 1505 3604 aut
1535 3540 1876 3622 potuerunt
1911 3530 2241 3604 Pontifices
2280 3537 2632 3613 concedere;
2666 3555 2864 3618 neque

396 3643 561 3708 enim
610 3645 877 3727 possunt
922 3644 1180 3708 abiicere
1228 3644 1623 3727 potestatem,
1675 3661 1866 3723 quam
1915 3661 1952 3705 a
1989 3639 2237 3706 Christo
2287 3641 2534 3717 habent,
2575 3640 2863 3723 pascendi

397 3763 653 3829 gregem
701 3745 954 3810 Domini
986 3747 1051 3809 et
1087 3765 1224 3811 eam
1255 3745 1552 3810 subiicere
1586 3743 1845 3809 arbitrio
1884 3743 2251 3826 principum.

477 4042 1218 4098 (816)Η116.801·83311.1.11,.20
1250 4043 1330 4087 dic
1330 4043 1392 4097 i,t
1417 4042 2470 4098 11166111181118118011001136681661106811680
2474 4044 2591 4089 dien
2619 4043 2861 4098 hasleges

393 4109 495 4152 nini
521 4111 578 4153 in
608 4109 922 4153 dioecesibus
947 4108 1032 4153 fue
1034 4111 1144 4152 rint
1172 4109 1312 4163 publi
1317 4113 1460 4153 eatae
1465 4109 1644 4159 ,61186
1729 4112 1816 4152 1160
1818 4110 2228 4154 1101811681οο
2255 4110 2494 4164 periculo.

615 4275 642 4312 ἱ

1928 4368 1967 4409 G
