<?xml version="1.0" encoding="UTF-8"?>
<!DOCTYPE html PUBLIC "-//W3C//DTD XHTML 1.0 Transitional//EN"
    "http://www.w3.org/TR/xhtml1/DTD/xhtml1-transitional.dtd">
<html xmlns="http://www.w3.org/1999/xhtml" xml:lang="en" lang="en">
 <head>
  <title>
</title>
<meta http-equiv="Content-Type" content="text/html;charset=utf-8" />
  <meta name='ocr-system' content='tesseract 3.04.00' />
  <meta name='ocr-capabilities' content='ocr_page ocr_carea ocr_par ocr_line ocrx_word'/>
</head>
<body>
  <div class='ocr_page' id='page_1' title='image "./opustheologicum00palmgoog_0260.png"; bbox 0 0 3529 5158; ppageno 0'>
   <div class='ocr_carea' id='block_1_1' title="bbox 312 361 2778 442">
    <p class='ocr_par' dir='ltr' id='par_1_1' title="bbox 312 361 2778 442">
     <span class='ocr_line' id='line_1_1' title="bbox 312 361 2778 442; baseline -0.002 -20"><span class='ocrx_word' id='word_1_1' title='bbox 312 364 456 442; x_wconf 76' lang='lat'>[167]</span> <span class='ocrx_word' id='word_1_2' title='bbox 705 379 1102 421; x_wconf 65' lang='lat' dir='ltr'>consonam-ra</span> <span class='ocrx_word' id='word_1_3' title='bbox 1142 382 1353 424; x_wconf 68' lang='lat' dir='ltr'>nuum.</span> <span class='ocrx_word' id='word_1_4' title='bbox 1392 382 1698 424; x_wconf 66' lang='lat' dir='ltr'>nummus</span> <span class='ocrx_word' id='word_1_5' title='bbox 1736 382 1819 421; x_wconf 70' lang='lat' dir='ltr'>Au</span> <span class='ocrx_word' id='word_1_6' title='bbox 1861 380 2233 423; x_wconf 69' lang='lat' dir='ltr'>vanrrnn</span> <span class='ocrx_word' id='word_1_7' title='bbox 2271 380 2399 421; x_wconf 75' lang='lat' dir='ltr'>mc.</span> <span class='ocrx_word' id='word_1_8' title='bbox 2671 361 2778 417; x_wconf 81' lang='lat'>163</span> 
     </span>
    </p>
   </div>
   <div class='ocr_carea' id='block_1_2' title="bbox 313 476 2878 4670">
    <p class='ocr_par' dir='ltr' id='par_1_2' title="bbox 313 476 2782 767">
     <span class='ocr_line' id='line_1_2' title="bbox 313 476 2779 562; baseline -0.003 -17"><span class='ocrx_word' id='word_1_9' title='bbox 313 480 406 545; x_wconf 89' lang='lat' dir='ltr'>illi</span> <span class='ocrx_word' id='word_1_10' title='bbox 442 477 772 561; x_wconf 84' lang='lat' dir='ltr'>imputari,</span> <span class='ocrx_word' id='word_1_11' title='bbox 822 478 1002 559; x_wconf 83' lang='lat' dir='ltr'>quasi</span> <span class='ocrx_word' id='word_1_12' title='bbox 1047 498 1154 562; x_wconf 92' lang='lat' dir='ltr'>per</span> <span class='ocrx_word' id='word_1_13' title='bbox 1199 499 1379 544; x_wconf 91' lang='lat' dir='ltr'>suam</span> <span class='ocrx_word' id='word_1_14' title='bbox 1425 480 1491 543; x_wconf 94' lang='lat' dir='ltr'>in</span> <span class='ocrx_word' id='word_1_15' title='bbox 1528 479 1890 561; x_wconf 89' lang='lat' dir='ltr'>inquirendo</span> <span class='ocrx_word' id='word_1_16' title='bbox 1938 476 2383 562; x_wconf 74' lang='lat' dir='ltr'>negligentiam</span> <span class='ocrx_word' id='word_1_17' title='bbox 2419 493 2779 559; x_wconf 87' lang='lat' dir='ltr'>praecavere</span> 
     </span>
     <span class='ocr_line' id='line_1_3' title="bbox 314 579 2782 666; baseline -0.003 -18"><span class='ocrx_word' id='word_1_18' title='bbox 314 601 454 648; x_wconf 89' lang='lat' dir='ltr'>eam</span> <span class='ocrx_word' id='word_1_19' title='bbox 483 579 759 645; x_wconf 89' lang='lat' dir='ltr'>noluerit</span> <span class='ocrx_word' id='word_1_20' title='bbox 790 583 859 644; x_wconf 85' lang='lat' dir='ltr'>et</span> <span class='ocrx_word' id='word_1_21' title='bbox 891 600 1033 645; x_wconf 89' lang='lat' dir='ltr'>cum</span> <span class='ocrx_word' id='word_1_22' title='bbox 1065 582 1389 666; x_wconf 85' lang='lat' dir='ltr'>diligentia</span> <span class='ocrx_word' id='word_1_23' title='bbox 1422 581 1697 646; x_wconf 87' lang='lat' dir='ltr'>adhibita</span> <span class='ocrx_word' id='word_1_24' title='bbox 1731 581 2152 666; x_wconf 78' lang='lat' dir='ltr'>ignorantiam</span> <span class='ocrx_word' id='word_1_25' title='bbox 2190 579 2488 663; x_wconf 79' lang='lat' dir='ltr'>depellere</span> <span class='ocrx_word' id='word_1_26' title='bbox 2523 597 2646 642; x_wconf 90' lang='lat' dir='ltr'>non</span> <span class='ocrx_word' id='word_1_27' title='bbox 2679 596 2782 660; x_wconf 91' lang='lat' dir='ltr'>po-</span> 
     </span>
     <span class='ocr_line' id='line_1_4' title="bbox 316 680 2736 767; baseline -0.003 -17"><span class='ocrx_word' id='word_1_28' title='bbox 316 684 529 759; x_wconf 80' lang='lat' dir='ltr'>tuerit,</span> <span class='ocrx_word' id='word_1_29' title='bbox 565 684 718 747; x_wconf 85' lang='lat' dir='ltr'>haec</span> <span class='ocrx_word' id='word_1_30' title='bbox 755 684 1041 747; x_wconf 83' lang='lat' dir='ltr'>censetur</span> <span class='ocrx_word' id='word_1_31' title='bbox 1085 685 1290 767; x_wconf 86' lang='lat' dir='ltr'>quoad</span> <span class='ocrx_word' id='word_1_32' title='bbox 1329 704 1471 749; x_wconf 90' lang='lat' dir='ltr'>eum</span> <span class='ocrx_word' id='word_1_33' title='bbox 1507 684 1880 749; x_wconf 81' lang='lat' dir='ltr'>invincibilis</span> <span class='ocrx_word' id='word_1_34' title='bbox 1919 686 2106 765; x_wconf 89' lang='lat' dir='ltr'>atque</span> <span class='ocrx_word' id='word_1_35' title='bbox 2144 682 2295 747; x_wconf 88' lang='lat' dir='ltr'>adeo</span> <span class='ocrx_word' id='word_1_36' title='bbox 2325 680 2736 764; x_wconf 87' lang='lat' dir='ltr'>inculpabilis.</span> 
     </span>
    </p>

    <p class='ocr_par' dir='ltr' id='par_1_3' title="bbox 316 781 2794 2001">
     <span class='ocr_line' id='line_1_5' title="bbox 405 781 2781 867; baseline -0.002 -18"><span class='ocrx_word' id='word_1_37' title='bbox 405 785 624 867; x_wconf 88' lang='lat' dir='ltr'>Neque</span> <span class='ocrx_word' id='word_1_38' title='bbox 652 802 795 849; x_wconf 87' lang='lat' dir='ltr'>vero</span> <span class='ocrx_word' id='word_1_39' title='bbox 830 785 1182 851; x_wconf 79' lang='lat' dir='ltr'>existimare</span> <span class='ocrx_word' id='word_1_40' title='bbox 1205 787 1514 865; x_wconf 86' lang='lat' dir='ltr'>debemus,</span> <span class='ocrx_word' id='word_1_41' title='bbox 1542 785 1844 851; x_wconf 88' lang='lat' dir='ltr'>eiusmodi</span> <span class='ocrx_word' id='word_1_42' title='bbox 1866 787 2078 850; x_wconf 86' lang='lat' dir='ltr'>reatus</span> <span class='ocrx_word' id='word_1_43' title='bbox 2101 784 2332 849; x_wconf 90' lang='lat' dir='ltr'>incurri</span> <span class='ocrx_word' id='word_1_44' title='bbox 2356 783 2433 847; x_wconf 91' lang='lat' dir='ltr'>ab</span> <span class='ocrx_word' id='word_1_45' title='bbox 2457 783 2532 846; x_wconf 91' lang='lat' dir='ltr'>iis</span> <span class='ocrx_word' id='word_1_46' title='bbox 2558 781 2781 859; x_wconf 88' lang='lat' dir='ltr'>solum,</span> 
     </span>
     <span class='ocr_line' id='line_1_6' title="bbox 316 886 2786 972; baseline -0.002 -19"><span class='ocrx_word' id='word_1_47' title='bbox 316 889 443 972; x_wconf 87' lang='lat' dir='ltr'>qui,</span> <span class='ocrx_word' id='word_1_48' title='bbox 472 889 527 952; x_wconf 86' lang='lat' dir='ltr'>si</span> <span class='ocrx_word' id='word_1_49' title='bbox 560 887 860 952; x_wconf 87' lang='lat' dir='ltr'>subtilius</span> <span class='ocrx_word' id='word_1_50' title='bbox 886 888 1035 953; x_wconf 88' lang='lat' dir='ltr'>haec</span> <span class='ocrx_word' id='word_1_51' title='bbox 1059 890 1402 972; x_wconf 78' lang='lat' dir='ltr'>exquirant,</span> <span class='ocrx_word' id='word_1_52' title='bbox 1435 889 1954 954; x_wconf 77' lang='lat' dir='ltr'>inordinationem</span> <span class='ocrx_word' id='word_1_53' title='bbox 1983 889 2237 953; x_wconf 88' lang='lat' dir='ltr'>illorum</span> <span class='ocrx_word' id='word_1_54' title='bbox 2263 891 2517 952; x_wconf 82' lang='lat' dir='ltr'>actuum</span> <span class='ocrx_word' id='word_1_55' title='bbox 2541 886 2786 970; x_wconf 85' lang='lat' dir='ltr'>penitus</span> 
     </span>
     <span class='ocr_line' id='line_1_7' title="bbox 318 987 2789 1074; baseline -0.002 -19"><span class='ocrx_word' id='word_1_56' title='bbox 318 989 797 1072; x_wconf 77' lang='lat' dir='ltr'>introspiciunt3</span> <span class='ocrx_word' id='word_1_57' title='bbox 839 990 1103 1054; x_wconf 87' lang='lat' dir='ltr'>eandem</span> <span class='ocrx_word' id='word_1_58' title='bbox 1141 1010 1285 1057; x_wconf 90' lang='lat' dir='ltr'>vero</span> <span class='ocrx_word' id='word_1_59' title='bbox 1332 991 1851 1057; x_wconf 75' lang='lat' dir='ltr'>inordinationem</span> <span class='ocrx_word' id='word_1_60' title='bbox 1900 1010 1934 1055; x_wconf 88' lang='lat' dir='ltr'>a</span> <span class='ocrx_word' id='word_1_61' title='bbox 1981 990 2288 1074; x_wconf 89' lang='lat' dir='ltr'>plerisque</span> <span class='ocrx_word' id='word_1_62' title='bbox 2325 988 2618 1073; x_wconf 87' lang='lat' dir='ltr'>ignorari.</span> <span class='ocrx_word' id='word_1_63' title='bbox 2652 987 2789 1051; x_wconf 85' lang='lat' dir='ltr'>Etsi</span> 
     </span>
     <span class='ocr_line' id='line_1_8' title="bbox 317 1092 2790 1177; baseline -0.002 -19"><span class='ocrx_word' id='word_1_64' title='bbox 317 1093 482 1158; x_wconf 88' lang='grc'><strong>6111111</strong></span> <span class='ocrx_word' id='word_1_65' title='bbox 530 1092 814 1156; x_wconf 88' lang='lat' dir='ltr'>homines</span> <span class='ocrx_word' id='word_1_66' title='bbox 863 1093 1275 1158; x_wconf 87' lang='lat' dir='ltr'>communiter</span> <span class='ocrx_word' id='word_1_67' title='bbox 1322 1094 1399 1158; x_wconf 89' lang='lat' dir='ltr'>ad</span> <span class='ocrx_word' id='word_1_68' title='bbox 1432 1113 1544 1158; x_wconf 87' lang='lat' dir='ltr'>sua</span> <span class='ocrx_word' id='word_1_69' title='bbox 1584 1094 1882 1177; x_wconf 88' lang='lat' dir='ltr'>principia</span> <span class='ocrx_word' id='word_1_70' title='bbox 1929 1113 2058 1158; x_wconf 89' lang='lat' dir='ltr'>rem</span> <span class='ocrx_word' id='word_1_71' title='bbox 2091 1111 2200 1157; x_wconf 87' lang='grc'><strong>1166</strong></span> <span class='ocrx_word' id='word_1_72' title='bbox 2231 1094 2516 1156; x_wconf 91' lang='lat' dir='ltr'>revocent</span> <span class='ocrx_word' id='word_1_73' title='bbox 2546 1110 2656 1154; x_wconf 89' lang='lat' dir='ltr'>nec</span> <span class='ocrx_word' id='word_1_74' title='bbox 2701 1109 2790 1154; x_wconf 87' lang='lat' dir='ltr'>re-</span> 
     </span>
     <span class='ocr_line' id='line_1_9' title="bbox 322 1192 2789 1275; baseline -0.002 -16"><span class='ocrx_word' id='word_1_75' title='bbox 322 1212 541 1259; x_wconf 83' lang='lat' dir='ltr'>vocare</span> <span class='ocrx_word' id='word_1_76' title='bbox 576 1194 704 1259; x_wconf 87' lang='lat' dir='ltr'>sint</span> <span class='ocrx_word' id='word_1_77' title='bbox 727 1193 962 1269; x_wconf 80' lang='lat' dir='ltr'>idonei3</span> <span class='ocrx_word' id='word_1_78' title='bbox 998 1195 1278 1259; x_wconf 88' lang='lat' dir='ltr'>naturali</span> <span class='ocrx_word' id='word_1_79' title='bbox 1309 1197 1519 1262; x_wconf 89' lang='lat' dir='ltr'>tamen</span> <span class='ocrx_word' id='word_1_80' title='bbox 1551 1198 1797 1262; x_wconf 88' lang='lat' dir='ltr'>criterio</span> <span class='ocrx_word' id='word_1_81' title='bbox 1832 1196 1983 1261; x_wconf 88' lang='lat' dir='ltr'>satis</span> <span class='ocrx_word' id='word_1_82' title='bbox 2017 1195 2366 1272; x_wconf 80' lang='lat' dir='ltr'>edocentur,</span> <span class='ocrx_word' id='word_1_83' title='bbox 2393 1193 2538 1275; x_wconf 89' lang='lat' dir='ltr'>quid</span> <span class='ocrx_word' id='word_1_84' title='bbox 2573 1192 2789 1275; x_wconf 89' lang='lat' dir='ltr'>culpae</span> 
     </span>
     <span class='ocr_line' id='line_1_10' title="bbox 320 1295 2789 1382; baseline -0.002 -19"><span class='ocrx_word' id='word_1_85' title='bbox 320 1299 470 1363; x_wconf 90' lang='lat' dir='ltr'>insit</span> <span class='ocrx_word' id='word_1_86' title='bbox 494 1297 559 1360; x_wconf 91' lang='lat' dir='ltr'>in</span> <span class='ocrx_word' id='word_1_87' title='bbox 595 1299 762 1373; x_wconf 88' lang='lat' dir='ltr'>actu,</span> <span class='ocrx_word' id='word_1_88' title='bbox 795 1316 979 1379; x_wconf 91' lang='lat' dir='ltr'>quem</span> <span class='ocrx_word' id='word_1_89' title='bbox 1004 1299 1142 1380; x_wconf 88' lang='lat' dir='ltr'>quis</span> <span class='ocrx_word' id='word_1_90' title='bbox 1173 1318 1315 1363; x_wconf 88' lang='lat' dir='ltr'>cum</span> <span class='ocrx_word' id='word_1_91' title='bbox 1345 1300 1717 1364; x_wconf 85' lang='lat' dir='ltr'>conscientia</span> <span class='ocrx_word' id='word_1_92' title='bbox 1750 1300 2016 1382; x_wconf 89' lang='lat' dir='ltr'>practice</span> <span class='ocrx_word' id='word_1_93' title='bbox 2048 1298 2235 1362; x_wconf 89' lang='lat' dir='ltr'>dubia</span> <span class='ocrx_word' id='word_1_94' title='bbox 2268 1299 2478 1381; x_wconf 89' lang='lat' dir='ltr'>ponat.</span> <span class='ocrx_word' id='word_1_95' title='bbox 2504 1295 2789 1359; x_wconf 78' lang='lat' dir='ltr'>Profecto</span> 
     </span>
     <span class='ocr_line' id='line_1_11' title="bbox 321 1397 2790 1483; baseline -0.002 -18"><span class='ocrx_word' id='word_1_96' title='bbox 321 1401 619 1467; x_wconf 78' lang='lat' dir='ltr'>famulus,</span> <span class='ocrx_word' id='word_1_97' title='bbox 672 1398 780 1480; x_wconf 91' lang='lat' dir='ltr'>qui</span> <span class='ocrx_word' id='word_1_98' title='bbox 833 1399 1100 1475; x_wconf 86' lang='lat' dir='ltr'>dubitat,</span> <span class='ocrx_word' id='word_1_99' title='bbox 1151 1420 1228 1464; x_wconf 90' lang='lat' dir='ltr'>an</span> <span class='ocrx_word' id='word_1_100' title='bbox 1262 1402 1496 1483; x_wconf 87' lang='lat' dir='ltr'>aliquid</span> <span class='ocrx_word' id='word_1_101' title='bbox 1528 1403 1610 1467; x_wconf 89' lang='lat' dir='ltr'>sit</span> <span class='ocrx_word' id='word_1_102' title='bbox 1641 1404 1857 1467; x_wconf 87' lang='lat' dir='ltr'>contra</span> <span class='ocrx_word' id='word_1_103' title='bbox 1889 1403 2021 1467; x_wconf 89' lang='lat' dir='ltr'>heri</span> <span class='ocrx_word' id='word_1_104' title='bbox 2067 1402 2477 1477; x_wconf 88' lang='lat' dir='ltr'>voluntatem,</span> <span class='ocrx_word' id='word_1_105' title='bbox 2524 1417 2665 1463; x_wconf 87' lang='lat' dir='ltr'>reus</span> <span class='ocrx_word' id='word_1_106' title='bbox 2713 1397 2790 1460; x_wconf 90' lang='lat' dir='ltr'>ab</span> 
     </span>
     <span class='ocr_line' id='line_1_12' title="bbox 327 1500 2792 1586; baseline -0.002 -18"><span class='ocrx_word' id='word_1_107' title='bbox 327 1502 615 1568; x_wconf 90' lang='lat' dir='ltr'>omnibus</span> <span class='ocrx_word' id='word_1_108' title='bbox 649 1504 951 1577; x_wconf 88' lang='lat' dir='ltr'>censetur,</span> <span class='ocrx_word' id='word_1_109' title='bbox 980 1502 1034 1566; x_wconf 89' lang='lat' dir='ltr'>si</span> <span class='ocrx_word' id='word_1_110' title='bbox 1060 1520 1350 1584; x_wconf 87' lang='lat' dir='ltr'>quaerere</span> <span class='ocrx_word' id='word_1_111' title='bbox 1384 1506 1774 1569; x_wconf 85' lang='lat' dir='ltr'>voluntatem</span> <span class='ocrx_word' id='word_1_112' title='bbox 1805 1505 1957 1581; x_wconf 83' lang='lat' dir='ltr'>heri,</span> <span class='ocrx_word' id='word_1_113' title='bbox 1992 1523 2132 1567; x_wconf 86' lang='lat' dir='ltr'>cum</span> <span class='ocrx_word' id='word_1_114' title='bbox 2164 1503 2379 1586; x_wconf 80' lang='lat' dir='ltr'>possit,</span> <span class='ocrx_word' id='word_1_115' title='bbox 2419 1501 2700 1585; x_wconf 84' lang='lat' dir='ltr'>negligat</span> <span class='ocrx_word' id='word_1_116' title='bbox 2731 1500 2792 1562; x_wconf 87' lang='lat' dir='ltr'>et</span> 
     </span>
     <span class='ocr_line' id='line_1_13' title="bbox 325 1603 2792 1691; baseline -0.002 -21"><span class='ocrx_word' id='word_1_117' title='bbox 325 1606 655 1671; x_wconf 86' lang='lat' dir='ltr'>subortum</span> <span class='ocrx_word' id='word_1_118' title='bbox 689 1603 948 1668; x_wconf 90' lang='lat' dir='ltr'>dubium</span> <span class='ocrx_word' id='word_1_119' title='bbox 985 1608 1361 1671; x_wconf 88' lang='lat' dir='ltr'>contemnat.</span> <span class='ocrx_word' id='word_1_120' title='bbox 1398 1608 1558 1672; x_wconf 90' lang='lat' dir='ltr'>Item</span> <span class='ocrx_word' id='word_1_121' title='bbox 1596 1607 1907 1671; x_wconf 85' lang='lat' dir='ltr'>amicitiae</span> <span class='ocrx_word' id='word_1_122' title='bbox 1937 1607 2105 1691; x_wconf 87' lang='lat' dir='ltr'>leges</span> <span class='ocrx_word' id='word_1_123' title='bbox 2145 1606 2377 1670; x_wconf 88' lang='lat' dir='ltr'>violare</span> <span class='ocrx_word' id='word_1_124' title='bbox 2424 1606 2486 1668; x_wconf 89' lang='lat' dir='ltr'>et</span> <span class='ocrx_word' id='word_1_125' title='bbox 2524 1603 2792 1666; x_wconf 90' lang='lat' dir='ltr'>amicum</span> 
     </span>
     <span class='ocr_line' id='line_1_14' title="bbox 326 1706 2794 1790; baseline -0.002 -17"><span class='ocrx_word' id='word_1_126' title='bbox 326 1710 719 1773; x_wconf 81' lang='lat' dir='ltr'>contemnere</span> <span class='ocrx_word' id='word_1_127' title='bbox 745 1709 1046 1784; x_wconf 83' lang='lat' dir='ltr'>censetur,</span> <span class='ocrx_word' id='word_1_128' title='bbox 1081 1708 1361 1790; x_wconf 87' lang='lat' dir='ltr'>quisquis</span> <span class='ocrx_word' id='word_1_129' title='bbox 1399 1708 1710 1784; x_wconf 88' lang='lat' dir='ltr'>dubitans,</span> <span class='ocrx_word' id='word_1_130' title='bbox 1746 1728 1824 1774; x_wconf 89' lang='lat' dir='ltr'>an</span> <span class='ocrx_word' id='word_1_131' title='bbox 1858 1708 2187 1790; x_wconf 88' lang='lat' dir='ltr'>quaepiam</span> <span class='ocrx_word' id='word_1_132' title='bbox 2218 1707 2384 1771; x_wconf 88' lang='lat' dir='ltr'>mala</span> <span class='ocrx_word' id='word_1_133' title='bbox 2417 1725 2526 1770; x_wconf 89' lang='lat' dir='ltr'>seu</span> <span class='ocrx_word' id='word_1_134' title='bbox 2561 1706 2794 1769; x_wconf 90' lang='lat' dir='ltr'>incom-</span> 
     </span>
     <span class='ocr_line' id='line_1_15' title="bbox 330 1807 2794 1895; baseline -0.002 -18"><span class='ocrx_word' id='word_1_135' title='bbox 330 1811 512 1877; x_wconf 89' lang='lat' dir='ltr'>moda</span> <span class='ocrx_word' id='word_1_136' title='bbox 538 1830 613 1875; x_wconf 82' lang='lat' dir='ltr'>ex</span> <span class='ocrx_word' id='word_1_137' title='bbox 637 1810 895 1875; x_wconf 88' lang='lat' dir='ltr'>consilio</span> <span class='ocrx_word' id='word_1_138' title='bbox 929 1830 965 1875; x_wconf 89' lang='lat' dir='ltr'>a</span> <span class='ocrx_word' id='word_1_139' title='bbox 990 1830 1054 1875; x_wconf 89' lang='lat' dir='ltr'>se</span> <span class='ocrx_word' id='word_1_140' title='bbox 1086 1810 1380 1895; x_wconf 87' lang='lat' dir='ltr'>capiendo</span> <span class='ocrx_word' id='word_1_141' title='bbox 1414 1812 1755 1877; x_wconf 86' lang='lat' dir='ltr'>obventura</span> <span class='ocrx_word' id='word_1_142' title='bbox 1794 1813 1919 1876; x_wconf 89' lang='lat' dir='ltr'>sint</span> <span class='ocrx_word' id='word_1_143' title='bbox 1950 1812 2170 1889; x_wconf 89' lang='lat' dir='ltr'>amico,</span> <span class='ocrx_word' id='word_1_144' title='bbox 2203 1811 2580 1885; x_wconf 77' lang='lat' dir='ltr'>nullatenuS,</span> <span class='ocrx_word' id='word_1_145' title='bbox 2606 1807 2794 1872; x_wconf 87' lang='lat' dir='ltr'>dubio</span> 
     </span>
     <span class='ocr_line' id='line_1_16' title="bbox 329 1913 1760 2001; baseline -0.001 -22"><span class='ocrx_word' id='word_1_146' title='bbox 329 1915 438 1979; x_wconf 87' lang='lat' dir='ltr'>illo</span> <span class='ocrx_word' id='word_1_147' title='bbox 477 1931 756 1991; x_wconf 83' lang='lat' dir='ltr'>excuss0‚</span> <span class='ocrx_word' id='word_1_148' title='bbox 793 1913 1197 1995; x_wconf 89' lang='lat' dir='ltr'>praecavendi</span> <span class='ocrx_word' id='word_1_149' title='bbox 1234 1933 1304 1979; x_wconf 90' lang='lat' dir='ltr'>ea</span> <span class='ocrx_word' id='word_1_150' title='bbox 1336 1934 1547 1979; x_wconf 88' lang='lat' dir='ltr'>curam</span> <span class='ocrx_word' id='word_1_151' title='bbox 1579 1917 1760 2001; x_wconf 89' lang='lat' dir='ltr'>gerit.</span> 
     </span>
    </p>

    <p class='ocr_par' dir='ltr' id='par_1_4' title="bbox 330 2014 2800 2510">
     <span class='ocr_line' id='line_1_17' title="bbox 417 2014 2796 2097; baseline -0.003 -16"><span class='ocrx_word' id='word_1_152' title='bbox 417 2017 501 2081; x_wconf 85' lang='lat' dir='ltr'>Et</span> <span class='ocrx_word' id='word_1_153' title='bbox 547 2017 701 2080; x_wconf 88' lang='lat' dir='ltr'>haec</span> <span class='ocrx_word' id='word_1_154' title='bbox 748 2016 1001 2097; x_wconf 89' lang='lat' dir='ltr'>quidem</span> <span class='ocrx_word' id='word_1_155' title='bbox 1048 2016 1417 2081; x_wconf 90' lang='lat' dir='ltr'>confirmant</span> <span class='ocrx_word' id='word_1_156' title='bbox 1476 2019 1802 2089; x_wconf 88' lang='lat' dir='ltr'>rationem,</span> <span class='ocrx_word' id='word_1_157' title='bbox 1861 2037 1970 2082; x_wconf 86' lang='lat' dir='ltr'>cur</span> <span class='ocrx_word' id='word_1_158' title='bbox 2016 2036 2155 2081; x_wconf 87' lang='lat' dir='ltr'>reus</span> <span class='ocrx_word' id='word_1_159' title='bbox 2203 2016 2284 2080; x_wconf 90' lang='lat' dir='ltr'>sit</span> <span class='ocrx_word' id='word_1_160' title='bbox 2330 2014 2609 2097; x_wconf 90' lang='lat' dir='ltr'>quisquis</span> <span class='ocrx_word' id='word_1_161' title='bbox 2656 2032 2796 2076; x_wconf 89' lang='lat' dir='ltr'>cum</span> 
     </span>
     <span class='ocr_line' id='line_1_18' title="bbox 330 2117 2800 2204; baseline -0.003 -18"><span class='ocrx_word' id='word_1_162' title='bbox 330 2119 709 2186; x_wconf 88' lang='lat' dir='ltr'>conscientia</span> <span class='ocrx_word' id='word_1_163' title='bbox 740 2120 1011 2202; x_wconf 89' lang='lat' dir='ltr'>practice</span> <span class='ocrx_word' id='word_1_164' title='bbox 1034 2119 1220 2185; x_wconf 90' lang='lat' dir='ltr'>dubia</span> <span class='ocrx_word' id='word_1_165' title='bbox 1248 2123 1557 2204; x_wconf 86' lang='lat' dir='ltr'>operatur,</span> <span class='ocrx_word' id='word_1_166' title='bbox 1583 2121 1704 2185; x_wconf 92' lang='lat' dir='ltr'>huc</span> <span class='ocrx_word' id='word_1_167' title='bbox 1728 2119 1944 2197; x_wconf 87' lang='lat' dir='ltr'>redire,</span> <span class='ocrx_word' id='word_1_168' title='bbox 1972 2118 2137 2202; x_wconf 89' lang='lat' dir='ltr'>quod</span> <span class='ocrx_word' id='word_1_169' title='bbox 2160 2119 2248 2183; x_wconf 87' lang='lat' dir='ltr'>sic</span> <span class='ocrx_word' id='word_1_170' title='bbox 2264 2118 2500 2203; x_wconf 89' lang='lat' dir='ltr'>agendo</span> <span class='ocrx_word' id='word_1_171' title='bbox 2526 2117 2800 2181; x_wconf 85' lang='lat' dir='ltr'>violatur</span> 
     </span>
     <span class='ocr_line' id='line_1_19' title="bbox 334 2220 2798 2308; baseline -0.003 -20"><span class='ocrx_word' id='word_1_172' title='bbox 334 2222 639 2307; x_wconf 88' lang='lat' dir='ltr'>obligatio</span> <span class='ocrx_word' id='word_1_173' title='bbox 672 2222 1085 2306; x_wconf 89' lang='lat' dir='ltr'>cognoscendi</span> <span class='ocrx_word' id='word_1_174' title='bbox 1114 2223 1317 2308; x_wconf 90' lang='lat' dir='ltr'>legem</span> <span class='ocrx_word' id='word_1_175' title='bbox 1348 2225 1410 2287; x_wconf 88' lang='lat' dir='ltr'>et</span> <span class='ocrx_word' id='word_1_176' title='bbox 1442 2224 1845 2306; x_wconf 89' lang='lat' dir='ltr'>praecavendi</span> <span class='ocrx_word' id='word_1_177' title='bbox 1877 2223 2031 2307; x_wconf 88' lang='lat' dir='ltr'>legis</span> <span class='ocrx_word' id='word_1_178' title='bbox 2071 2220 2607 2306; x_wconf 75' lang='lat' dir='ltr'>transgressiones,</span> <span class='ocrx_word' id='word_1_179' title='bbox 2641 2236 2798 2301; x_wconf 88' lang='lat' dir='ltr'>quae</span> 
     </span>
     <span class='ocr_line' id='line_1_20' title="bbox 330 2321 2798 2409; baseline -0.003 -19"><span class='ocrx_word' id='word_1_180' title='bbox 330 2345 405 2390; x_wconf 80' lang='grc'>611</span> <span class='ocrx_word' id='word_1_181' title='bbox 451 2323 809 2388; x_wconf 87' lang='lat' dir='ltr'>voluntaria</span> <span class='ocrx_word' id='word_1_182' title='bbox 860 2323 1213 2409; x_wconf 88' lang='lat' dir='ltr'>ignorantia</span> <span class='ocrx_word' id='word_1_183' title='bbox 1261 2327 1619 2407; x_wconf 88' lang='lat' dir='ltr'>sequantur.</span> <span class='ocrx_word' id='word_1_184' title='bbox 1667 2325 1810 2389; x_wconf 91' lang='lat' dir='ltr'>Vid.</span> <span class='ocrx_word' id='word_1_185' title='bbox 1861 2324 2080 2390; x_wconf 86' lang='lat' dir='ltr'>Sanch.</span> <span class='ocrx_word' id='word_1_186' title='bbox 2129 2323 2202 2386; x_wconf 78' lang='lat' dir='ltr'>de</span> <span class='ocrx_word' id='word_1_187' title='bbox 2249 2322 2540 2386; x_wconf 54' lang='lat' dir='ltr'>Mati-im.</span> <span class='ocrx_word' id='word_1_188' title='bbox 2579 2321 2686 2385; x_wconf 90' lang='lat' dir='ltr'>lib.</span> <span class='ocrx_word' id='word_1_189' title='bbox 2737 2323 2798 2383; x_wconf 81' lang='lat'>2.</span> 
     </span>
     <span class='ocr_line' id='line_1_21' title="bbox 331 2426 839 2510; baseline -0.006 -18"><span class='ocrx_word' id='word_1_190' title='bbox 331 2427 492 2510; x_wconf 84' lang='lat' dir='ltr'>disp.</span> <span class='ocrx_word' id='word_1_191' title='bbox 526 2426 635 2489; x_wconf 85' lang='lat'>41.</span> <span class='ocrx_word' id='word_1_192' title='bbox 673 2445 735 2487; x_wconf 92' lang='lat' dir='ltr'>n.</span> <span class='ocrx_word' id='word_1_193' title='bbox 778 2426 839 2489; x_wconf 88' lang='grc'>6.</span> 
     </span>
    </p>

    <p class='ocr_par' dir='ltr' id='par_1_5' title="bbox 334 2524 2808 3228">
     <span class='ocr_line' id='line_1_22' title="bbox 429 2524 2801 2615; baseline -0.004 -15"><span class='ocrx_word' id='word_1_194' title='bbox 429 2524 583 2600; x_wconf 77' lang='grc'><strong>167.</strong></span> <span class='ocrx_word' id='word_1_195' title='bbox 621 2528 1062 2608; x_wconf 83' lang='lat' dir='ltr'>Quaestionem</span> <span class='ocrx_word' id='word_1_196' title='bbox 1093 2529 1344 2595; x_wconf 88' lang='lat' dir='ltr'>tandem</span> <span class='ocrx_word' id='word_1_197' title='bbox 1381 2530 1673 2613; x_wconf 89' lang='lat' dir='ltr'>proponit</span> <span class='ocrx_word' id='word_1_198' title='bbox 1708 2531 1979 2595; x_wconf 85' lang='lat' dir='ltr'>Auctor:</span> <span class='ocrx_word' id='word_1_199' title='bbox 2015 2549 2092 2594; x_wconf 90' lang='lat' dir='ltr'>an</span> <span class='ocrx_word' id='word_1_200' title='bbox 2131 2532 2337 2614; x_wconf 87' lang='lat' dir='ltr'>peccet</span> <span class='ocrx_word' id='word_1_201' title='bbox 2367 2529 2662 2615; x_wconf 81' lang='lat' dir='ltr'>graviter,</span> <span class='ocrx_word' id='word_1_202' title='bbox 2696 2525 2801 2609; x_wconf 91' lang='lat' dir='ltr'>qui</span> 
     </span>
     <span class='ocr_line' id='line_1_23' title="bbox 336 2631 2801 2717; baseline -0.002 -20"><span class='ocrx_word' id='word_1_203' title='bbox 336 2633 476 2717; x_wconf 85' lang='lat' dir='ltr'>agit</span> <span class='ocrx_word' id='word_1_204' title='bbox 522 2631 818 2696; x_wconf 85' lang='lat' dir='ltr'>dubitans</span> <span class='ocrx_word' id='word_1_205' title='bbox 865 2631 963 2696; x_wconf 88' lang='lat' dir='ltr'>vel</span> <span class='ocrx_word' id='word_1_206' title='bbox 1009 2651 1131 2697; x_wconf 91' lang='lat' dir='ltr'>non</span> <span class='ocrx_word' id='word_1_207' title='bbox 1178 2633 1460 2717; x_wconf 83' lang='lat' dir='ltr'>cogitans</span> <span class='ocrx_word' id='word_1_208' title='bbox 1507 2653 1657 2697; x_wconf 90' lang='lat' dir='ltr'>num</span> <span class='ocrx_word' id='word_1_209' title='bbox 1704 2633 2027 2698; x_wconf 80' lang='lat' dir='ltr'>venialiter</span> <span class='ocrx_word' id='word_1_210' title='bbox 2064 2652 2148 2697; x_wconf 87' lang='lat' dir='ltr'>an</span> <span class='ocrx_word' id='word_1_211' title='bbox 2178 2632 2530 2698; x_wconf 87' lang='lat' dir='ltr'>mortaliter</span> <span class='ocrx_word' id='word_1_212' title='bbox 2575 2632 2801 2715; x_wconf 89' lang='lat' dir='ltr'>peccet.</span> 
     </span>
     <span class='ocr_line' id='line_1_24' title="bbox 337 2734 2806 2820; baseline -0.001 -20"><span class='ocrx_word' id='word_1_213' title='bbox 337 2735 738 2800; x_wconf 85' lang='lat' dir='ltr'>Dissentiunt</span> <span class='ocrx_word' id='word_1_214' title='bbox 763 2734 837 2799; x_wconf 89' lang='grc'>(16</span> <span class='ocrx_word' id='word_1_215' title='bbox 872 2735 988 2799; x_wconf 84' lang='grc'><strong>1166</strong></span> <span class='ocrx_word' id='word_1_216' title='bbox 1011 2755 1077 2800; x_wconf 84' lang='grc'>16</span> <span class='ocrx_word' id='word_1_217' title='bbox 1100 2737 1418 2812; x_wconf 77' lang='grc' dir='ltr'><strong>Β6616166,</strong></span> <span class='ocrx_word' id='word_1_218' title='bbox 1447 2737 1543 2800; x_wconf 84' lang='grc'><strong>1111</strong></span> <span class='ocrx_word' id='word_1_219' title='bbox 1574 2737 1813 2802; x_wconf 84' lang='lat' dir='ltr'>Auctor</span> <span class='ocrx_word' id='word_1_220' title='bbox 1842 2737 2073 2801; x_wconf 89' lang='lat' dir='ltr'>indicat</span> <span class='ocrx_word' id='word_1_221' title='bbox 2104 2740 2167 2801; x_wconf 90' lang='lat' dir='ltr'>et</span> <span class='ocrx_word' id='word_1_222' title='bbox 2198 2755 2246 2800; x_wconf 91' lang='lat' dir='ltr'>s.</span> <span class='ocrx_word' id='word_1_223' title='bbox 2279 2735 2632 2820; x_wconf 78' lang='lat' dir='ltr'>Alphonsus</span> <span class='ocrx_word' id='word_1_224' title='bbox 2658 2753 2806 2816; x_wconf 91' lang='lat' dir='ltr'>quo-</span> 
     </span>
     <span class='ocr_line' id='line_1_25' title="bbox 334 2837 2802 2924; baseline -0 -22"><span class='ocrx_word' id='word_1_225' title='bbox 334 2857 459 2920; x_wconf 90' lang='lat' dir='ltr'>que</span> <span class='ocrx_word' id='word_1_226' title='bbox 504 2858 564 2901; x_wconf 93' lang='lat' dir='ltr'>n.</span> <span class='ocrx_word' id='word_1_227' title='bbox 601 2838 707 2900; x_wconf 79' lang='lat'>23.</span> <span class='ocrx_word' id='word_1_228' title='bbox 763 2837 1019 2902; x_wconf 87' lang='lat' dir='ltr'>fatetur.</span> <span class='ocrx_word' id='word_1_229' title='bbox 1057 2837 1163 2903; x_wconf 88' lang='lat' dir='ltr'>Nil</span> <span class='ocrx_word' id='word_1_230' title='bbox 1198 2839 1456 2914; x_wconf 75' lang='lat' dir='ltr'>mirum3</span> <span class='ocrx_word' id='word_1_231' title='bbox 1505 2840 1651 2922; x_wconf 90' lang='lat' dir='ltr'>quia</span> <span class='ocrx_word' id='word_1_232' title='bbox 1697 2859 1878 2905; x_wconf 87' lang='lat' dir='ltr'>casus</span> <span class='ocrx_word' id='word_1_233' title='bbox 1915 2839 2321 2904; x_wconf 81' lang='lat' dir='ltr'>diversimode</span> <span class='ocrx_word' id='word_1_234' title='bbox 2364 2839 2517 2924; x_wconf 88' lang='lat' dir='ltr'>fingi</span> <span class='ocrx_word' id='word_1_235' title='bbox 2563 2839 2802 2921; x_wconf 86' lang='lat' dir='ltr'>potest:</span> 
     </span>
     <span class='ocr_line' id='line_1_26' title="bbox 336 2939 2808 3028; baseline 0 -25"><span class='ocrx_word' id='word_1_236' title='bbox 336 2957 451 3023; x_wconf 90' lang='lat' dir='ltr'>pro</span> <span class='ocrx_word' id='word_1_237' title='bbox 483 2939 745 3004; x_wconf 85' lang='lat' dir='ltr'>diversis</span> <span class='ocrx_word' id='word_1_238' title='bbox 782 2943 994 3004; x_wconf 88' lang='lat' dir='ltr'>autem</span> <span class='ocrx_word' id='word_1_239' title='bbox 1027 2939 1332 3006; x_wconf 87' lang='lat' dir='ltr'>adiunctis</span> <span class='ocrx_word' id='word_1_240' title='bbox 1370 2944 1433 3006; x_wconf 86' lang='lat' dir='ltr'>et</span> <span class='ocrx_word' id='word_1_241' title='bbox 1468 2961 1578 3025; x_wconf 92' lang='lat' dir='ltr'>pro</span> <span class='ocrx_word' id='word_1_242' title='bbox 1611 2943 2031 3028; x_wconf 83' lang='lat' dir='ltr'>hypotheseon</span> <span class='ocrx_word' id='word_1_243' title='bbox 2063 2943 2366 3007; x_wconf 86' lang='lat' dir='ltr'>varietate</span> <span class='ocrx_word' id='word_1_244' title='bbox 2399 2943 2636 3006; x_wconf 89' lang='lat' dir='ltr'>variam</span> <span class='ocrx_word' id='word_1_245' title='bbox 2661 2959 2808 3022; x_wconf 90' lang='lat' dir='ltr'>quo-</span> 
     </span>
     <span class='ocr_line' id='line_1_27' title="bbox 335 3040 2808 3125; baseline 0 -18"><span class='ocrx_word' id='word_1_246' title='bbox 335 3061 458 3124; x_wconf 91' lang='lat' dir='ltr'>que</span> <span class='ocrx_word' id='word_1_247' title='bbox 504 3040 897 3106; x_wconf 87' lang='lat' dir='ltr'>solutionem</span> <span class='ocrx_word' id='word_1_248' title='bbox 943 3044 1161 3125; x_wconf 86' lang='lat' dir='ltr'>poscit.</span> <span class='ocrx_word' id='word_1_249' title='bbox 1208 3042 1527 3123; x_wconf 84' lang='lat' dir='ltr'>Quocirca,</span> <span class='ocrx_word' id='word_1_250' title='bbox 1576 3047 1650 3109; x_wconf 91' lang='lat' dir='ltr'>ut</span> <span class='ocrx_word' id='word_1_251' title='bbox 1695 3046 2059 3122; x_wconf 83' lang='lat' dir='ltr'>videbimus,</span> <span class='ocrx_word' id='word_1_252' title='bbox 2099 3045 2396 3109; x_wconf 87' lang='lat' dir='ltr'>Doctores</span> <span class='ocrx_word' id='word_1_253' title='bbox 2445 3044 2544 3106; x_wconf 85' lang='lat' dir='ltr'>vix</span> <span class='ocrx_word' id='word_1_254' title='bbox 2582 3044 2808 3107; x_wconf 84' lang='lat' dir='ltr'>dissen-</span> 
     </span>
     <span class='ocr_line' id='line_1_28' title="bbox 334 3143 1331 3228; baseline 0.002 -20"><span class='ocrx_word' id='word_1_255' title='bbox 334 3144 570 3209; x_wconf 84' lang='lat' dir='ltr'>tientes</span> <span class='ocrx_word' id='word_1_256' title='bbox 600 3143 764 3207; x_wconf 88' lang='lat' dir='ltr'>inter</span> <span class='ocrx_word' id='word_1_257' title='bbox 799 3163 863 3208; x_wconf 88' lang='lat' dir='ltr'>se</span> <span class='ocrx_word' id='word_1_258' title='bbox 902 3144 1020 3209; x_wconf 85' lang='lat' dir='ltr'>dici</span> <span class='ocrx_word' id='word_1_259' title='bbox 1050 3148 1331 3228; x_wconf 86' lang='lat' dir='ltr'>possunt.</span> 
     </span>
    </p>

    <p class='ocr_par' dir='ltr' id='par_1_6' title="bbox 334 3245 2878 3744">
     <span class='ocr_line' id='line_1_29' title="bbox 427 3245 2811 3331; baseline -0.001 -20"><span class='ocrx_word' id='word_1_260' title='bbox 427 3248 515 3311; x_wconf 83' lang='lat' dir='ltr'>Et</span> <span class='ocrx_word' id='word_1_261' title='bbox 548 3265 697 3310; x_wconf 89' lang='lat' dir='ltr'>sane</span> <span class='ocrx_word' id='word_1_262' title='bbox 734 3247 800 3309; x_wconf 88' lang='lat'>1⁰</span> <span class='ocrx_word' id='word_1_263' title='bbox 831 3248 883 3311; x_wconf 90' lang='lat' dir='ltr'>si</span> <span class='ocrx_word' id='word_1_264' title='bbox 920 3247 1059 3328; x_wconf 89' lang='lat' dir='ltr'>quis</span> <span class='ocrx_word' id='word_1_265' title='bbox 1095 3248 1188 3312; x_wconf 86' lang='lat' dir='ltr'>ita</span> <span class='ocrx_word' id='word_1_266' title='bbox 1219 3251 1314 3313; x_wconf 90' lang='lat' dir='ltr'>est</span> <span class='ocrx_word' id='word_1_267' title='bbox 1352 3249 1558 3312; x_wconf 90' lang='lat' dir='ltr'>animo</span> <span class='ocrx_word' id='word_1_268' title='bbox 1598 3251 2016 3330; x_wconf 76' lang='lat' dir='ltr'>comparatus,</span> <span class='ocrx_word' id='word_1_269' title='bbox 2050 3249 2124 3311; x_wconf 87' lang='lat' dir='ltr'>ut</span> <span class='ocrx_word' id='word_1_270' title='bbox 2155 3247 2307 3310; x_wconf 87' lang='lat' dir='ltr'>velit</span> <span class='ocrx_word' id='word_1_271' title='bbox 2339 3264 2538 3331; x_wconf 88' lang='lat' dir='ltr'>agere,</span> <span class='ocrx_word' id='word_1_272' title='bbox 2565 3245 2811 3309; x_wconf 87' lang='lat' dir='ltr'>etiamsi</span> 
     </span>
     <span class='ocr_line' id='line_1_30' title="bbox 334 3347 2816 3435; baseline -0.001 -23"><span class='ocrx_word' id='word_1_273' title='bbox 334 3348 555 3434; x_wconf 82' lang='lat' dir='ltr'>gravis</span> <span class='ocrx_word' id='word_1_274' title='bbox 602 3349 688 3411; x_wconf 86' lang='lat' dir='ltr'>sit</span> <span class='ocrx_word' id='word_1_275' title='bbox 737 3349 942 3430; x_wconf 90' lang='lat' dir='ltr'>culpa,</span> <span class='ocrx_word' id='word_1_276' title='bbox 992 3349 1112 3414; x_wconf 81' lang='lat' dir='ltr'>iste</span> <span class='ocrx_word' id='word_1_277' title='bbox 1158 3353 1323 3415; x_wconf 88' lang='lat' dir='ltr'>certe</span> <span class='ocrx_word' id='word_1_278' title='bbox 1354 3351 1632 3435; x_wconf 86' lang='lat' dir='ltr'>graviter</span> <span class='ocrx_word' id='word_1_279' title='bbox 1661 3349 1984 3431; x_wconf 88' lang='lat' dir='ltr'>delinquit.</span> <span class='ocrx_word' id='word_1_280' title='bbox 2017 3349 2098 3413; x_wconf 87' lang='lat' dir='ltr'>Et</span> <span class='ocrx_word' id='word_1_281' title='bbox 2143 3350 2301 3413; x_wconf 91' lang='lat' dir='ltr'>hanc</span> <span class='ocrx_word' id='word_1_282' title='bbox 2332 3347 2580 3430; x_wconf 88' lang='lat' dir='ltr'>quidem</span> <span class='ocrx_word' id='word_1_283' title='bbox 2624 3347 2816 3431; x_wconf 86' lang='lat' dir='ltr'>hypo·</span> 
     </span>
     <span class='ocr_line' id='line_1_31' title="bbox 336 3450 2816 3536; baseline 0 -22"><span class='ocrx_word' id='word_1_284' title='bbox 336 3451 575 3515; x_wconf 85' lang='lat' dir='ltr'>thesim</span> <span class='ocrx_word' id='word_1_285' title='bbox 628 3468 777 3533; x_wconf 87' lang='lat' dir='ltr'>prae</span> <span class='ocrx_word' id='word_1_286' title='bbox 825 3451 1018 3515; x_wconf 88' lang='lat' dir='ltr'>oculis</span> <span class='ocrx_word' id='word_1_287' title='bbox 1066 3450 1290 3516; x_wconf 89' lang='lat' dir='ltr'>habere</span> <span class='ocrx_word' id='word_1_288' title='bbox 1336 3451 1431 3516; x_wconf 92' lang='lat' dir='ltr'>illi</span> <span class='ocrx_word' id='word_1_289' title='bbox 1477 3451 1782 3522; x_wconf 88' lang='lat' dir='ltr'>videntur,</span> <span class='ocrx_word' id='word_1_290' title='bbox 1832 3452 1941 3533; x_wconf 90' lang='lat' dir='ltr'>qui</span> <span class='ocrx_word' id='word_1_291' title='bbox 1970 3452 2208 3530; x_wconf 85' lang='lat' dir='ltr'>docent,</span> <span class='ocrx_word' id='word_1_292' title='bbox 2259 3470 2496 3534; x_wconf 86' lang='lat' dir='ltr'>semper</span> <span class='ocrx_word' id='word_1_293' title='bbox 2540 3450 2816 3536; x_wconf 85' lang='lat' dir='ltr'>graviter</span> 
     </span>
     <span class='ocr_line' id='line_1_32' title="bbox 336 3551 2878 3640; baseline 0.001 -24"><span class='ocrx_word' id='word_1_294' title='bbox 336 3553 608 3636; x_wconf 81' lang='lat' dir='ltr'>peccari.</span> <span class='ocrx_word' id='word_1_295' title='bbox 646 3551 971 3617; x_wconf 88' lang='lat' dir='ltr'>Sententia</span> <span class='ocrx_word' id='word_1_296' title='bbox 1017 3571 1161 3618; x_wconf 88' lang='lat' dir='ltr'>vera</span> <span class='ocrx_word' id='word_1_297' title='bbox 1208 3557 1302 3619; x_wconf 89' lang='lat' dir='ltr'>est</span> <span class='ocrx_word' id='word_1_298' title='bbox 1348 3554 1413 3618; x_wconf 90' lang='lat' dir='ltr'>in</span> <span class='ocrx_word' id='word_1_299' title='bbox 1457 3554 1574 3620; x_wconf 92' lang='lat' dir='ltr'>hac</span> <span class='ocrx_word' id='word_1_300' title='bbox 1618 3555 1981 3640; x_wconf 72' lang='lat' dir='ltr'>hypothesi:</span> <span class='ocrx_word' id='word_1_301' title='bbox 2031 3556 2134 3620; x_wconf 89' lang='lat' dir='ltr'>sed</span> <span class='ocrx_word' id='word_1_302' title='bbox 2181 3555 2338 3621; x_wconf 87' lang='lat' dir='ltr'>falso</span> <span class='ocrx_word' id='word_1_303' title='bbox 2385 3554 2664 3640; x_wconf 87' lang='lat' dir='ltr'>fingitur,</span> <span class='ocrx_word' id='word_1_304' title='bbox 2712 3555 2818 3618; x_wconf 88' lang='lat' dir='ltr'>ho·</span> <span class='ocrx_word' id='word_1_305' title='bbox 2869 3571 2878 3578; x_wconf 90' lang='grc'><em>·</em></span> 
     </span>
     <span class='ocr_line' id='line_1_33' title="bbox 335 3655 2770 3744; baseline 0.002 -26"><span class='ocrx_word' id='word_1_306' title='bbox 335 3657 603 3729; x_wconf 82' lang='lat' dir='ltr'>minem,</span> <span class='ocrx_word' id='word_1_307' title='bbox 638 3673 783 3719; x_wconf 88' lang='lat' dir='ltr'>cum</span> <span class='ocrx_word' id='word_1_308' title='bbox 816 3655 1006 3720; x_wconf 88' lang='lat' dir='ltr'>dubio</span> <span class='ocrx_word' id='word_1_309' title='bbox 1038 3656 1151 3721; x_wconf 91' lang='lat' dir='ltr'>illo</span> <span class='ocrx_word' id='word_1_310' title='bbox 1185 3660 1492 3742; x_wconf 89' lang='lat' dir='ltr'>agentem,</span> <span class='ocrx_word' id='word_1_311' title='bbox 1527 3676 1767 3741; x_wconf 86' lang='lat' dir='ltr'>semper</span> <span class='ocrx_word' id='word_1_312' title='bbox 1804 3679 1933 3724; x_wconf 87' lang='lat' dir='ltr'>esse</span> <span class='ocrx_word' id='word_1_313' title='bbox 1965 3661 2051 3724; x_wconf 88' lang='lat' dir='ltr'>sic</span> <span class='ocrx_word' id='word_1_314' title='bbox 2083 3660 2289 3725; x_wconf 89' lang='lat' dir='ltr'>animo</span> <span class='ocrx_word' id='word_1_315' title='bbox 2322 3662 2770 3744; x_wconf 88' lang='lat' dir='ltr'>comparatum.</span> 
     </span>
    </p>

    <p class='ocr_par' dir='ltr' id='par_1_7' title="bbox 334 3758 2829 4565">
     <span class='ocr_line' id='line_1_34' title="bbox 530 3758 2820 3848; baseline 0.003 -27"><span class='ocrx_word' id='word_1_316' title='bbox 530 3759 603 3821; x_wconf 82' lang='lat'>2⁰</span> <span class='ocrx_word' id='word_1_317' title='bbox 646 3758 775 3822; x_wconf 88' lang='lat' dir='ltr'>Alii</span> <span class='ocrx_word' id='word_1_318' title='bbox 820 3758 1057 3833; x_wconf 89' lang='lat' dir='ltr'>dicunt,</span> <span class='ocrx_word' id='word_1_319' title='bbox 1106 3779 1296 3844; x_wconf 86' lang='lat' dir='ltr'>grave</span> <span class='ocrx_word' id='word_1_320' title='bbox 1341 3762 1440 3825; x_wconf 89' lang='lat' dir='ltr'>vel</span> <span class='ocrx_word' id='word_1_321' title='bbox 1484 3762 1619 3827; x_wconf 90' lang='lat' dir='ltr'>leve</span> <span class='ocrx_word' id='word_1_322' title='bbox 1665 3764 2034 3828; x_wconf 85' lang='lat' dir='ltr'>censendum</span> <span class='ocrx_word' id='word_1_323' title='bbox 2070 3783 2199 3829; x_wconf 89' lang='lat' dir='ltr'>esse</span> <span class='ocrx_word' id='word_1_324' title='bbox 2245 3765 2586 3848; x_wconf 88' lang='lat' dir='ltr'>peccatum,</span> <span class='ocrx_word' id='word_1_325' title='bbox 2636 3764 2820 3846; x_wconf 89' lang='lat' dir='ltr'>prout</span> 
     </span>
     <span class='ocr_line' id='line_1_35' title="bbox 334 3861 2823 3948; baseline 0.001 -23"><span class='ocrx_word' id='word_1_326' title='bbox 334 3867 435 3926; x_wconf 84' lang='lat' dir='ltr'>est</span> <span class='ocrx_word' id='word_1_327' title='bbox 475 3861 802 3926; x_wconf 80' lang='lat' dir='ltr'>obiectum</span> <span class='ocrx_word' id='word_1_328' title='bbox 841 3862 1099 3944; x_wconf 87' lang='lat' dir='ltr'>peccati.</span> <span class='ocrx_word' id='word_1_329' title='bbox 1150 3862 1235 3927; x_wconf 85' lang='lat' dir='ltr'>Et</span> <span class='ocrx_word' id='word_1_330' title='bbox 1279 3863 1504 3929; x_wconf 89' lang='lat' dir='ltr'>horum</span> <span class='ocrx_word' id='word_1_331' title='bbox 1549 3867 1712 3931; x_wconf 88' lang='lat' dir='ltr'>ratio</span> <span class='ocrx_word' id='word_1_332' title='bbox 1744 3867 1894 3931; x_wconf 87' lang='lat' dir='ltr'>haec</span> <span class='ocrx_word' id='word_1_333' title='bbox 1932 3887 2062 3932; x_wconf 89' lang='lat' dir='ltr'>esse</span> <span class='ocrx_word' id='word_1_334' title='bbox 2095 3867 2357 3944; x_wconf 79' lang='lat' dir='ltr'>videtur,</span> <span class='ocrx_word' id='word_1_335' title='bbox 2392 3865 2558 3948; x_wconf 90' lang='lat' dir='ltr'>quod</span> <span class='ocrx_word' id='word_1_336' title='bbox 2604 3883 2823 3928; x_wconf 87' lang='lat' dir='ltr'>conua-</span> 
     </span>
     <span class='ocr_line' id='line_1_36' title="bbox 336 3964 2822 4043; baseline 0.001 -16"><span class='ocrx_word' id='word_1_337' title='bbox 336 3964 557 4028; x_wconf 83' lang='lat' dir='ltr'>turale</span> <span class='ocrx_word' id='word_1_338' title='bbox 606 3964 692 4027; x_wconf 88' lang='lat' dir='ltr'>sit</span> <span class='ocrx_word' id='word_1_339' title='bbox 740 3964 996 4037; x_wconf 86' lang='lat' dir='ltr'>homini,</span> <span class='ocrx_word' id='word_1_340' title='bbox 1047 3966 1120 4028; x_wconf 90' lang='lat' dir='ltr'>ut</span> <span class='ocrx_word' id='word_1_341' title='bbox 1164 3965 1394 4030; x_wconf 87' lang='lat' dir='ltr'>iudicet</span> <span class='ocrx_word' id='word_1_342' title='bbox 1440 3969 1776 4032; x_wconf 88' lang='lat' dir='ltr'>secundum</span> <span class='ocrx_word' id='word_1_343' title='bbox 1824 3969 2062 4034; x_wconf 86' lang='lat' dir='ltr'>obiecta</span> <span class='ocrx_word' id='word_1_344' title='bbox 2109 3971 2172 4033; x_wconf 89' lang='lat' dir='ltr'>et</span> <span class='ocrx_word' id='word_1_345' title='bbox 2219 3967 2473 4043; x_wconf 85' lang='lat' dir='ltr'>addunt,</span> <span class='ocrx_word' id='word_1_346' title='bbox 2523 3965 2822 4030; x_wconf 88' lang='lat' dir='ltr'>eiusmodi</span> 
     </span>
     <span class='ocr_line' id='line_1_37' title="bbox 336 4066 2822 4155; baseline 0 -23"><span class='ocrx_word' id='word_1_347' title='bbox 336 4066 654 4132; x_wconf 83' lang='lat' dir='ltr'>iudicium</span> <span class='ocrx_word' id='word_1_348' title='bbox 689 4083 819 4130; x_wconf 88' lang='lat' dir='ltr'>non</span> <span class='ocrx_word' id='word_1_349' title='bbox 866 4067 1044 4131; x_wconf 89' lang='lat' dir='ltr'>obrui</span> <span class='ocrx_word' id='word_1_350' title='bbox 1077 4087 1184 4151; x_wconf 84' lang='lat' dir='ltr'>per</span> <span class='ocrx_word' id='word_1_351' title='bbox 1230 4067 1415 4133; x_wconf 89' lang='lat' dir='ltr'>dubia</span> <span class='ocrx_word' id='word_1_352' title='bbox 1455 4088 1563 4135; x_wconf 89' lang='lat' dir='ltr'>seu</span> <span class='ocrx_word' id='word_1_353' title='bbox 1601 4072 1997 4155; x_wconf 77' lang='lat' dir='ltr'>suspicioneS,</span> <span class='ocrx_word' id='word_1_354' title='bbox 2032 4090 2189 4154; x_wconf 89' lang='lat' dir='ltr'>quae</span> <span class='ocrx_word' id='word_1_355' title='bbox 2221 4070 2359 4135; x_wconf 91' lang='lat' dir='ltr'>dein</span> <span class='ocrx_word' id='word_1_356' title='bbox 2406 4068 2822 4134; x_wconf 86' lang='lat' dir='ltr'>suboriantur.</span> 
     </span>
     <span class='ocr_line' id='line_1_38' title="bbox 338 4159 2829 4259; baseline 0.001 -26"><span class='ocrx_word' id='word_1_357' title='bbox 338 4169 651 4254; x_wconf 83' lang='lat' dir='ltr'>Egregie:</span> <span class='ocrx_word' id='word_1_358' title='bbox 703 4166 813 4232; x_wconf 88' lang='lat' dir='ltr'>sed</span> <span class='ocrx_word' id='word_1_359' title='bbox 860 4168 917 4231; x_wconf 84' lang='lat' dir='ltr'>si</span> <span class='ocrx_word' id='word_1_360' title='bbox 964 4187 1153 4254; x_wconf 86' lang='lat' dir='ltr'>agens</span> <span class='ocrx_word' id='word_1_361' title='bbox 1199 4169 1461 4250; x_wconf 85' lang='lat' dir='ltr'>dubitet,</span> <span class='ocrx_word' id='word_1_362' title='bbox 1511 4191 1588 4236; x_wconf 91' lang='lat' dir='ltr'>an</span> <span class='ocrx_word' id='word_1_363' title='bbox 1629 4173 1939 4238; x_wconf 87' lang='lat' dir='ltr'>obiectum</span> <span class='ocrx_word' id='word_1_364' title='bbox 1986 4159 2080 4238; x_wconf 84' lang='lat' dir='ltr'>sit</span> <span class='ocrx_word' id='word_1_365' title='bbox 2115 4192 2303 4259; x_wconf 91' lang='lat' dir='ltr'>grave</span> <span class='ocrx_word' id='word_1_366' title='bbox 2335 4173 2434 4237; x_wconf 84' lang='lat' dir='ltr'>vel</span> <span class='ocrx_word' id='word_1_367' title='bbox 2477 4172 2630 4245; x_wconf 83' lang='lat' dir='ltr'>leve,</span> <span class='ocrx_word' id='word_1_368' title='bbox 2679 4173 2829 4236; x_wconf 87' lang='lat' dir='ltr'>haec</span> 
     </span>
     <span class='ocr_line' id='line_1_39' title="bbox 337 4270 2828 4362; baseline 0.003 -26"><span class='ocrx_word' id='word_1_369' title='bbox 337 4272 573 4358; x_wconf 82' lang='lat' dir='ltr'>regula</span> <span class='ocrx_word' id='word_1_370' title='bbox 606 4272 737 4335; x_wconf 86' lang='lat' dir='ltr'>iam</span> <span class='ocrx_word' id='word_1_371' title='bbox 752 4270 910 4334; x_wconf 89' lang='lat' dir='ltr'>nihil</span> <span class='ocrx_word' id='word_1_372' title='bbox 950 4271 1137 4337; x_wconf 86' lang='lat' dir='ltr'>valet.</span> <span class='ocrx_word' id='word_1_373' title='bbox 1166 4270 1454 4339; x_wconf 87' lang='lat' dir='ltr'>Ceterum</span> <span class='ocrx_word' id='word_1_374' title='bbox 1485 4275 1636 4340; x_wconf 89' lang='lat' dir='ltr'>haec</span> <span class='ocrx_word' id='word_1_375' title='bbox 1667 4277 2027 4362; x_wconf 80' lang='lat' dir='ltr'>hypothesis</span> <span class='ocrx_word' id='word_1_376' title='bbox 2061 4277 2184 4342; x_wconf 90' lang='lat' dir='ltr'>alia</span> <span class='ocrx_word' id='word_1_377' title='bbox 2216 4279 2310 4342; x_wconf 87' lang='lat' dir='ltr'>est</span> <span class='ocrx_word' id='word_1_378' title='bbox 2341 4297 2377 4341; x_wconf 93' lang='lat' dir='ltr'>a</span> <span class='ocrx_word' id='word_1_379' title='bbox 2409 4277 2828 4362; x_wconf 83' lang='lat' dir='ltr'>praecedente,</span> 
     </span>
     <span class='ocr_line' id='line_1_40' title="bbox 334 4373 2829 4466; baseline 0.002 -27"><span class='ocrx_word' id='word_1_380' title='bbox 334 4393 467 4456; x_wconf 85' lang='lat' dir='ltr'>qua</span> <span class='ocrx_word' id='word_1_381' title='bbox 494 4373 987 4457; x_wconf 85' lang='lat' dir='ltr'>supponebatur</span> <span class='ocrx_word' id='word_1_382' title='bbox 1015 4375 1200 4440; x_wconf 91' lang='lat' dir='ltr'>homo</span> <span class='ocrx_word' id='word_1_383' title='bbox 1247 4376 1336 4440; x_wconf 88' lang='lat' dir='ltr'>ita</span> <span class='ocrx_word' id='word_1_384' title='bbox 1385 4378 1591 4442; x_wconf 89' lang='lat' dir='ltr'>animo</span> <span class='ocrx_word' id='word_1_385' title='bbox 1617 4382 2033 4463; x_wconf 88' lang='lat' dir='ltr'>comparatus,</span> <span class='ocrx_word' id='word_1_386' title='bbox 2061 4384 2134 4446; x_wconf 91' lang='lat' dir='ltr'>ut</span> <span class='ocrx_word' id='word_1_387' title='bbox 2176 4380 2325 4445; x_wconf 88' lang='lat' dir='ltr'>velit</span> <span class='ocrx_word' id='word_1_388' title='bbox 2357 4400 2557 4466; x_wconf 86' lang='lat' dir='ltr'>agere,</span> <span class='ocrx_word' id='word_1_389' title='bbox 2585 4382 2829 4446; x_wconf 85' lang='lat' dir='ltr'>etiamsi</span> 
     </span>
     <span class='ocr_line' id='line_1_41' title="bbox 344 4475 935 4565; baseline -0.01 -21"><span class='ocrx_word' id='word_1_390' title='bbox 344 4478 577 4565; x_wconf 74' lang='lat' dir='ltr'>gravis</span> <span class='ocrx_word' id='word_1_391' title='bbox 611 4477 698 4541; x_wconf 86' lang='lat' dir='ltr'>sit</span> <span class='ocrx_word' id='word_1_392' title='bbox 732 4475 935 4558; x_wconf 84' lang='lat' dir='ltr'>culpa.</span> 
     </span>
    </p>

    <p class='ocr_par' dir='ltr' id='par_1_8' title="bbox 534 4578 2833 4670">
     <span class='ocr_line' id='line_1_42' title="bbox 534 4578 2833 4670; baseline 0.003 -27"><span class='ocrx_word' id='word_1_393' title='bbox 534 4580 614 4643; x_wconf 84' lang='lat'>3⁰</span> <span class='ocrx_word' id='word_1_394' title='bbox 644 4578 779 4643; x_wconf 82' lang='lat' dir='ltr'>Alii</span> <span class='ocrx_word' id='word_1_395' title='bbox 811 4578 1072 4660; x_wconf 89' lang='lat' dir='ltr'>denique</span> <span class='ocrx_word' id='word_1_396' title='bbox 1108 4579 1274 4661; x_wconf 90' lang='lat' dir='ltr'>iique</span> <span class='ocrx_word' id='word_1_397' title='bbox 1298 4579 1589 4661; x_wconf 77' lang='lat' dir='ltr'>plurimi,</span> <span class='ocrx_word' id='word_1_398' title='bbox 1624 4587 1696 4649; x_wconf 87' lang='lat' dir='ltr'>ut</span> <span class='ocrx_word' id='word_1_399' title='bbox 1742 4587 2015 4649; x_wconf 87' lang='lat' dir='ltr'>testatur</span> <span class='ocrx_word' id='word_1_400' title='bbox 2052 4607 2099 4650; x_wconf 88' lang='lat' dir='ltr'>s.</span> <span class='ocrx_word' id='word_1_401' title='bbox 2134 4587 2488 4670; x_wconf 86' lang='lat' dir='ltr'>Alphonsus</span> <span class='ocrx_word' id='word_1_402' title='bbox 2521 4606 2580 4649; x_wconf 92' lang='lat' dir='ltr'>n.</span> <span class='ocrx_word' id='word_1_403' title='bbox 2616 4587 2721 4649; x_wconf 86' lang='lat'>23.</span> <span class='ocrx_word' id='word_1_404' title='bbox 2771 4589 2833 4650; x_wconf 83' lang='lat' dir='ltr'>et</span> 
     </span>
    </p>
   </div>
  </div>
 </body>
</html>
