3529 5158
717 341 824 394 494
1109 350 1320 391 mmor.
1363 350 1441 389 ιν.
1482 348 1566 387 nn
1604 346 2147 390 0110011113.οΑοπ
2183 350 2221 389 1.
2259 349 2402 391 nna.
2443 351 2507 390 11.
2548 351 2684 392 ΛΒΤ.
2724 351 2789 392 11.
3036 337 3180 412 [536]

723 452 973 535 propter
1009 447 1467 530 corruptionem
1505 445 2016 527 concupiscibilis,
2053 445 2130 510 ad
2166 448 2611 530 cogitationem
2644 448 2870 512 talium
2900 450 3184 532 concupi-

722 552 1031 618 scibilium
1069 550 1288 614 statim
1320 548 1600 630 sequitur
1638 550 1849 612 motus
1895 548 1959 611 in
2005 550 2466 632 concupiscibili
2513 569 2584 614 ex
2631 551 2782 632 ipsis
2812 551 3185 634 concupisci-

723 654 951 718 bilibus
993 653 1308 717 causatus.
1343 651 1689 715 Delectatio
1729 669 1876 734 ergo
1923 651 2052 728 illa,
2087 671 2244 733 quae
2291 652 2738 736 cogitationem
2784 653 3073 735 sequitur
3115 672 3184 718 ex

723 757 898 840 parte
929 755 1129 839 ipsius
1176 753 1596 838 cogitationis,
1639 753 1890 817 omnino
1923 753 2001 816 ad
2048 753 2218 817 aliud
2253 772 2449 838 genus
2479 754 2814 832 reducitur,
2850 774 3044 837 quam
3090 756 3186 820 de-

721 858 974 923 lectatio
999 856 1318 922 exterioris
1343 857 1538 920 actus.
1559 855 1735 919 Unde
1764 855 1913 919 talis
1943 856 2291 933 delectatio,
2312 857 2848 939 qualitercumque
2871 859 3184 923 malorum

718 961 1166 1045 cogitationem
1212 959 1529 1041 sequatur,
1563 958 1809 1039 penitus
1856 975 1976 1021 non
2010 959 2107 1022 est
2136 961 2476 1041 peccatum,
2517 960 2619 1023 sed
2668 960 3001 1025 delectatio
3046 961 3183 1026 lan-

717 1064 943 1129 dabilis
980 1066 1056 1128 ut
1079 1082 1221 1127 cum
1258 1062 1397 1143 quis
1429 1061 1773 1124 delectatur
1802 1061 1865 1124 in
1897 1061 2277 1145 cogitatione
2311 1063 2468 1138 veri3
2505 1063 2602 1127 vel
2633 1064 2686 1128 si
2733 1064 2819 1127 sit
2848 1064 2934 1128 ibi
2971 1065 3182 1146 aliqua

720 1164 1219 1240 immoderantia,
1246 1162 1664 1228 continebitur
1686 1163 1802 1226 sub
1834 1164 2084 1245 peccato
2115 1165 2519 1229 curiositatis.
2547 1164 2664 1230 Sed
2688 1166 2798 1230 illa
2828 1166 3180 1243 delectatio,

719 1288 879 1352 quae
911 1268 1193 1350 sequitur
1230 1265 1675 1348 cogitationem
1706 1285 1777 1328 ex
1811 1267 1986 1347 parte
2014 1266 2104 1330 rei
2136 1267 2469 1351 cogitatae,
2503 1268 2568 1330 in
2599 1267 2761 1332 idem
2792 1287 2993 1352 genus
3025 1270 3185 1333 coin·

721 1373 875 1437 cidit
905 1391 1048 1436 cum
1080 1370 1486 1435 delectatione
1522 1368 1841 1434 exterioris
1874 1371 2069 1433 actus.
2105 1369 2195 1434 Ut
2230 1371 2393 1434 enim
2425 1369 2654 1434 dicitur
2682 1370 2747 1434 in
2781 1372 2852 1432 2ο
2882 1371 3180 1453 1110101)11.,

719 1475 1049 1539 delectatio
1097 1492 1204 1556 per
1252 1492 1314 1536 se
1360 1473 1421 1536 in
1481 1473 1624 1536 actu
1670 1472 1989 1548 consistit3
2040 1472 2146 1536 sed
2199 1473 2428 1555 species
2477 1474 2540 1536 et
2586 1473 2886 1537 memoria
2933 1476 3186 1556 propter

719 1580 932 1642 actum
965 1575 1355 1640 delectabilia
1402 1576 1568 1638 sunt.
1602 1574 1779 1638 Unde
1809 1576 2073 1650 constat,
2108 1575 2274 1656 quod
2304 1575 2451 1639 talis
2484 1576 2812 1641 delectatio
2846 1576 3182 1640 secundum

720 1699 917 1764 genus
964 1698 1149 1744 suum
1195 1677 1546 1742 inordinata
1592 1678 1686 1741 031
1730 1677 1944 1741 eadem
1997 1677 2469 1754 inordinatione,
2519 1698 2642 1759 qua
2690 1679 2786 1742 est
2831 1678 3185 1743 inordinata

724 1782 1051 1846 delectatio
1090 1781 1372 1845 exterior.
1408 1781 1573 1844 Dato
1606 1780 1803 1863 igitur
1848 1779 2014 1861 quod
2044 1780 2373 1845 delectatio
2420 1781 2686 1846 exterior
2724 1781 2810 1845 sit
2853 1781 3187 1845 delectatio

722 1885 957 1967 peccati
988 1883 1294 1960 mortalis,
1334 1885 1486 1946 tunc
1533 1882 1724 1945 etiam
1756 1882 2015 1947 interior
2044 1883 2372 1948 delectatio
2405 1885 2468 1948 in
2500 1903 2565 1948 se
2604 1885 2668 1947 et
2716 1884 3003 1948 absolute
3051 1902 3186 1948 con-

720 1988 992 2052 siderata
1024 1986 1098 2050 de
1138 2004 1357 2069 genere
1404 1986 1639 2068 peccati
1684 1986 1969 2049 mortalis
2015 1985 2150 2049 erit.
2185 1985 2710 2068 Quandocumque
2757 1989 2973 2051 autem
3020 1987 3184 2050 ratio

721 2110 787 2153 ee
822 2088 1079 2152 subiicit
1090 2091 1346 2168 peceato
1375 2086 1632 2151 mortali
1648 2107 1771 2167 per
1796 2086 2325 2166 affrobationem,
2357 2091 2507 2153 tunc
2538 2091 2632 2153 est
2663 2089 2990 2172 peccatum
3027 2108 3184 2154 mor-

720 2192 876 2264 tale3
911 2190 1257 2255 excluditur
1288 2190 1451 2254 enim
1485 2210 1521 2253 a
1568 2190 1807 2254 ratione
1836 2191 2143 2254 rectitudo
2176 2191 2473 2268 iustitiae,
2508 2211 2650 2254 eum
2677 2192 2818 2270 131311
2848 2191 3186 2255 subiit-rtur

716 2292 1047 2374 iniquitati
1069 2313 1192 2373 per
1219 2292 1742 2372 approbationem.
1784 2293 1959 2356 Tunc
1994 2297 2204 2356 autem
2231 2313 2296 2357 se
2325 2293 2582 2357 subiicit
2607 2293 2751 2357 huie
2787 2293 3187 2358 delectationi

708 2416 1063 2475 perversae,
1096 2395 1347 2476 quando
1369 2396 1443 2458 in
1464 2416 1602 2459 eam
1636 2396 1958 2459 consentit.
1993 2393 2075 2458 Et
2098 2396 2247 2460 haec
2271 2398 2367 2460 est
2388 2395 2588 2478 prima
2613 2397 2934 2474 subiectio,
2972 2416 3097 2479 qua
3129 2397 3182 2460 ei

720 2517 784 2562 se
838 2498 1090 2562 subiicit
1135 2501 1199 2563 et
1243 2518 1314 2564 ex
1368 2500 1483 2562 hac
1529 2498 1907 2563 subiectione
1953 2499 2351 2581 consequitur
2411 2500 2796 2582 quandoque,
2850 2503 2926 2564 ut
2980 2500 3182 2585 ipsum

718 2605 931 2665 actum
978 2602 1402 2666 inordinatum
1449 2602 1644 2685 eligat
1676 2604 1926 2685 propter
1957 2603 2115 2666 hanc
2160 2602 2630 2666 delectationem
2676 2603 3012 2686 perfectius
3044 2623 3185 2668 con-

716 2704 1133 2785 sequendam..
1169 2705 1251 2767 Et
1296 2706 1530 2785 quanto
1580 2705 1655 2767 ad
1702 2705 1908 2787 plures
1956 2705 2438 2769 inordinationes
2484 2705 2686 2769 tendit
2732 2705 2809 2769 ad
2845 2706 2987 2782 hoc,
3023 2706 3183 2788 quod

719 2806 1193 2870 delectationem
1224 2808 1655 2886 consequatur,
1690 2808 1870 2871 tanto
1902 2808 2104 2891 magis
2138 2808 2199 2871 in
2231 2809 2481 2891 peccato
2513 2807 2927 2892 progreditur.
2963 2809 3186 2874 Totius

716 2909 928 2973 tamen
959 2908 1142 2971 istius
1175 2926 1542 2991 progressus
1575 2909 1774 2991 prima
1805 2909 1982 2973 radix
2018 2910 2138 2974 erit
2166 2908 2277 2972 me
2306 2929 2661 2983 00113οη0113,
2686 2930 2806 2991 quo
2836 2910 3188 2975 delectatio-

717 3032 859 3075 nem
885 3014 1261 3092 acceptavit:
1287 3012 1450 3076 unde
1478 3012 1564 3075 ibi
1598 3014 1919 3095 peccatum
1950 3014 2214 3077 mortale
2236 3014 2582 3078 inchoatur.
2611 3013 2787 3078 Unde
2819 3014 3188 3097 simpliciter

716 3116 1127 3191 concedimus,
1156 3134 1520 3182 consensum
1552 3117 1613 3179 in
1638 3115 2109 3180 delectationem
2140 3115 2563 3180 fornicationis
2596 3116 2696 3179 vel
2726 3116 2988 3181 alterius
3019 3137 3184 3182 mor-

716 3219 865 3283 talis
915 3222 1236 3302 peccatum
1282 3237 1414 3282 esse
1457 3218 1743 3283 mortale.
1779 3217 1869 3281 Ex
1916 3236 2038 3299 quo
2086 3218 2384 3299 sequitur,
2433 3217 2599 3299 quod
2644 3217 2947 3300 quidquid
2997 3221 3180 3285 homo

714 3322 852 3406 agit
894 3342 967 3385 ex
1014 3341 1315 3387 consensu
1361 3321 1508 3385 talis
1558 3320 2006 3396 delectationis,
2042 3320 2119 3384 ad
2156 3321 2272 3385 hoc
2318 3324 2391 3384 111
2437 3321 2795 3386 huiusmodi
2824 3322 3182 3387 delectatio-

715 3443 855 3488 nem
892 3425 1135 3488 nutriat
1179 3425 1277 3488 vel
1324 3426 1551 3499 teneat,
1593 3424 1754 3487 sicut
1787 3424 1936 3487 311111
1965 3425 2177 3506 turpes
2221 3426 2397 3488 actus
2441 3424 2543 3488 vel
2587 3423 2916 3489 libidinosa
2968 3427 3180 3491 oscula

716 3526 814 3589 vel
846 3527 1081 3607 aliquid
1114 3526 1490 3601 huiusmodi,
1526 3528 1733 3591 totum
1766 3528 1861 3589 est
1891 3526 2213 3608 peccatum
2243 3527 2507 3590 mortale
2538 3552 2598 3590 ».

805 3624 978 3698 536.
1026 3628 1296 3692 Beatum
1334 3630 1520 3692 huius
1553 3629 1810 3692 alterius
1841 3627 2268 3693 delectationis
2305 3629 2484 3693 docet
2514 3630 2579 3693 et
2612 3628 2861 3703 Suarez,
2897 3629 3048 3694 dum
3093 3631 3182 3695 310

713 3733 1199 3815 argumentatur
1244 3731 1318 3793 de
1355 3729 1606 3794 Peccat.
1641 3731 1796 3812 disp.
1833 3732 1892 3793 5.
1928 3732 2074 3795 sect.
2113 3732 2169 3795 7.
2206 3752 2263 3794 n.
2307 3733 2397 3795 5.:
2432 3756 2468 3790 «
2500 3731 2669 3814 Opus
2716 3735 2780 3796 et
2826 3732 3178 3809 delectatio,

712 3852 874 3915 quae
919 3851 992 3896 ex
1031 3832 1142 3897 illo
1175 3833 1470 3909 nascitur,
1505 3833 1567 3895 in
1598 3833 1941 3897 moralibus
1971 3853 2094 3898 non
2125 3836 2274 3897 sunt
2303 3834 2460 3909 1111ος
2497 3834 2656 3898 unde
2686 3852 2811 3898 uno
2844 3834 3183 3917 eodemque

713 3936 1042 4018 praecepto
1076 3935 1480 4018 prohibentur
1503 3936 1567 3998 et
1595 3935 1907 4000 malitiam
1939 3936 2170 4001 habent
2200 3936 2471 4000 eiusdem
2502 3937 2799 4001 rationis:
2827 3939 2897 4001 at
2928 3956 3079 4003 vero
3111 3939 3178 4014 13,

708 4039 819 4119 qui
867 4038 1211 4102 delectatur
1241 4038 1305 4101 in
1340 4055 1519 4120 opere
1551 4038 1850 4121 cogitato,
1886 4039 2031 4103 actu
2067 4037 2300 4103 fruitur
2329 4039 2735 4103 delectatione
2780 4039 3063 4105 eiusdem
3093 4060 3183 4105 ra·

713 4142 902 4205 tionis
933 4143 1123 4223 atque
1158 4142 1308 4206 adeo
1341 4142 1615 4207 eiusdem
1639 4142 2046 4225 turpitudinis
2069 4162 2212 4206 cum
2241 4142 2666 4219 delectatione,
2700 4162 2862 4224 quae
2895 4163 2971 4208 ex
3005 4163 3182 4228 opere

712 4243 775 4306 in
807 4262 872 4306 re
909 4243 1044 4325 ipsa
1077 4245 1387 4313 nascitur:
1423 4263 1570 4327 ergo
1607 4245 1718 4310 illa
1755 4245 2083 4311 delectatio
2116 4248 2210 4310 est
2241 4246 2554 4329 prohibita
2586 4271 2646 4309 ».

804 4346 967 4409 Item
989 4366 1121 4409 rem
1145 4346 1473 4411 confirmat
1496 4348 1613 4412 hoc
1638 4348 1760 4412 alio
1789 4350 2178 4431 argumento,
2196 4349 2361 4431 quod
2386 4348 2598 4414 eodem
2620 4346 2944 4413 collineat:
2964 4374 3003 4410 α
3026 4347 3181 4415 Con-

714 4445 1031 4521 firmatur,
1058 4468 1205 4513 nam
1232 4468 1550 4531 nunquam
1583 4469 1737 4533 opus
1770 4450 1926 4515 illud
1956 4451 2307 4529 delectaret,
2334 4451 2498 4533 quod
2521 4451 2871 4536 cogitatum
2903 4455 3019 4531 est,
3049 4454 3181 4517 nisi

713 4549 915 4627 ipsum
947 4550 1284 4614 seeundum
1313 4572 1379 4615 se
1406 4556 1770 4631 amaretur,-
1803 4574 1947 4619 nam
1977 4554 2279 4638 cogitatio
2311 4554 2517 4619 30111111
2552 4556 2648 4619 031
2677 4553 2952 4620 0011111110
2985 4574 3179 4637 quae-
