3529 5158
356 298 498 373 [196]
865 314 1248 356 amoma-A
1285 318 1334 358 s.
1371 316 1674 358 mosei
1711 316 1832 358 ruo
1868 314 2320 357 nomn-1810
2709 300 2820 355 225

359 434 393 467 ‹
422 409 582 473 dunt
623 410 1016 475 intolerabile
1051 413 1274 496 iugum
1318 412 1563 476 divinae
1591 412 1771 497 legis,
1804 412 1971 493 quod
2001 410 2290 476 Christus
2322 411 2631 475 Dominus
2658 411 2817 475 dixit

360 536 392 568 «
422 530 553 575 esse
574 513 710 577 leve
740 516 806 577 et,
827 533 1037 578 suave.
1070 514 1420 579 Audiamus
1441 534 1744 599 magnum
1768 513 2126 589 Gersonem,
2159 514 2271 595 qui
2298 538 2337 571 ‹
2366 512 2443 577 de
2492 513 2637 577 Vita
2656 515 2812 592 spa’r.

361 640 392 670 ι
422 613 562 677 lect,
595 616 658 677 4.
708 616 816 679 sic.
862 616 1174 697 loquitur:
1213 616 1521 680 Doctores
1569 615 1836 698 theoloye·
1870 636 1999 680 non
2033 616 2259 680 debent
2292 636 2423 680 esse
2466 614 2687 695 faciles
2729 614 2820 678 ad

360 740 392 772 «
422 715 847 790 asserendum,
876 717 1098 799 aliqua
1142 738 1274 782 esse
1305 722 1570 799 peccata
1615 717 1935 791 mortalia,
1966 718 2079 782 ubi
2112 738 2241 782 non
2269 722 2423 783 sunt
2455 719 2664 800 (nota)
2693 738 2820 781 cer·

360 842 392 874 «
425 818 655 881 ukm‘nni
697 819 773 882 de
818 841 934 895 re,·
981 842 1128 883 nam
1161 842 1285 901 per
1319 821 1625 885 eiusnwdi
1667 823 2051 886 assertimws
2096 821 2513 895 voluntarias,
2550 821 2815 903 ήρίᾱαε,

359 944 392 977 ‹
421 918 618 984 duras
645 924 711 984 et
751 923 944 986 nimis
985 925 1243 987 strictas
1289 926 1358 986 in
1394 924 1579 988 rebus
1609 924 1924 988 mu‘versis
1954 944 2349 1005 nequaquam
2376 928 2687 987 eruuntur
2715 923 2819 987 110-

359 1045 390 1077 «
421 1022 622 1086 aedues
662 1045 708 1085 a
751 1023 883 1088 luto
914 1029 1336 1104 peccatorum,
1367 1026 1481 1090 sed
1507 1027 1576 1089 in
1609 1026 1778 1089 illud
1791 1025 2203 1106 profundius,
2235 1028 2390 1108 quia
2412 1026 2814 1106 disper-attus,

359 1147 391 1177 «
420 1122 885 1207 ‹lemerywown
909 1126 1103 1191 Addit
1125 1128 1402 1192 demum:
1446 1127 1618 1207 Quid
1621 1127 1906 1208 prodest,
1930 1129 2056 1192 imo
2077 1128 2238 1210 quid
2254 1148 2383 1192 non
2411 1128 2620 1193 obstat
2643 1149 2816 1192 coar-

358 1251 392 1283 «
417 1230 588 1290 ctare
605 1226 762 1306 plus
794 1229 956 1292 iusto
985 1229 1353 1293 mndatum
1371 1228 1504 1293 Dei
1523 1230 1694 1311 quod
1717 1235 1815 1294 est
1848 1229 2049 1295 latum
2084 1232 2331 1295 nimis?
2370 1230 2541 1311 Quid
2565 1230 2819 1310 expedit

358 1353 391 1387 ‹
417 1331 679 1409 grauius
708 1330 965 1397 rezfflere
1009 1331 1178 1395 illud
1210 1331 1473 1407 Christi,
1513 1334 1749 1415 ἐπιφανῆ,
1783 1333 1952 1413 quod
1993 1354 2183 1398 suave
2228 1337 2324 1397 est
2350 1338 2413 1397 et
2445 1353 2605 1397 onus
2641 1332 2818 1397 leve?

359 1456 390 1488 «
419 1432 583 1497 Hinc
607 1452 744 1497 ven.
777 1455 837 1516 p.
869 1435 1106 1499 Paulus
1131 1434 1383 1519 Segneri
1414 1436 1553 1517 (qui
1576 1436 1656 1500 ob
1687 1437 1856 1500 vitae
1888 1436 2289 1502 sanctitatem
2318 1438 2555 1519 quanto
2584 1437 2812 1501 merito

359 1560 390 1591 ‹
422 1536 610 1599 fuerit
632 1536 798 1619 apud
820 1537 1025 1601 Deum
1047 1538 1202 1603 satis
1225 1538 1488 1602 historia
1518 1539 1653 1602 eius
1683 1540 2007 1621 gestorum
2043 1538 2344 1619 testatur)
2373 1538 2608 1611 scribit,
2641 1538 2811 1618 quod

359 1661 390 1694 α
421 1638 475 1701 si
503 1638 636 1720 ipse
680 1640 965 1721 putasset
997 1657 1122 1703 non
1169 1658 1348 1722 posse
1395 1639 1571 1722 sequi
1616 1639 1935 1721 opiniones
1978 1639 2187 1703 minus
2225 1641 2417 1713 tutas,
2451 1639 2571 1703 nisi
2606 1640 2814 1702 essent

359 1766 390 1796 ι
421 1740 882 1822 probabiliores,
907 1742 1202 1806 nescisset
1244 1742 1503 1806 modum
1548 1760 1673 1823 quo
1719 1741 1934 1805 salvus
1968 1740 2103 1805 fieri
2149 1740 2476 1823 potuisset.
2508 1738 2610 1803 Sic
2645 1739 2810 1803 enim

358 1867 390 1899 «
421 1843 691 1907 dicebat:
731 1845 830 1908 vel
859 1846 1076 1909 teneor
1109 1845 1286 1926 sequi
1317 1843 1786 1923 probabiliores
1830 1845 1899 1907 iu
1943 1863 2031 1921 se,
2064 1845 2129 1908 et
2150 1845 2301 1907 tunc
2337 1841 2584 1925 quando
2616 1844 2811 1907 sciam

355 1969 390 2002 ‹
419 1964 579 2027 quae
615 1946 823 2029 opinio
853 1947 940 2011 sit
969 1966 1110 2011 vere
1141 1947 1521 2030 probabilior
1557 1948 1657 2011 tot
1684 1947 1750 2010 in
1781 1946 2047 2023 casibuS,
2080 1946 2188 2009 ubi
2222 1964 2445 2030 graves
2476 1947 2813 2010 occurrunt.

352 2072 387 2105 ‹
417 2048 690 2112 rationes
720 2052 786 2111 et
829 2049 1238 2113 auctoritates
1267 2049 1410 2113 hinc
1439 2048 1579 2113 inde
1620 2048 1983 2132 oppositae?
2018 2048 2117 2112 vel
2135 2046 2599 2126 probabiliores
2626 2045 2805 2121 mihi,

351 2175 386 2207 α
416 2152 482 2214 et
526 2150 818 2234 angustia
866 2156 1233 2235 augeretun
1280 2171 1429 2216 nam
1473 2170 1655 2234 saepe
1698 2150 1857 2215 mihi
1903 2151 2218 2233 oporteret
2259 2149 2552 2227 iudicare,
2599 2168 2806 2213 meam

350 2276 385 2309 ‹
419 2252 770 2334 opinionem
801 2271 932 2317 esse
979 2253 1457 2335 probabiliorem
1486 2255 1706 2319 contra
1742 2253 1934 2316 aliam
1964 2252 2239 2335 plurium
2269 2252 2645 2334 sapientium
2675 2271 2809 2315 seu·

348 2378 383 2411 ‹
415 2355 678 2419 tentiam
723 2357 790 2418 et
831 2357 984 2419 tunc
1027 2355 1169 2436 quis
1202 2375 1303 2419 me
1348 2357 1563 2419 tutum
1595 2354 1828 2431 reddet,
1861 2354 2029 2436 quod
2072 2373 2212 2418 mea
2259 2354 2466 2436 opinio
2512 2354 2599 2417 sit
2642 2358 2809 2418 certe

347 2481 382 2512 ι
414 2457 792 2539 probabilior
835 2459 899 2521 et
942 2457 1321 2539 probabilior
1365 2476 1509 2522 cum
1554 2457 1666 2521 illa
1697 2457 1961 2521 notabili
2004 2455 2576 2539 praeponderantia,
2614 2475 2807 2537 quam

347 2585 383 2617 ‹
416 2558 613 2642 aliqui
641 2579 712 2626 ex
744 2560 1072 2625 contrariis
1108 2560 1482 2642 requirunt-⁴?
1518 2558 1843 2640 Quomodo
1875 2561 2081 2625 certus
2126 2559 2295 2636 fiam,
2334 2558 2501 2642 quod
2544 2557 2676 2642 ipse
2712 2577 2807 2623 ra·

347 2687 383 2719 ‹
416 2663 616 2727 tiones
649 2663 966 2746 appositas
1010 2662 1162 2727 bene
1207 2663 1616 2728 intellexerim
1645 2666 1712 2727 et
1740 2663 1893 2728 bene
1914 2662 2254 2728 solverim?
2283 2660 2463 2741 Quod
2498 2662 2807 2726 dictamen

350 2789 386 2823 α
415 2765 842 2843 conscientiae,
881 2766 1048 2848 quod
1090 2765 1248 2830 mihi
1292 2765 1579 2842 formavi,
1628 2765 1716 2829 sit
1762 2767 1919 2830 satis
1964 2768 2205 2831 certum
2234 2766 2301 2830 et
2330 2765 2591 2829 tutum?
2627 2763 2807 2844 Quod

348 2892 384 2924 ‹
414 2867 837 2932 hallucinatus
860 2886 982 2932 non
1013 2868 1238 2932 fuerim
1262 2887 1301 2932 a
1332 2867 1581 2951 proprio
1605 2886 1812 2945 sensu,
1843 2868 1938 2933 ita
1966 2871 2062 2945 ut,
2096 2869 2148 2933 si
2181 2886 2399 2945 errem,
2430 2885 2602 2932 error
2630 2886 2809 2932 meus

346 2995 382 3027 ‹
416 2970 501 3034 sit
537 2990 678 3035 vere
713 2970 1089 3035 invincibilis
1133 2975 1198 3035 et.
1227 2970 1624 3053 inculpabilis
1642 2973 1672 3033 Ρ
1709 2996 1746 3028 ›

436 3099 471 3130 ‹
503 3073 584 3138 Et
612 3092 846 3150 revera,
878 3073 1043 3154 quod
1073 3073 1139 3136 in
1171 3072 1566 3156 opinionibus
1610 3073 1950 3137 maximam
1987 3073 2230 3153 partem
2276 3071 2396 3135 sibi
2426 3090 2640 3134 sensus
2671 3089 2809 3152 pro-

347 3201 380 3235 «
411 3177 583 3260 prius
614 3177 743 3241 sive
780 3177 986 3259 passio
1035 3175 1304 3241 vindicet
1349 3178 1412 3240 et
1457 3194 1582 3238 non
1613 3175 1798 3250 ratio,
1832 3173 2065 3256 passim
2112 3172 2337 3235 accidit.
2365 3171 2564 3235 doctis
2610 3174 2675 3233 et
2720 3172 2806 3234 in·

344 3303 379 3336 ‹
408 3278 643 3354 doctis3
692 3280 819 3343 imo
867 3279 1114 3361 saepius
1145 3278 1350 3342 evenit
1381 3277 1609 3353 doctis;
1648 3276 1797 3357 quia
1827 3275 2075 3339 facilius
2103 3275 2201 3337 est
2230 3272 2503 3337 rationes
2532 3272 2806 3336 invenire

347 3406 382 3440 ‹
412 3380 491 3445 ad
537 3382 658 3445 sibi
701 3380 1105 3456 suadendum,
1137 3380 1305 3462 quod
1350 3379 1582 3443 verit-as
1621 3378 1706 3442 sit
1741 3396 1815 3442 ex
1852 3396 1925 3441 ea
1956 3378 2153 3459 parte,
2187 3375 2250 3439 in
2281 3393 2473 3456 quam
2516 3375 2719 3459 magis
2767 3393 2806 3438 3

350 3508 385 3542 ‹
417 3484 700 3567 passione
744 3483 1060 3548 feruntur:
1119 3481 1560 3563 Unusquisque
1595 3477 1874 3559 faciliter
1915 3477 2117 3543 credit
2157 3477 2326 3559 quod
2355 3478 2611 3557 alpem,
2657 3478 2811 3542 dicit

346 3612 380 3645 ι
416 3607 465 3652 a.
500 3587 794 3652 Thomas.
827 3583 1164 3651 Considera
1200 3584 1583 3650 scotisticam
1633 3582 1912 3647 scholam
1949 3601 1985 3645 a
2022 3584 2124 3647 tot
2161 3581 2384 3647 seculis
2413 3580 2810 3646 themisticae

345 3713 378 3747 «
409 3688 790 3773 oppositam:
839 3708 948 3772 per
983 3687 1133 3752 haec
1180 3690 1463 3770 tempora
1509 3685 1756 3749 nullum
1800 3684 2067 3769 legimus
2114 3685 2230 3748 aut
2258 3704 2331 3748 ex
2360 3683 2659 3748 fratribus
2688 3683 2806 3747 Mi-

344 3817 378 3850 «
409 3791 665 3856 notibus
711 3791 1008 3855 doctrinis
1039 3789 1271 3854 ordinis
1318 3788 1831 3853 Praedicatorum
1863 3786 2232 3862 adhaesisse,
2272 3805 2382 3850 nec
2427 3806 2803 3867 quemquam

347 3921 380 3952 «
413 3914 485 3959 ex
521 3894 666 3958 istis
703 3892 1052 3958 adhaesisse
1095 3892 1243 3955 illis.
1292 3891 1376 3955 Et
1420 3897 1652 3966 tamen,
1686 3890 1740 3954 si
1786 3889 2206 3953 franciscanus
2243 3886 2471 3968 aliquis
2516 3887 2807 3970 elegisset

344 4021 378 4054 ι
410 4016 460 4060 s.
495 3996 807 4061 Dominici
827 3994 1215 4079 religionem,
1246 4013 1448 4058 nonne
1479 3995 1642 4057 certe
1671 3991 1961 4056 manibus
1984 3993 2050 4053 et
2072 3988 2328 4071 pedibus
2359 3985 2545 4052 Scoto
2592 3988 2806 4052 adver-

342 4124 377 4156 «
407 4103 659 4164 saretur
682 4103 712 4162 3³
743 4098 826 4163 Et
854 4117 1170 4172 converso,
1197 4097 1250 4161 si
1281 4096 1423 4179 quis
1445 4095 1874 4160 dominicanus
1913 4091 2189 4156 ordinem
2218 4089 2536 4155 Minorum
2558 4090 2806 4155 introis-

343 4226 378 4260 «
407 4205 524 4277 set,
556 4220 677 4266 non
691 4221 770 4265 ne
813 4201 1130 4265 doctrinae
1155 4218 1203 4264 s,
1230 4199 1506 4263 'Pbomae
1532 4195 1817 4261 absolute
1847 4214 1913 4258 se
1944 4194 2319 4277 opponeret?
2347 4193 2524 4270 Peto,
2565 4193 2628 4257 in
2666 4194 2805 4258 istis

345 4330 380 4363 «
412 4303 562 4387 quid
611 4303 931 4387 praevalet.
953 4307 983 4366 Ρ
1029 4322 1243 4367 sensus
1291 4321 1370 4365 an
1417 4300 1620 4364 ratio?
1651 4317 1775 4363 non
1807 4296 2055 4379 quidem
2092 4295 2276 4372 ratio,
2316 4295 2463 4378 quia
2496 4296 2605 4378 qui
2641 4317 2805 4361 nunc

343 4432 380 4466 ‹
408 4407 758 4472 exsistimat
804 4403 1282 4488 probabiliorem
1328 4402 1699 4467 sententiam
1731 4418 1881 4463 suae
1911 4399 2179 4475 scholae,
2228 4398 2281 4462 si
2312 4400 2475 4463 esset
2520 4400 2798 4472 alterius,

339 4533 376 4568 ι
411 4510 588 4574 illam
631 4509 841 4573 minus
871 4505 1254 4591 probabilem
1285 4503 1561 4588 profecto
1606 4504 1879 4586 putaret.
1915 4501 2197 4582 Denique
2227 4500 2398 4576 dato,
2445 4503 2607 4584 quod
2656 4504 2797 4585 quis

495 4631 789 4682 Battum,
821 4627 994 4672 Παγαὶ.
1022 4627 1175 4670 Temo
1200 4626 1241 4670 1.
2588 4624 2642 4666 15
