3529 5158
719 344 824 397 198
1191 356 1404 398 macr.
1442 356 1508 396 11.
1545 356 1630 395 nn
1665 354 2081 397 conserus-rm.
2122 354 2318 397 offo-r
2356 355 2420 397 11.
2457 356 2601 400 nnn.
2639 358 2703 398 11.
3025 342 3170 419 [194]

715 454 883 534 quod
913 453 1174 517 consilio
1183 454 1536 533 peritorum
1575 451 1738 534 illud
1769 452 1932 530 fecit,
1966 451 2039 515 dc
2062 452 2288 532 quibus
2318 473 2397 516 ea:
2426 454 2557 516 vita
2585 458 2645 516 ct
2666 455 2931 517 scicntia
2948 456 3178 535 proba-

715 556 836 620 bile
860 561 969 630 cst,
985 555 1152 637 qaod
1169 576 1294 618 non
1318 554 1712 619 consulerent
1733 556 1862 617 nisi
1886 554 2053 628 benc,
2082 554 2182 616 illi
2204 555 2435 618 iudicio
2458 575 2525 619 sc
2534 561 2747 636 potest
2766 557 3173 637 conformare.

714 658 891 722 Idem
919 658 1157 721 videtur
1185 659 1417 722 sentire
1458 655 1787 735 Goffridus
1816 656 1891 720 dc
1915 656 2244 731 Fontibus,
2280 660 2349 720 in
2379 657 2479 721 his
2515 659 2753 723 scilicet
2779 663 3179 741 opinionibus

715 763 1073 834 contrariis,
1110 781 1266 842 quae
1307 759 1653 823 tolerantur
1697 761 1778 823 ab
1817 759 2122 823 Ecclesia.
2158 761 2257 825 Ita
2302 780 2355 825 s.
2386 763 2783 829 Antoninus:
2831 784 2902 830 ex
2949 767 3181 848 quibus

715 866 869 929 satis
917 866 1110 947 patet,
1144 865 1520 945 quantopere
1566 862 1612 925 ii
1645 862 2119 939 hallucinentur‚
2153 863 2262 945 qui
2306 863 2487 928 initia
2520 866 2705 931 huius
2743 866 3059 934 doctrinae
3108 888 3177 935 ac

715 967 920 1049 praxis
950 964 1431 1029 Bartholomaeo
1456 964 1724 1040 Medina,
1750 965 1999 1049 egregio
2024 964 2300 1048 alioquin
2326 967 2619 1053 theologo
2645 989 2716 1033 ex
2748 969 2970 1035 Ordine
2995 973 3179 1037 Prae-

717 1069 1083 1144 dicatorum,
1118 1066 1496 1139 adscribunt,
1530 1067 1709 1147 quasi
1755 1067 1990 1149 primus
2037 1087 2174 1132 eam
2218 1069 2535 1134 invexerit.
2571 1072 2659 1135 Ex
2697 1074 2980 1155 superius
3011 1075 3177 1139 enim

719 1170 929 1235 allatis
960 1170 1160 1233 elucet
1189 1168 1538 1245 manifeste,
1573 1186 1710 1232 eam
1740 1169 1944 1251 quoad
1978 1170 2393 1235 substantiam
2425 1175 2523 1238 vel
2555 1175 2960 1241 scholasticae
3007 1177 3181 1243 theo-

718 1272 922 1356 logiae
955 1289 1105 1334 aevo
1139 1269 1553 1333 antecessisse.
1594 1270 1675 1334 Et
1706 1270 1893 1354 digna
1941 1292 2106 1345 sane,
2139 1292 2297 1355 quae
2342 1276 2608 1360 legatur,
2643 1281 2737 1342 est
2782 1280 3177 1358 DissertatiO‚

718 1392 908 1456 quam
939 1373 1012 1437 de
1036 1373 1152 1436 hoc
1174 1374 1541 1456 argumento
1568 1372 1759 1436 edidit
1783 1371 2171 1440 Christianus
2194 1375 2408 1460 Lupus
2435 1396 2573 1462 opp.
2600 1383 2753 1445 tom.
2779 1382 2890 1445 XI.
2917 1383 3074 1466 disp.
3104 1386 3177 1461 L,

718 1481 783 1545 in
828 1500 952 1563 qua
998 1479 1306 1563 praeclare
1341 1478 1718 1552 ostenditur,
1751 1481 2112 1547 methodum
2145 1484 2420 1549 solvendi
2451 1488 2842 1568 quaestiones
2886 1492 3179 1565 morales,

718 1603 875 1668 quae
906 1602 977 1647 ex
1009 1581 1323 1665 principiis
1356 1581 1779 1664 probabilismi
1811 1583 2066 1665 petitur,
2091 1585 2281 1649 etiam
2314 1589 2764 1670 antiquissimis
2794 1591 2916 1655 PP.
2953 1597 3016 1657 et
3049 1595 3181 1676 qui·

718 1688 855 1753 dem
887 1687 950 1750 in
983 1684 1338 1770 gravissimi
1366 1685 1667 1748 momenti
1696 1686 1900 1760 rebus,
1933 1685 2305 1753 familiarem
2337 1690 2545 1756 fuisse.

808 1784 963 1860 194.
1000 1787 1232 1853 Contra
1262 1786 1378 1851 hoc
1411 1791 1849 1869 argumentum
1888 1789 1965 1852 ab
1998 1792 2371 1856 auctoritate
2402 1785 2669 1877 petitum
2696 1797 2909 1862 obiicit
2942 1800 3183 1865 Auctor

715 1891 1083 1976 Appendicis
1116 1890 1189 1953 dc
1219 1888 1688 1953 Probabilisnw
1721 1891 1798 1953 ad
1829 1892 2059 1956 calcem
2091 1894 2247 1957 tomi
2287 1897 2387 1959 11.
2423 1895 2655 1963 Cursus
2701 1901 3042 1987 theologici
3073 1923 3182 1987 per

719 1995 930 2079 Migne
960 2014 1020 2057 n.
1060 1994 1160 2056 16.
1188 1993 1302 2057 col.
1344 1993 1532 2056 1503.
1565 1993 1954 2074 proclamans
1982 2012 2071 2059 ‘ex
2101 1996 2198 2060 his
2246 1999 2725 2066 auctoritatibus
2770 2003 2886 2068 hoc
2926 2006 3179 2070 tantum

719 2097 955 2169 deduci,
995 2096 1162 2179 quod
1206 2096 1491 2177 quaestio
1538 2096 1621 2159 sit
1666 2095 1875 2179 gravis
1921 2116 2030 2161 seu
2075 2117 2328 2181 gravem
2376 2121 2505 2166 esse
2551 2104 3006 2185 difficultatem,
3057 2128 3179 2173 non

721 2219 863 2266 vero
902 2198 1184 2264 concludi
1215 2199 1542 2263 veritatem
1574 2198 2019 2281 probabilismi.

810 2304 1205 2388 Respondeo:
1239 2302 1415 2387 Nego
1447 2303 1672 2367 totum.
1701 2302 1861 2383 Quia
1884 2322 2026 2368 cum
2055 2306 2121 2368 1⁰
2145 2311 2371 2390 agatur
2393 2309 2467 2373 de
2489 2329 2555 2375 re
2578 2314 2970 2395 gravissima,
3000 2317 3071 2379 2Ο
3095 2316 3180 2381 di-

718 2407 1126 2493 ligentissime
1157 2409 1219 2470 et
1249 2404 1356 2469 diu
1389 2407 1773 2487 perscrutata
1806 2408 1869 2470 et
1899 2409 2300 2488 pertractata,
2334 2411 2403 2473 3⁰
2434 2415 2575 2493 post
2621 2415 2848 2480 centies
2896 2419 3182 2502 explosos

722 2512 1038 2596 oppositos
1068 2508 1343 2583 cavillos,
1371 2509 1443 2569 4⁰
1472 2525 1664 2589 eaque
1693 2507 1974 2573 doctrina
2005 2511 2237 2575 tradita
2269 2513 2352 2577 sit
2377 2516 2677 2603 tanquam
2707 2522 2902 2584 certa:
2944 2522 3183 2587 homini

718 2613 1006 2696 prudenti
1034 2630 1157 2675 non
1189 2611 1335 2674 licet
1363 2609 1666 2684 dubitare,
1702 2611 1852 2692 quin
1885 2612 2015 2676 sola
2049 2613 2142 2677 vis
2174 2615 2457 2682 veritatis
2487 2618 2668 2684 illum
2693 2621 3021 2689 doctorum
3047 2628 3182 2690 tam

719 2715 948 2778 mirum
978 2731 1341 2778 consensum
1372 2711 1696 2776 induxerit.
1732 2713 1897 2798 Ergo
1937 2714 2010 2779 de
2042 2717 2305 2782 veritate
2351 2721 2631 2785 concludi
2678 2726 2902 2806 potest.
2938 2726 3184 2813 Legant

717 2816 824 2881 isti
869 2816 1168 2889 doctores,
1204 2813 1351 2895 quid
1384 2813 1456 2877 de
1503 2815 1878 2881 auctoritate
1925 2818 2168 2883 scholae
2200 2819 2419 2885 docent
2465 2823 2745 2910 theologi
2788 2828 2851 2891 in
2901 2830 3184 2897 tractatu

716 2919 790 2983 de
820 2917 972 2981 locis
1003 2916 1370 3000 theologicis
1401 2935 1458 2979 v.
1495 2936 1587 3000 gr.
1630 2917 1792 2999 apud
1826 2916 2099 2997 Canum;
2134 2941 2277 2986 nam
2309 2924 2425 2988 hac
2456 2926 2721 2993 lectione
2749 2929 3052 3015 indigent.

801 3018 1029 3085 Obiicit
1072 3037 1285 3082 rursus
1330 3018 1493 3082 idem
1541 3021 1760 3083 auctor
1806 3022 1920 3085 col.
1976 3023 2165 3086 1504.
2214 3046 2273 3089 n.
2318 3027 2410 3090 2.:
2452 3051 2486 3085 «
2520 3029 2691 3094 Inter
2736 3034 3183 3115 probabilistas

718 3123 828 3187 alii
873 3125 1144 3207 systema
1176 3121 1600 3204 probabilismi
1635 3123 1865 3204 partim
1897 3126 2147 3190 tantum
2195 3128 2594 3207 admiserunt,
2628 3133 2822 3200 locuti
2870 3137 2944 3202 de
2992 3138 3184 3206 dubio

717 3225 893 3298 iuris,
926 3243 1048 3289 non
1080 3227 1290 3290 autem
1323 3224 1395 3288 de
1425 3224 1615 3288 dubio
1645 3223 1797 3289 facti
1834 3229 1895 3290 et
1927 3227 2134 3309 plures
2164 3232 2546 3313 exceptiones
2579 3235 2998 3317 admittentes
3028 3263 3185 3325 quas

721 3328 1087 3392 recentiores
1122 3346 1243 3392 non
1277 3329 1653 3408 sequuntur:
1689 3327 1795 3391 alii
1845 3346 1875 3392 e
1907 3331 2217 3396 contrario
2265 3335 2326 3397 et
2357 3334 2422 3397 hi
2468 3340 2613 3401 sunt
2650 3340 2850 3405 maior
2894 3361 3042 3426 pars
3090 3367 3187 3412 ve-

723 3431 926 3494 terum
949 3427 1513 3510 probabilistarum,
1541 3437 2089 3514 propugnaverunt
2112 3436 2383 3518 systema
2411 3437 2752 3524 benignius,
2782 3461 2816 3507 a
2842 3464 2965 3526 quo
2993 3451 3187 3514 etiam

724 3530 1001 3595 moderni
1032 3532 1095 3594 et
1125 3530 1487 3612 praesertim
1518 3531 1590 3593 B.
1623 3531 1884 3615 Liguori
1919 3539 2318 3612 recesserunt,
2353 3545 2690 3608 asserentes
2727 3543 2971 3612 licitum
3011 3552 3188 3633 sequi

729 3632 1078 3714 opinionem
1108 3650 1229 3695 non
1264 3632 1466 3696 solum
1500 3651 1690 3713 aeque
1717 3636 2121 3716 probabilem,
2150 3640 2255 3703 sed
2276 3642 2482 3706 minus
2507 3645 2697 3710 etiam
2714 3648 3099 3731 probabilem
3126 3658 3189 3719 et

727 3734 931 3798 minus
956 3735 1196 3808 tutam;
1231 3734 1382 3797 haec
1413 3735 1618 3798 omnia
1652 3737 1703 3799 si
1736 3737 2240 3818 pondemreutm,
2273 3746 2489 3825 procul
2520 3747 2705 3812 dubio
2753 3752 3029 3818 multum
3076 3757 3190 3820 im-

726 3835 1108 3901 minueretur
1153 3836 1493 3901 multitudo
1548 3838 1892 3917 doctorum,
1942 3860 2096 3923 quos
2157 3847 2525 3913 recentiores
2579 3850 2777 3915 citant
2835 3852 2898 3917 in
2947 3856 3046 3920 sui
3103 3859 3192 3924 fa-

730 3958 937 4005 vorem
971 3967 1031 4003 ».

721 4038 725 4046 ’
817 4039 1211 4126 Respondeo:
1265 4043 1330 4104 1ο
1361 4041 1560 4108 Cardo
1606 4048 2065 4113 controversiae
2107 4049 2169 4112 in
2216 4053 2431 4134 primis
2479 4058 2590 4132 est,
2628 4073 2704 4120 an
2751 4060 3080 4125 teneamur
3131 4064 3193 4128 in

723 4145 913 4209 dubio
945 4146 1099 4209 iuris
1146 4146 1320 4227 sequi
1368 4147 1715 4229 opinionem
1764 4153 1877 4213 aut
1922 4152 2396 4232 probabiliorem
2445 4160 2557 4222 aut
2602 4159 2918 4224 tutiorem.
2956 4163 3029 4227 In
3078 4166 3196 4231 hac

725 4249 936 4309 autem
966 4249 1384 4312 controversia
1416 4249 1648 4314 frustra
1683 4251 2005 4334 finguntur
2038 4254 2463 4322 dissensiones,

906 4345 976 4410 20
1006 4348 1183 4426 Quod
1216 4350 1450 4415 addunt
1481 4352 1836 4416 dissensisse
1875 4355 2040 4436 quod
2072 4356 2329 4423 dubium
2361 4359 2511 4426 facti
2554 4363 2617 4426 et
2648 4363 2950 4445 quosdam
2999 4369 3195 4434 admi-

729 4449 879 4512 sisse
916 4449 1318 4534 exceptiones,
1358 4457 1453 4519 est
1484 4452 1782 4519 dissensio
1814 4459 2018 4539 quoad
2050 4461 2253 4538 verba,
2289 4480 2410 4527 non
2442 4464 2604 4546 quod
2638 4484 2785 4530 rem.
2821 4468 3049 4536 Omnes
3083 4475 3195 4538 sci-

728 4549 875 4616 licet
905 4559 1358 4633 consenserunt,
1399 4557 1664 4639 relinqui
1693 4577 1872 4641 posse
1909 4562 2225 4640 tutiorem,
2260 4565 2506 4646 quando
2536 4585 2701 4632 mere
2732 4569 2948 4653 agitur
2977 4571 3052 4638 de
3086 4576 3192 4642 ho-
