3529 5158
298 364 439 441 [554]
510 377 893 420 nnmcm‘rro
929 380 1083 420 »mm
1120 378 1422 421 Ata-amus
1458 376 1535 418 on
1570 375 1782 418 11911911
1818 377 2028 417 nunu.
2068 377 2416 432 APPmrrus,
2456 377 2585 418 me.
2642 363 2748 419 507

297 476 574 542 omnibus
618 476 996 553 huiusmodi,
1032 476 1262 539 utiam
1294 494 1472 558 saepe
1503 474 1880 550 monuimuS,
1916 474 2115 538 omnis
2162 475 2513 557 cooperatio
2553 475 2616 538 et
2653 495 2752 558 pe-

296 579 557 642 riculum
587 596 921 641 consensus
956 602 1017 641 ».

384 674 556 749 553.
596 677 658 742 S.
690 678 1045 763 Alphonsus
1082 680 1238 744 nihi]
1273 680 1463 743 habet
1507 679 1667 743 circa
1699 679 1859 743 hanc
1903 678 2249 743 doctrinam
2280 679 2600 753 Auctoris;
2641 678 2748 742 sed

301 781 483 845 aliam
513 781 823 845 subnectit
852 782 1278 863 quaestionem
1314 783 1421 846 lib.
1459 782 1517 845 5.
1553 802 1611 846 n.
1648 785 1785 846 21.:
1822 802 1899 846 an
1937 783 2123 846 liceat
2153 782 2445 846 delectari
2478 781 2550 845 de
2579 780 2747 845 malo

297 883 555 967 proximi
587 884 665 947 ob
710 884 943 947 bonum
972 885 1157 949 finem
1191 887 1378 966 atque
1426 885 1576 949 adeo
1625 884 1994 957 desiderare;
2030 886 2274 967 quippe,
2309 886 2384 947 ut
2428 902 2499 947 ex
2537 883 2748 947 Lessio

297 1004 435 1049 mox
482 985 833 1050 audivimus
870 988 934 1050 et
972 1007 1019 1052 9.
1055 987 1409 1070 Alphonsus
1447 987 1593 1051 ibid.
1637 985 1712 1050 ad
1759 987 1863 1050 fin.
1899 1006 1970 1050 ex
2002 985 2469 1050 Salmanticens.
2505 985 2748 1068 repetit,

296 1086 455 1169 quod
502 1086 576 1151 de
613 1087 1019 1153 delectatione
1056 1088 1301 1165 dicitur,
1334 1088 1398 1152 id
1439 1091 1503 1152 et
1548 1087 1621 1152 de
1668 1088 1967 1152 desiderio
2016 1089 2246 1170 pariter
2278 1087 2601 1151 dicendum
2634 1089 2749 1150 991.

380 1189 534 1253 Η919
581 1190 912 1268 adnotabo,
958 1192 1122 1255 hunc
1173 1211 1304 1255 esse
1349 1210 1583 1267 casum,
1618 1193 1871 1274 propter
1915 1210 2098 1272 quem
2131 1193 2369 1255 Auctor
2413 1211 2556 1255 cum
2604 1191 2746 1253 DD.

292 1293 697 1357 communiter
741 1312 863 1357 non
893 1292 1173 1357 absolute
1209 1294 1495 1358 dixerunt
1523 1293 1705 1358 licere
1740 1294 2031 1358 delectari
2070 1293 2143 1358 de
2183 1313 2361 1376 opere
2396 1293 2584 1368 malo,
2621 1293 2750 1356 sine

289 1395 466 1476 culpa
511 1394 696 1472 facto,
738 1396 844 1461 sed
881 1395 1167 1461 dixerunt
1197 1395 1541 1477 aliquando
1573 1396 1636 1459 id
1673 1396 1874 1460 licere.
1909 1395 2096 1459 Ratio
2146 1397 2258 1472 991,
2295 1396 2442 1478 (1919
2490 1395 2543 1459 91
2591 1413 2749 1478 opus

291 1495 440 1560 illud
489 1497 730 1562 cederet
773 1498 835 1561 in
883 1499 1179 1563 damnum
1240 1499 1495 1562 alterius
1543 1498 1606 1562 et
1661 1499 1911 1578 effectus
1976 1499 2194 1572 bonus,
2245 1498 2321 1561 ob
2376 1517 2560 1580 quem
2610 1497 2749 1577 quis

291 1598 539 1681 gaudet,
589 1599 924 1665 secundum
971 1601 1246 1665 ordinem
1292 1600 1573 1663 caritatis
1621 1619 1741 1663 non
1791 1600 1952 1662 esset
2006 1598 2436 1681 praeferendus
2487 1598 2749 1661 alterius

291 1697 536 1775 damno,
562 1701 690 1765 iam
722 1720 793 1766 ex
830 1702 946 1766 hoc
976 1702 1178 1784 capite
1210 1701 1555 1765 damnanda
1589 1703 1749 1765 esset
1779 1700 2136 1765 huiusmodi
2168 1700 2517 1764 delectatio.
2543 1699 2750 1782 Atque

288 1799 425 1865 inde
474 1802 677 1866 oritur
706 1803 875 1868 iusta
904 1803 1223 1868 damnatio
1263 1804 1444 1886 Prop.
1486 1805 1586 1867 15.
1620 1803 1784 1867 inter
1824 1803 2200 1886 proscriptas
2233 1803 2311 1866 ab
2351 1803 2557 1866 Innoc.
2593 1802 2746 1865 XL:

297 1927 329 1961 «
360 1903 638 1968 Licitum
670 1907 765 1970 est
792 1906 923 1970 filio
955 1907 1225 1990 gaudere
1255 1906 1329 1970 de
1359 1905 1685 1988 parricidio
1720 1906 1994 1988 parentis
2027 1925 2064 1968 a
2095 1924 2160 1968 99
2193 1905 2254 1968 19
2285 1905 2583 1968 ebrietate
2620 1924 2751 1987 per-

292 2007 533 2087 petrato
572 2010 824 2091 propter
856 2009 1138 2093 ingentes
1170 2009 1422 2072 divitias
1452 2008 1592 2071 inde
1625 2028 1695 2072 ex
1727 2008 2068 2072 hereditate
2105 2009 2465 2071 consecutas
2497 2033 2558 2070 ».

374 2108 610 2175 Verum
658 2110 754 2175 his
798 2111 1121 2176 immorari
1166 2112 1299 2175 heic
1344 2130 1465 2175 non
1513 2111 1606 2174 991
1653 2129 1926 2183 necesse3
1963 2110 2108 2190 quia
2157 2128 2354 2173 sermo
2404 2108 2496 2201 de
2524 2108 2620 2172 1119
2661 2128 2749 2174 re·

288 2207 455 2288 dibit,
489 2213 599 2277 ubi
637 2213 711 2278 de
742 2216 1065 2298 praecepto
1098 2214 1381 2278 caritatis
1419 2216 1603 2278 tract.
1639 2212 1712 2276 de
1761 2210 1960 2276 charit.
1995 2233 2127 2295 cap.
2165 2215 2224 2275 2.
2261 2211 2405 2276 dub.
2442 2213 2501 2276 2.

373 2307 546 2383 554.
582 2313 801 2379 Solum
844 2316 981 2380 heic
1024 2317 1507 2380 memorabimus
1555 2336 1603 2380 s.
1639 2317 1915 2380 Thomae
1961 2317 2026 2380 et
2070 2335 2118 2380 9.
2160 2316 2446 2398 Gregorii
2494 2316 2580 2378 M.
2616 2335 2747 2380 sen·

291 2412 529 2493 tentiae,
564 2436 724 2499 quas
756 2419 819 2481 91
848 2436 899 2482 9.
933 2418 1118 2500 Alph.
1151 2419 1257 2482 lib.
1295 2421 1354 2482 5.
1390 2440 1448 2481 n.
1487 2421 1590 2482 21.
1628 2419 1832 2482 refert.

373 2517 592 2602 Itaque
640 2538 688 2585 s.
737 2519 1029 2598 Thomas,
1064 2521 1128 2585 in
1176 2522 1236 2585 3.
1271 2521 1414 2587 dist.
1457 2523 1561 2586 30.
1598 2542 1654 2605 q.
1700 2523 1758 2585 1.
1795 2523 1912 2587 art.
1952 2522 2009 2585 1.
2051 2522 2128 2586 ad
2176 2523 2274 2586 4.:
2310 2547 2343 2579 «
2377 2521 2739 2599 Dicendum,

292 2621 445 2701 quod
474 2624 707 2688 caritas
755 2624 1024 2689 attendit
1065 2625 1142 2688 ad
1174 2624 1478 2706 quaedam
1516 2625 1677 2690 bona
1711 2646 1818 2708 per
1865 2645 1946 2701 99,
1984 2624 2113 2689 9911.
2158 2623 2233 2687 ad
2272 2625 2433 2688 11999.
2479 2626 2742 2709 gratiae,

297 2721 368 2785 ad
394 2726 700 2805 quaedam
733 2730 944 2792 autem
981 2747 1090 2810 per
1119 2727 1418 2804 accidenS,
1450 2728 1513 2792 in
1545 2731 1853 2809 quantum
1888 2727 1965 2790 ad
1997 2727 2119 2791 ista
2159 2727 2550 2791 ordinantur:
2586 2729 2748 2792 bona

294 2828 492 2893 autem
520 2832 916 2913 temporalia,
950 2850 1109 2913 quae
1155 2851 1262 2913 per
1307 2831 1584 2895 accidens
1630 2832 1860 2895 caritas
1908 2831 2196 2906 attendit,
2229 2850 2300 2895 ex
2348 2833 2745 2913 consequenti

292 2933 537 3008 possunt
585 2952 653 2996 se
697 2933 961 2997 invicem
1006 2934 1069 2997 in
1117 2931 1374 2998 diversis
1421 2934 1757 3015 impedire,
1817 2934 1964 3015 quia
2011 2934 2388 3017 prosperitas
2429 2934 2612 2997 99199
2657 2935 2747 2996 in-

296 3028 455 3097 ducit
491 3034 935 3099 adversitatem
974 3036 1249 3100 alterius.
1280 3015 1460 3100 ‘Unde
1492 3037 1637 3116 quia
1671 3036 1900 3098 caritas
1940 3034 2214 3098 ordinem
2263 3035 2450 3097 habet
2497 3037 2560 3097 et
2606 3034 2744 3115 plus

292 3130 460 3199 debet
504 3137 763 3221 diligere
809 3138 1069 3220 quisque
1116 3158 1179 3202 se
1221 3157 1412 3218 quam
1443 3138 1637 3200 alium
1669 3139 1731 3199 et
1764 3137 2139 3217 propinquos
2186 3156 2374 3215 quam
2425 3137 2746 3199 extraneos

294 3234 354 3295 et
398 3238 625 3304 amicos
655 3259 845 3321 quam
874 3239 1155 3304 inimicos
1188 3241 1250 3302 et
1278 3240 1511 3304 bonum
1558 3257 1883 3301 commune
1913 3236 2258 3300 multorum
2291 3256 2479 3317 quam
2512 3237 2744 3300 bonum

292 3335 600 3415 privatum
631 3342 831 3418 911199,
866 3342 1073 3424 potest
1120 3341 1345 3422 aliquis
1385 3340 1559 3404 salva
1591 3340 1852 3403 caritate
1886 3340 2100 3422 optare
2132 3338 2371 3402 malum
2404 3340 2744 3421 temporale

294 3436 471 3503 alicui
501 3445 563 3507 91
594 3444 863 3528 gaudere
908 3444 962 3506 si
1009 3443 1335 3527 contingit,
1369 3462 1492 3507 non
1540 3443 1601 3506 in
1640 3444 1947 3524 quantum
1985 3443 2081 3504 est
2131 3440 2365 3505 malum
2414 3441 2606 3519 111199,
2641 3442 2746 3506 sed

296 3538 355 3601 in
398 3549 701 3623 quantum
746 3547 842 3611 est
871 3545 1381 3629 impedimentum
1428 3547 1736 3609 malorum
1787 3545 2065 3621 alteriue,
2098 3564 2282 3626 quem
2314 3546 2454 3628 plus
2497 3548 2745 3610 tenetur

298 3639 558 3729 diligere,
594 3650 693 3713 vel
723 3649 1191 3714 communitatis
1230 3652 1342 3712 aut
1373 3647 1697 3711 Ecclesiae.
1726 3647 2026 3712 Similiter
2064 3647 2136 3712 de
2166 3648 2334 3713 malo
2369 3649 2559 3712 etiam
2592 3647 2744 3725 9199,

298 3746 396 3824 (191
441 3749 501 3813 19
545 3753 788 3816 malum
832 3751 1173 3833 temporale
1220 3750 1454 3827 incidit,
1495 3750 1830 3814 secundum
1862 3751 2027 3832 quod
2076 3770 2183 3833 per
2229 3751 2465 3813 malum
2513 3768 2743 3831 poenae

297 3843 620 3931 impeditur
665 3853 1014 3935 frequenter
1044 3854 1282 3917 malum
1323 3854 1539 3935 culpae
1572 3854 1723 3916 eius.
1766 3852 1881 3916 Sed
1913 3855 2074 3917 bona
2121 3852 2363 3937 gratiae
2411 3854 2631 3916 mutuo
2680 3872 2744 3916 se

298 3965 410 4013 non
441 3953 811 4038 impediunt;
846 3956 994 4038 quia
1031 3956 1382 4039 spiritualia
1413 3956 1575 4019 bona
1609 3974 1642 4018 a
1692 3956 1971 4037 pluribus
2012 3956 2251 4038 integre
2283 3954 2581 4037 possideri
2612 3974 2748 4037 pos-

298 4055 450 4118 sunt.
497 4057 578 4124 Et
632 4059 770 4125 ideo
817 4062 1123 4141 quantum
1171 4059 1248 4123 ad
1294 4060 1409 4123 hoc
1457 4058 1665 4122 nullus
1713 4059 1886 4121 salva
1934 4058 2195 4121 caritate
2243 4060 2449 4140 potest
2504 4059 2742 4123 malum

298 4151 463 4221 alteri
502 4162 717 4244 optare
761 4162 860 4225 vel
908 4162 981 4225 de
1028 4162 1193 4225 malo
1239 4161 1527 4244 gaudere,
1568 4160 1685 4224 nisi
1734 4160 1797 4224 in
1846 4162 2154 4241 quantum
2200 4162 2262 4222 111
2311 4161 2476 4225 malo
2524 4162 2741 4243 culpae

296 4255 385 4319 vel
428 4259 842 4328 damnationis
891 4264 1152 4327 alicuius
1199 4264 1430 4327 relucet
1475 4264 1708 4327 bonum
1756 4263 2001 4327 divinae
2046 4264 2348 4339 iustitiae,
2389 4265 2554 4346 quod
2603 4266 2743 4348 plus

297 4356 530 4428 tenetur
573 4366 829 4452 diligere
860 4385 1051 4448 quam
1097 4366 1367 4447 aliquem
1413 4366 1746 4430 hominem.
1785 4364 1900 4430 Sed
1932 4385 2056 4431 non
2089 4368 2184 4430 est
2225 4387 2331 4450 per
2364 4386 2426 4431 se
2460 4367 2534 4432 de
2579 4370 2746 4434 111919

301 4465 573 4543 gaudere,
607 4470 711 4534 sed
743 4469 817 4534 de
852 4470 1014 4534 bono
1052 4469 1216 4550 quod
1255 4469 1615 4534 adiunctum
1650 4471 1743 4534 991
1775 4470 1962 4535 91919.
1993 4496 2026 4527 »

383 4565 614 4645 Quibus
645 4573 707 4636 in
745 4571 1041 4637 doctrinis
1075 4572 1250 4654 patet
1279 4572 1461 4650 ratio,
1502 4593 1611 4637 991·
1642 4572 1975 4654 aliquando
2008 4574 2212 4649 liceat,
2247 4575 2578 4656 aliquando
2627 4595 2747 4640 non
