3529 5158
339 396 410 471 [7]
1006 408 1410 451 pannosus
1446 409 1696 451 Aci-uun
1733 409 2127 452 ammonuit
2764 400 2801 453 7

337 508 534 572 vetat.
569 506 689 570 Per
732 525 805 569 ea
852 524 1014 581 vero,
1049 524 1208 588 quae
1238 506 1560 570 subdimus
1606 506 1679 569 de
1727 508 1873 569 actu
1918 505 2308 583 indifferenti,
2339 525 2463 571 non
2496 507 2800 573 solvimus

338 610 432 675 uti
462 611 659 693 pat-et,
693 609 1118 689 quaestionem
1164 628 1241 672 an
1274 608 1455 673 detur
1500 611 1678 672 actus
1708 608 2055 673 indifferens
2101 609 2164 672 in
2197 609 2535 687 individuo,
2569 610 2643 673 de
2675 629 2801 691 qua

336 733 401 777 re
449 711 775 776 dicendum
824 712 1100 775 occurret
1144 710 1207 774 in
1254 711 1374 775 fine
1420 711 1606 775 huius
1652 714 1984 774 tractatus.

446 857 532 909 IV.
564 857 615 907 ln
643 868 929 908 aaronitas
957 860 1005 906 et
1031 868 1499 907 SUPERNATURALES.
1521 854 1777 908 Naturales
1803 861 1929 917 sunt,
1961 854 2044 920 qui
2073 869 2160 920 per
2199 856 2331 908 solas
2372 857 2627 908 facultates
2666 861 2800 907 natu-

337 943 467 994 ralae
504 937 795 992 eliciuntur:
824 939 1221 1004 supernaturales
1248 952 1370 991 vero
1399 937 1483 1003 qui
1510 937 1776 992 eliciuntur
1813 953 1922 991 cum
1962 938 2147 992 auxilio
2177 937 2363 1002 gratiae
2389 946 2439 991 et
2465 938 2702 992 meritorii
2734 938 2804 991 di·

336 1032 514 1080 cuntur
554 1025 635 1077 vel
671 1025 733 1075 de
770 1021 1011 1087 condigno
1048 1024 1129 1076 vel
1165 1023 1227 1075 de
1253 1037 1485 1086 congruo,
1515 1029 1664 1089 prout
1694 1022 1795 1076 illis
1831 1022 2093 1077 retributio
2121 1023 2279 1090 aliqua
2307 1027 2388 1077 vel
2422 1038 2482 1077 ex
2509 1023 2693 1078 iustitia
2720 1026 2801 1078 vel

339 1125 402 1163 ex
442 1106 666 1162 decentia
705 1122 762 1159 ac
801 1104 1096 1171 benignitate
1134 1105 1226 1159 Dei
1262 1105 1565 1173 rependitur.

424 1216 496 1289 6.
529 1218 800 1284 Adverte
845 1218 981 1283 heic
1026 1217 1265 1283 attendi
1310 1219 1679 1301 principium
1726 1220 1994 1285 eliciens,
2028 1220 2193 1305 Ergo
2240 1221 2488 1285 etiamsi
2525 1222 2805 1285 versetur

342 1325 518 1386 actus
572 1322 733 1385 circa
790 1320 1101 1384 obiectum
1155 1321 1709 1403 supernaturaliter
1762 1322 2125 1387 revelatum.
2160 1321 2215 1385 si
2261 1326 2471 1386 tamen
2519 1322 2805 1386 eliciatur

342 1425 489 1489 solis
521 1423 759 1486 viribus
804 1425 1084 1499 naturae,
1118 1421 1357 1486 dicetur
1404 1423 1725 1486 naturalis,
1761 1421 1979 1501 Quoad
2026 1428 2223 1499 actuS,
2257 1424 2364 1505 qui
2413 1423 2490 1486 ad
2530 1422 2804 1486 ordinem

342 1526 615 1590 ethicum
662 1524 1013 1588 naturalem
1060 1524 1389 1606 pertinent,
1436 1524 1591 1587 nihil
1638 1530 1733 1588 est
1779 1525 1944 1605 quod
1992 1525 2310 1588 addamus,
2361 1523 2578 1603 Quoad
2626 1528 2804 1586 actus

342 1625 862 1710 supernaturales,
895 1626 1053 1689 tales
1083 1644 1186 1689 eos
1218 1625 1499 1702 dicimuS‚
1533 1627 1641 1706 qui
1672 1632 1875 1709 egent,
1913 1630 1983 1689 ut
2014 1627 2189 1701 fiant,
2223 1626 2532 1689 adiutorio
2564 1625 2805 1708 gratiae

343 1730 608 1803 divinae,
633 1747 706 1792 eo
751 1726 920 1808 quod
948 1728 1263 1803 excedant,
1298 1727 1633 1792 secundum
1679 1747 1861 1790 suam
1905 1728 2302 1791 intrinsecam
2351 1727 2803 1809 perfectionem,

345 1831 504 1894 vires
548 1834 830 1901 naturae,
856 1847 980 1909 qua
1022 1828 1089 1891 in
1121 1847 1185 1890 re
1215 1829 1341 1891 sita
1386 1830 1482 1891 est
1512 1847 1725 1892 eorum
1758 1828 2336 1909 supernaturalitas,
2365 1828 2491 1892 Nec
2523 1831 2597 1891 ut
2629 1832 2806 1890 actus

342 1935 425 1998 sit
470 1932 982 2016 supernaturaIiS‚
1018 1949 1173 2014 opus
1219 1934 1419 1995 estut
1466 1931 1776 1995 obiectum
1823 1933 1955 1995 eius
1987 1932 2068 1996 sit
2099 1932 2599 2015 supernaturale:
2629 1935 2806 1993 actus

342 2036 505 2101 enim
554 2036 617 2099 vi
662 2034 904 2119 gratiae
934 2034 1123 2115 positi
1170 2033 1399 2097 versari
1446 2036 1707 2115 possunt
1754 2038 1818 2096 et
1862 2034 2019 2097 circa
2071 2034 2310 2097 obiecta
2359 2034 2663 2096 virtutum
2702 2050 2807 2095 na-

341 2138 665 2202 turalium.
700 2135 937 2199 Verum
966 2135 1039 2199 de
1086 2135 1182 2198 his
1214 2135 1293 2198 ad
1339 2135 1665 2219 theologos
1696 2135 2114 2220 dogmaticos:
2150 2140 2428 2199 nostrum
2478 2135 2640 2198 enim
2683 2151 2802 2196 non

342 2245 435 2305 aet
483 2239 881 2321 quaestiones
927 2237 1285 2302 huiusmodi
1330 2239 1592 2321 agitare.

428 2342 663 2405 Eadem
710 2340 783 2404 de
829 2358 1017 2404 causa
1048 2340 1265 2420 utique
1310 2339 1721 2403 iudicavimus
1767 2341 1831 2402 in
1879 2340 2130 2423 synopsi
2176 2338 2525 2402 meritorios
2557 2337 2630 2401 de
2671 2356 2810 2400 con·

342 2444 529 2528 digno
575 2442 697 2505 dici
746 2446 943 2513 actus,
991 2441 1218 2523 quibus
1266 2460 1337 2504 ex
1383 2442 1627 2505 iustitia
1675 2442 2003 2504 retributio
2053 2460 2158 2503 seu
2207 2459 2435 2504 merces
2483 2444 2593 2502 aut
2643 2458 2812 2520 prae·

344 2550 541 2614 mium
588 2545 961 2630 rependitur,
986 2546 1338 2610 meritorios
1386 2564 1529 2610 vero
1576 2545 1695 2608 dici
1743 2544 1817 2609 de
1862 2563 2134 2626 congruo
2181 2545 2345 2622 11199,
2380 2544 2606 2626 quibus
2638 2542 2810 2625 quid-

347 2652 515 2734 piam
559 2650 925 2714 retribuitur
969 2668 1040 2712 ex
1087 2648 1359 2730 quadam
1403 2648 1681 2712 decentia
1727 2667 1835 2711 seu
1881 2648 2308 2712 convenientia
2354 2653 2418 2711 et
2464 2668 2534 2712 ex
2567 2644 2808 2710 liberali

350 2753 467 2816 Dei
525 2752 927 2835 benignitate.
976 2750 1396 2814 Veruntamen
1459 2769 1581 2814 non
1638 2750 1981 2818 definimus.
2032 2770 2110 2812 an
2174 2769 2382 2815 omnes
2445 2753 2641 2814 actus,
2702 2747 2806 2829 qui

346 2855 558 2937 aliquo
604 2853 788 2917 modo
834 2861 983 2916 sunt
1030 2852 1550 2934 supernaturales,
1584 2853 1711 2916 sint
1755 2854 1946 2916 etiam
1994 2854 2292 2917 meritorii
2336 2854 2488 2922 (vid.
2525 2853 2701 2936 Lugo
2733 2851 2809 2913 de

348 2955 507 3019 Fide
532 2955 688 3037 disp.
718 2953 861 3017 XII.
888 2973 989 3017 nn.
1024 2955 1125 3017 17.
1152 2955 1318 3036 49.);
1346 2974 1453 3018 nec
1478 2975 1691 3018 rursus
1722 2955 2069 3020 definimus,
2097 2976 2402 3037 quaenam
2427 2956 2807 3019 conditiones

344 3060 758 3141 requirantur.
792 3063 861 3120 ut
910 3056 1229 3139 quidpiam
1261 3058 1647 3121 meritorium
1680 3059 1761 3121 sit
1796 3058 1869 3121 de
1915 3058 2218 3142 condigno
2254 3059 2350 3121 vel
2397 3059 2471 3120 de
2502 3077 2804 3141 congruo:

344 3161 570 3243 quippe
620 3158 697 3222 ad
742 3178 854 3222 nos
901 3177 1023 3222 11911
1068 3159 1333 3241 pertinet
1395 3159 1677 3222 dirimere
1738 3161 2207 3224 controversias,
2257 3178 2414 3238 quae
2462 3159 2522 3220 in
2581 3158 2807 3219 scholis

344 3264 503 3326 ciroe
551 3263 703 3325 11999
748 3261 1186 3325 instituuntur.
1220 3260 1542 3324 Praeterea
1594 3260 2038 3324 adnotandum.
2073 3260 2147 3321 ad
2197 3260 2488 3321 meritum
2537 3258 2810 3320 revocari

346 3366 619 3429 valorem
668 3363 1083 3426 satisfaciendi
1130 3382 1239 3445 pro
1288 3363 1519 3444 poenis.
1568 3382 1725 3442 quae
1775 3371 2024 3443 peccato
2072 3361 2404 3425 debentur:
2439 3360 2600 3424 unde
2633 3371 2810 3423 actus

345 3473 649 3531 vocantur
692 3465 1115 3529 satisfactorii.
1164 3463 1633 3528 Sat'ffifactorins
1681 3467 1894 3526 autem
1941 3469 2034 3526 est
2099 3467 2296 3532 aetus,
2346 3482 2466 3528 non
2517 3482 2690 3527 secus·
2740 3481 2811 3525 99

350 3568 662 3632 meritum.
714 3567 809 3630 rel
870 3566 945 3629 de
1004 3565 1308 3650 condigno
1372 3566 1468 3629 vel
1513 3566 1587 3628 de
1633 3584 1950 3649 congruo:
2001 3566 2114 3629 1199
2160 3567 2428 3647 quidem,
2477 3565 2811 3629 dummodo

349 3671 536 3735 homo
583 3670 875 3734 affectum
920 3687 1069 3752 erga
1114 3673 1438 3750 peccatum
1484 3668 1858 3750 deposuerit.

458 3805 523 3855 V.
551 3805 604 3855 ln
628 3816 871 3855 menos
898 3808 947 3852 et
974 3814 1245 3852 nrm-‹os-
1274 3796 1420 3851 Prirni
1460 3807 1569 3849 sunt
1606 3798 1689 3862 qui
1715 3797 1922 3849 internis
1961 3797 2190 3863 potentiis
2229 3796 2550 3864 perficiuntur
2576 3811 2664 3851 1199
2706 3798 2809 3848 11119

353 3890 496 3941 oudo
521 3885 748 3940 exterius
773 3885 1040 3950 prodeunt
1064 3883 1149 3937 alii
1174 3882 1257 3948 qui
1280 3886 1343 3935 ad
1368 3889 1599 3935 extans
1622 3883 1866 3946 potentias
1892 3882 2270 3948 progrediuntur
2289 3889 2372 3934 aut
2396 3881 2561 3946 aliquo
2589 3879 2809 3932 sensibili

438 4077 507 4149 7.
536 4077 946 4144 Dffinitionae
986 4075 1257 4139 tnditae
1288 4083 1465 4138 actus
1512 4076 1733 4138 interni
1781 4081 1844 4137 et
1891 4075 2120 4137 externi
2171 4073 2436 4136 maxime
2466 4073 2814 4136 referuntur

354 4182 427 4244 ad
472 4200 545 4245 ω
610 4198 773 4262 quae
818 4177 1035 4242 deinde
1092 4177 1493 4259 disputantur
1538 4178 1599 4240 in
1664 4177 1806 4239 aliis
1853 4177 2244 4242 tractatibus.
2293 4175 2670 4260 verbigratia
2735 4195 2810 4239 an

354 4284 619 4366 praecipi
666 4282 907 4365 pooe'mt
937 4285 1117 4343 actus
1160 4279 1407 4345 interni.
1442 4299 1517 4341 an
1570 4280 1808 4360 possint
1853 4278 2078 4360 puniri.
2113 4298 2188 4342 911
2237 4279 2478 4363 iniungi
2525 4297 2636 4361 pro
2679 4297 2817 4360 poe·

352 4387 617 4450 nitentia
662 4383 1097 4447 sacramentali
1144 4387 1285 4447 etc..
1320 4399 1395 4444 au
1443 4381 1757 4444 sufficiant
1808 4380 1882 4443 ad
1931 4382 2414 4445 contrahendum
2465 4389 2581 4446 919.

441 4485 736 4552 Ceterum
766 4504 891 4548 non
934 4484 1155 4548 desunt
1202 4484 1506 4548 doctores,
1538 4485 1633 4547 uti
1680 4482 1927 4547 Suarez.
1963 4483 2244 4565 vasquez
2291 4489 2352 4547 91
2401 4484 2530 4548 9111.
2563 4483 2670 4562 qui
2703 4483 2818 4544 1199

352 4592 508 4656 1999.
543 4593 809 4674 agentoe
854 4608 1069 4670 nempe
1098 4588 1173 4651 de
1218 4587 1461 4650 actibus
1496 4587 1801 4650 humanis.
1829 4606 2092 4667 quorum
2125 4585 2294 4649 radix
2327 4587 2524 4668 reipsa
2559 4595 2652 4646 est
2685 4585 2816 4645 ,cola
