3529 5158
318 281 458 357 [559]
962 299 1348 342 nmmo-rimo
1382 297 1769 341 narromms.
1806 296 2143 359 snnsrrrva
2673 284 2777 337 511

321 395 524 457 ctatur
570 394 892 460 absolute:
944 398 1230 478 quamvis
1276 399 1485 480 peccet
1529 396 1887 472 venialiter3
1935 395 2085 477 quia
2129 415 2240 460 nec
2292 394 2623 460 necessitas
2666 414 2778 459 nec

320 496 514 579 pietas
565 497 788 561 suadet
834 499 954 563 sibi
1000 500 1193 564 talem
1237 499 1465 564 mentis
1512 498 1981 581 occupationem
2011 523 2073 562 ».

404 598 485 661 Et
521 598 760 665 Auctor
792 601 1041 681 quidem
1071 604 1137 666 et
1164 603 1488 686 Laymann
1524 600 1816 665 videntur
1845 601 2180 684 sumpsisse
2211 601 2439 665 thesim
2476 618 2546 665 eo
2592 599 2776 663 modo

321 700 708 765 enunciatam
753 722 827 766 ex
871 704 1107 769 Lessio.
1141 704 1229 769 At
1265 704 1515 769 Lessius
1545 722 1668 768 non
1700 703 2042 768 disserebat
2086 703 2160 767 de
2207 704 2341 767 sola
2371 701 2778 767 delectatione

319 803 635 878 rationali,
672 806 801 870 imo
848 826 1126 890 expresse
1163 808 1399 872 tractat
1442 807 1517 872 de
1561 807 1946 888 imayinario
1993 806 2232 871 obiecto
2281 808 2468 888 atque
2505 806 2657 871 adeo
2703 804 2776 867 de

319 906 719 972 delectatione
749 908 1043 973 sensibili.
1070 911 1171 974 Ita
1201 910 1309 974 ille
1338 909 1414 973 de
1438 909 1597 974 lust.
1624 912 1687 973 et
1706 909 1845 972 Iur.
1867 909 1975 973 lib.
2001 909 2064 972 4.
2089 928 2224 991 cap.
2251 910 2312 972 3.
2338 929 2398 972 n.
2431 907 2778 972 121.:«1n-

318 1008 527 1087 fertur‚
561 1010 890 1094 coniugem
927 1013 993 1075 in
1027 1013 1308 1077 absentia
1353 1012 1636 1096 coniugis
1681 1030 1804 1076 non
1851 1030 2100 1094 peccare
2144 1009 2483 1090 mortifere,
2530 1009 2777 1074 etiamsi

322 1111 702 1192 imayinaria
733 1114 955 1196 copula
993 1114 1357 1192 oblectetur,
1390 1114 1574 1178 modo
1609 1114 1775 1177 absit
1805 1132 1984 1177 omne
2015 1112 2359 1194 periculum
2389 1111 2773 1194 pollutionis.

316 1213 476 1278 Nam
521 1216 629 1297 qui
675 1218 771 1280 est
814 1217 880 1280 in
929 1236 1000 1282 eo
1049 1218 1244 1295 statu,
1280 1219 1354 1280 ut
1384 1217 1441 1281 ei
1473 1235 1629 1300 opus
1674 1215 1997 1281 externum
2041 1215 2244 1297 reipsa
2288 1214 2662 1296 praestitum
2691 1212 2776 1276 sit
2907 1256 2912 1260 -

316 1319 700 1401 permissum,
749 1319 806 1383 ei
852 1338 1097 1401 quoque
1134 1319 1503 1402 permissum
1541 1321 1636 1383 est
1667 1337 1824 1400 opus
1854 1317 2316 1402 imaginarium,
2351 1336 2461 1381 seu
2492 1316 2556 1379 vi
2585 1316 2776 1398 phan-

316 1421 539 1484 tastica
585 1421 1047 1503 praestandum,
1096 1420 1249 1485 aliis
1304 1419 1708 1485 incommodis
1760 1419 2042 1493 seclusi&
2091 1422 2165 1484 ut
2209 1419 2388 1484 docet
2439 1416 2775 1483 Caietanus

315 1522 387 1585 V.
420 1520 769 1586 Delectatio
799 1543 1047 1586 morosa
1080 1525 1138 1605 g.
1172 1523 1448 1586 Rursus.
1482 1523 1720 1586 Fumus
1746 1521 1878 1587 eod.
1907 1522 1984 1585 V.
2010 1520 2360 1584 Delectatio
2383 1541 2443 1583 n.
2470 1521 2530 1583 4.
2565 1521 2682 1583 etc.
2709 1544 2770 1582 ».

313 1624 390 1688 Et
429 1624 509 1688 ad
541 1625 665 1688 alia
696 1626 808 1688 illa
840 1625 1228 1688 incommoda
1264 1624 1669 1701 referendum,
1710 1624 1876 1704 quod
1915 1623 1999 1687 sit
2030 1625 2208 1687 actus
2246 1623 2504 1687 otiosus

399 1723 575 1797 559.
622 1726 890 1790 Proinde
952 1726 1174 1791 melius
1237 1725 1752 1791 Salmanticenses
1800 1725 2007 1807 quoad
2055 1723 2216 1788 hane
2272 1723 2460 1788 thesis
2499 1727 2771 1804 partem,

307 1830 386 1893 tr.
427 1829 531 1892 16.
582 1828 656 1891 de
702 1828 998 1892 Matr-im.
1038 1848 1170 1910 cap.
1211 1829 1311 1892 15.
1345 1850 1417 1892 n.·
1441 1831 1584 1893 90.:
1618 1853 1654 1887 «
1679 1828 1745 1893 Si
1776 1827 2105 1893 delectatio
2138 1827 2223 1891 sit
2257 1827 2323 1891 in
2359 1827 2771 1902 voluntate...,

308 1931 690 2013 probabilior
736 1934 831 1995 est
879 1931 1147 1996 secunda
1192 1931 1501 1996 sententia
1546 1931 1722 2012 (ibid.
1774 1952 1833 1995 n.
1883 1932 2040 2014 89.)‚
2074 1949 2232 2012 quae
2278 1930 2432 1994 dicit
2477 1949 2598 1994 non
2644 1949 2773 1993 esse

310 2033 500 2096 talem
548 2033 1087 2099 delectationem...
1136 2034 1300 2098 inter
1345 2033 1638 2118 coniuges
1685 2035 2107 2115 peccatum...;
2155 2032 2305 2114 quia
2353 2032 2497 2096 talis
2537 2033 2632 2095 est
2677 2030 2775 2094 de-

311 2136 583 2214 lectatio,
623 2137 808 2218 quale
861 2138 1171 2202 obiectum
1216 2137 1292 2201 de
1336 2157 1461 2220 quo
1508 2137 1819 2220 capitur,..
1867 2135 1988 2201 Sed
2030 2136 2252 2219 copula
2288 2136 2451 2200 inter
2479 2134 2772 2218 coniuges

310 2241 399 2302 est
442 2239 654 2303 licita:
689 2257 837 2323 ergo
870 2239 1161 2304 delectari
1192 2239 1267 2304 de
1296 2240 1409 2304 illa
1439 2240 1558 2305 erit
1587 2240 1782 2304 etiam
1811 2239 2077 2315 licitum,
2115 2239 2206 2302 ita
2240 2239 2314 2301 ut
2345 2237 2397 2301 si
2431 2238 2508 2301 ob
2539 2237 2771 2300 bonum

316 2340 565 2422 aliquod
611 2341 943 2405 honestum
989 2341 1390 2419 delectentur,
1429 2342 1603 2406 nulla
1649 2341 1832 2424 culpa
1879 2340 2057 2406 sit».

392 2443 535 2507 Dixi
583 2442 795 2523 quoad
835 2441 997 2506 hane
1046 2441 1234 2507 thesis
1269 2447 1560 2524 partem,·
1607 2463 1752 2508 nam
1790 2443 1856 2507 1⁰
1886 2444 2021 2508 heic
2066 2443 2326 2507 miscent
2361 2442 2771 2525 inopportune

313 2563 653 2612 sermonem
701 2547 893 2612 etiam
939 2546 1013 2611 de
1062 2546 1346 2630 appetitu
1391 2546 1722 2611 sensitivo:
1775 2548 1844 2610 2⁰
1890 2545 2031 2610 dein
2073 2544 2390 2628 reperiunt
2448 2545 2771 2628 peccatum

308 2651 565 2715 mortale
599 2651 663 2714 in
690 2651 886 2734 partis
909 2650 1217 2714 inferioris
1240 2650 1687 2726 commotione3
1713 2650 1880 2731 quod
1911 2649 2269 2713 nullatenus
2294 2647 2767 2725 admittendum,

314 2754 382 2815 ut
411 2752 643 2817 dicturi
672 2772 816 2817 mox
848 2772 1084 2817 sumus.

306 2886 317 2895 ·
392 2856 634 2920 Auctor
680 2856 843 2918 enim
893 2854 1085 2931 addit,
1132 2856 1297 2919 inter
1348 2855 1641 2938 coniuges
1685 2874 1808 2919 non
1854 2873 1984 2919 esse
2039 2852 2364 2916 mortalem
2410 2852 2770 2917 delectatio-

309 2975 443 3020 nem
474 2956 837 3021 sensibilem
866 2960 929 3019 et
956 2977 1298 3031 veneream,
1322 2977 1395 3022 ex
1432 2958 1728 3041 cogitatis
1761 2958 2004 3021 actibus
2035 2956 2468 3038 coniugalibus
2499 2956 2766 3036 captam,

308 3058 359 3120 si
392 3059 556 3125 absit
588 3058 935 3142 periculum
974 3059 1364 3141 pollutionis:
1405 3059 1570 3140 quod
1603 3058 1964 3123 Salmantic.
1999 3058 2042 3121 1.
2076 3077 2129 3120 0.
2163 3078 2222 3119 11.
2257 3058 2362 3119 90.
2397 3056 2610 3119 dicunt
2639 3074 2771 3136 pec-

310 3161 515 3224 catum
558 3161 828 3226 mortale
874 3180 1025 3226 esse.

395 3263 485 3325 De
514 3263 635 3326 hac
664 3283 730 3327 re
760 3264 912 3326 haec
943 3281 990 3326 s.
1026 3262 1383 3344 Alphonsus
1413 3262 1520 3326 lib.
1542 3263 1602 3325 5.
1630 3283 1690 3325 n.
1720 3263 1861 3325 25.:
1895 3286 1930 3319 «ι
1957 3260 2113 3324 Vere
2138 3259 2519 3342 probabilem
2555 3276 2768 3322 censeo

310 3364 682 3429 sententiam
726 3365 1168 3441 Busembaum,
1217 3383 1342 3446 qua
1388 3363 1558 3438 dicit,
1598 3364 1845 3431 licitum
1874 3382 2006 3428 esse
2052 3362 2438 3446 coniugibuS,
2478 3361 2768 3426 delectari

309 3465 496 3530 etiam
543 3467 879 3531 carnaliter
927 3466 1087 3549 (scil.
1136 3466 1544 3531 delectatione
1590 3466 1889 3532 sensitiva
1936 3468 2001 3530 et
2045 3465 2278 3530 carnali
2324 3485 2434 3530 seu
2487 3465 2771 3546 venerea)

308 3567 381 3632 de
425 3570 648 3652 copula
697 3569 915 3634 habita
961 3567 1058 3633 vel
1104 3567 1340 3645 futura,
1388 3587 1627 3652 semper
1673 3589 1745 3633 ac
1793 3569 1958 3634 absit
1995 3569 2339 3652 periculum
2384 3566 2767 3651 pollutionis.

312 3670 493 3737 Ratio
541 3676 658 3749 est,
706 3672 873 3753 quia,
925 3672 1112 3753 prout
1159 3673 1224 3734 et
1268 3670 1628 3736 Salmantic.
1677 3672 1894 3737 dicunt
1940 3673 1982 3736 l.
2021 3693 2072 3736 c.
2111 3693 2173 3737 n.
2223 3672 2328 3735 84.
2377 3672 2450 3735 de
2496 3671 2768 3735 tactibus

308 3771 650 3856 impudiciS,
684 3773 815 3856 ipse
846 3776 1054 3838 status
1086 3773 1473 3838 matrimonii
1507 3774 1659 3839 haec
1691 3775 1900 3840 omnia
1937 3775 2111 3839 licita
2133 3774 2368 3849 reddit;
2403 3773 2526 3837 alia
2563 3773 2768 3837 status

310 3875 695 3942 matrimonii
739 3877 900 3941 esset
961 3876 1167 3940 nimiis
1224 3876 1531 3958 scrupulis
1594 3879 1896 3943 obnoxius
1925 3903 1988 3942 ».
2030 3878 2112 3941 Et
2165 3895 2307 3941 mox
2361 3874 2629 3950 subiicit,
2675 3873 2768 3936 ita

313 3981 534 4044 sentire
597 3979 845 4046 Filliuc.
892 3979 1123 4043 Bonae.
1172 3977 1392 4043 Sanch.
1440 3979 1609 4044 Less.
1659 3980 1882 4057 Diana,
1931 4001 1979 4045 s.
2028 3979 2435 4054 Antoninum,
2490 3975 2771 4040 Caietan.

309 4077 598 4159 Coninch,
648 4080 851 4157 Croix,
901 4082 1260 4159 Gersonem,
1295 4080 1495 4157 Suar.,
1546 4082 1870 4166 Laymann
1902 4086 1966 4146 et
2002 4082 2158 4146 alios
2205 4082 2505 4165 plurimos
2542 4083 2606 4144 et
2635 4097 2772 4161 pro-

314 4182 514 4248 babile
546 4184 669 4247 dici
699 4184 893 4247 etiam
926 4202 959 4246 a
993 4182 1584 4249 Salmanticensibus
1620 4185 1663 4249 l.
1697 4204 1747 4249 c.
1784 4205 1844 4248 n.
1881 4186 1985 4248 89.
2025 4187 2089 4249 et
2126 4204 2175 4248 S.
2209 4184 2514 4248 Thomam
2544 4182 2770 4263 favere.

392 4286 472 4349 Et
505 4287 711 4368 reipsa
744 4304 792 4349 s.
834 4285 1105 4349 Thomas
1137 4285 1210 4348 de
1243 4285 1412 4350 Mal.
1447 4307 1509 4368 q.
1547 4288 1649 4351 15.
1683 4290 1802 4352 art.
1831 4290 1892 4352 2.
1927 4288 2004 4351 ad
2039 4288 2140 4352 17.
2174 4289 2325 4352 haec
2355 4287 2574 4351 habet:
2607 4310 2642 4344 «
2666 4284 2771 4348 Di-

308 4388 583 4463 cendum,
612 4387 842 4469 quod...
869 4387 1307 4453 delectationes
1335 4389 1393 4452 in
1422 4389 1693 4454 bonitate
1718 4394 1780 4453 et
1799 4391 2048 4455 malitia
2070 4392 2531 4473 consequuntur
2564 4409 2771 4472 opera-

309 4490 507 4556 tiones
545 4491 938 4556 delectabiles
981 4492 1044 4553 et
1076 4490 1209 4556 ideo
1243 4492 1407 4556 sicut
1437 4494 1702 4557 carnalis
1734 4495 2092 4560 commixtio
2139 4515 2262 4561 non
2308 4496 2405 4559 est
2448 4498 2768 4576 peecatum
