3529 5158
387 343 532 418 [663]
943 357 1265 405 QUATENUS
1304 358 1465 401 nnus
1503 356 1695 399 Acrns
1738 356 2049 398 PnornAm
2085 356 2310 396 Poms‘r
2752 340 2858 394 585

386 456 648 532 interno,
691 455 938 519 etiamsi
985 474 1091 537 per
1136 454 1411 519 multum
1441 453 1742 536 temporis
1791 452 2111 516 duraverit
2157 452 2305 516 talis
2344 452 2519 515 actus
2556 452 2854 529 internus,

384 557 741 622 nullatenus
787 557 1110 622 moraliter
1171 557 1578 639 interruptuS,
1629 555 1760 619 scil.
1811 574 1887 619 ne
1943 574 2049 637 per
2097 554 2549 620 involuntarias
2610 554 2856 634 quidem

382 660 932 724 eoetraordinwrias
967 659 1450 742 interruptiones
1482 684 1543 721 ».

469 762 649 843 Quod
697 782 840 828 vero
890 762 1064 827 addit
1111 761 1476 826 Tamburini
1516 761 1662 825 ibid.
1699 782 1760 826 n.
1800 762 1927 834 38„
1962 760 2178 824 debere
2227 760 2642 844 poenitentem
2674 760 2858 842 expli-

381 884 536 943 care,
571 886 636 929 se
656 886 779 945 per
811 868 1056 928 tantum
1095 868 1330 943 tempus
1377 883 1759 947 procurasse,
1801 866 1876 927 ut
1908 863 2143 927 scilicet
2180 862 2439 946 (inquit)
2484 862 2848 940 innotescat,

380 985 453 1030 an
506 970 569 1031 et
616 987 774 1050 quae
820 967 1215 1050 persistentia
1264 966 1498 1050 peccati
1538 966 1882 1030 habitualis
1922 965 2339 1049 praecesserit,
2383 965 2499 1029 hoc
2545 984 2692 1029 sane
2727 984 2849 1029 non

377 1069 667 1133 cohaeret
711 1089 854 1135 cum
900 1068 1181 1133 doctrina
1230 1087 1363 1144 sua,
1413 1068 1820 1133 contendente
1891 1087 2089 1130 unum
2134 1086 2263 1130 esse
2298 1070 2638 1145 peccatum.
2686 1066 2850 1130 Nam

377 1171 708 1236 necessitas
755 1171 1179 1254 exprimendae
1212 1170 1559 1235 durationis
1597 1189 1668 1233 ex
1701 1169 1927 1252 duplici
1966 1187 2154 1234 causa
2192 1169 2442 1232 tantum
2489 1168 2698 1233 adesse
2734 1187 2845 1251 po-

373 1274 517 1350 test,
568 1275 666 1338 vel
719 1275 784 1337 1⁰
829 1276 977 1357 quia
1022 1273 1350 1356 multiplex
1398 1276 1494 1338 est
1544 1274 1868 1355 peccatum
1918 1272 1995 1336 ob
2045 1273 2221 1335 actus
2284 1269 2736 1352 multiplicatos
2782 1272 2846 1334 et

372 1374 596 1441 horum
643 1396 971 1440 numerum
1020 1377 1337 1460 assignare
1382 1394 1506 1439 non
1553 1376 1650 1439 est
1697 1374 2025 1458 possibile:
2075 1374 2174 1437 vel
2222 1374 2291 1436 2⁰
2329 1373 2476 1454 quia
2506 1373 2706 1437 maior
2736 1372 2842 1436 du-

368 1478 532 1543 ratio
582 1482 676 1542 est
722 1479 1196 1543 circumstantia
1247 1496 1598 1561 aggravans
1638 1478 1825 1541 unius
1874 1477 2150 1558 alioquin
2199 1476 2450 1558 peccati.
2486 1476 2683 1556 Atqui
2713 1477 2842 1557 ipse

364 1582 705 1659 contendit,
733 1582 1055 1663 peccatum
1088 1598 1218 1643 esse
1250 1597 1505 1643 numero
1544 1599 1769 1651 unum;
1813 1580 2228 1662 aggravantes
2260 1597 2403 1642 vero
2437 1578 2841 1643 circumstan-

363 1683 491 1746 tias
537 1683 721 1745 fateri
768 1700 1010 1745 necesse
1062 1700 1186 1745 non
1235 1682 1350 1744 est.
1385 1679 1551 1762 Ergo
1599 1680 1763 1760 quod
1814 1680 1904 1743 ait
1950 1680 2023 1743 de
2058 1680 2471 1759 persistentia
2505 1681 2615 1743 illa
2661 1680 2842 1745 confi-

362 1784 574 1859 tenda,
608 1802 731 1847 non
764 1783 916 1846 facit
950 1782 1028 1848 ad
1060 1802 1209 1847 rem.

456 1885 573 1950 Sed
620 1888 825 1969 reipsa
872 1887 1029 1950 nihil
1077 1886 1458 1968 frequentius
1505 1886 1568 1949 in
1618 1886 1733 1949 hac
1779 1887 2043 1951 materia
2092 1887 2378 1959 occurrit,
2417 1888 2491 1950 ut
2534 1886 2835 1951 Auctores

358 1989 555 2053 simul
602 1990 987 2073 coniungant
1032 1989 1292 2053 lacinias
1329 1989 1774 2067 doctrinarum,
1810 2009 1968 2071 quae
2013 1990 2275 2053 invicem
2322 2008 2444 2054 non
2475 1989 2829 2066 cohaerent;

354 2091 510 2172 quia
541 2091 750 2157 minus
783 2091 1194 2167 considerant,
1229 2110 1527 2172 quorsum
1562 2091 1671 2155 alii
1700 2091 1763 2156 id
1798 2092 2246 2156 affirmaverint
2276 2092 2374 2156 vel
2404 2092 2783 2177 negaverint.

449 2189 626 2263 663.
675 2194 865 2257 Aliud
912 2194 1099 2257 habet
1129 2212 1177 2256 s.
1215 2192 1571 2284 Alphonsus
1617 2194 1680 2257 in
1729 2194 1942 2258 eodem
1988 2195 2124 2259 loco
2161 2214 2221 2257 n.
2257 2195 2361 2258 39.
2395 2193 2494 2258 Ad
2523 2195 2831 2276 quaestio-

356 2315 500 2359 nem
531 2295 716 2373 enim,
751 2315 829 2359 an
857 2296 1252 2375 prolmsitum
1280 2296 1776 2378 interrumpatur
1806 2315 1913 2378 per
1949 2315 2302 2361 communes
2327 2296 2825 2378 interruptioneS,

356 2398 720 2479 respondet:
769 2422 805 2456 ‹
835 2396 1043 2482 Negat
1076 2398 1252 2481 Lugo
1286 2397 1441 2479 disp.
1482 2397 1601 2467 16.κ
1619 2418 1677 2460 n.
1716 2398 1866 2461 567.
1900 2400 1963 2461 et
1995 2398 2289 2462 adhaeret
2310 2398 2674 2462 Tamburini
2704 2399 2746 2461 l.
2772 2418 2822 2462 c.

357 2519 417 2564 n.
453 2500 559 2563 35.
597 2501 700 2564 36.
737 2501 985 2563 etiamsi
1029 2521 1261 2582 „sayna
1298 2520 1474 2564 mora
1505 2499 1869 2563 intercedat.
1913 2499 2029 2564 Sed
2061 2501 2211 2565 haec
2243 2501 2449 2584 opinio
2489 2503 2583 2565 est
2613 2503 2827 2566 contra

356 2621 749 2668 communem
784 2629 844 2667 ».

443 2706 644 2788 Atqui
690 2707 806 2771 hoc
852 2725 974 2771 non
1021 2707 1184 2770 recte
1230 2706 1458 2770 dicitur
1503 2708 1642 2770 tum
1689 2707 1763 2771 de
1812 2707 2196 2784 Tamburini,
2246 2708 2354 2789 qui
2392 2725 2463 2772 eo
2500 2708 2635 2773 loco
2667 2708 2823 2773 nihil

353 2808 428 2873 de
459 2828 533 2873 ea
566 2828 632 2873 re
663 2808 870 2882 habet,
905 2809 1041 2871 tum
1078 2809 1270 2874 etiam
1306 2808 1381 2873 de
1430 2809 1627 2893 Lug0,
1661 2810 1770 2891 qui
1819 2810 1883 2873 in
1928 2811 2038 2875 illo
2077 2811 2212 2875 loco
2243 2811 2371 2875 imo
2404 2810 2555 2876 dicit
2583 2813 2823 2876 contra-

353 2911 537 2976 rium.
574 2909 674 2974 Sic
706 2910 888 2988 enim,
922 2910 1226 2992 loquendo
1252 2911 1325 2974 de
1358 2911 1427 2974 P.
1463 2912 1634 2976 Ioan.
1678 2909 1873 2976 Salas.
1909 2912 2086 2996 Lugo
2121 2913 2367 2977 scribit:
2409 2937 2444 2972 «c
2476 2914 2549 2978 Id
2585 2913 2816 2991 autem,

354 3014 520 3096 quod
568 3013 760 3091 addit,
801 3014 917 3077 hoc
962 3013 1231 3098 intelligi
1277 3015 1437 3095 (scil.
1487 3033 1683 3077 unum
1721 3032 1853 3077 esse
1901 3016 2269 3096 peccatum),
2303 3014 2434 3076 nisi
2478 3014 2824 3077 intercedat

352 3118 521 3180 inter
564 3118 741 3187 aetus
786 3117 955 3196 ipSos
998 3115 1343 3179 voluntatis
1386 3115 1655 3178 multum
1695 3119 1952 3194 tempus,
1986 3130 2205 3178 VERUM
2251 3130 2442 3177 ETIAM
2489 3130 2599 3177 Es‘r
2644 3115 2819 3180 iuxta

353 3217 436 3296 id,
477 3219 642 3299 quod
687 3238 821 3302 sup.
862 3240 921 3282 n.
965 3220 1113 3282 545.
1164 3218 1431 3281 diximus
1478 3217 1553 3281 de
1597 3216 1734 3298 ipso
1783 3217 2034 3298 peccato
2081 3219 2357 3288 externo,
2406 3216 2596 3279 etiam
2643 3217 2815 3280 nulla

351 3320 743 3385 revocatione
790 3321 1014 3404 posita,
1063 3320 1432 3402 interrumpi
1470 3338 1575 3403 per
1621 3319 2137 3400 interruptionem
2186 3318 2461 3399 aliquam
2492 3318 2809 3382 moralem.

350 3419 637 3487 Ceterum
686 3424 849 3487 sicut
894 3423 981 3487 ibi
1027 3422 1313 3500 diximuS,
1345 3422 1502 3487 illud
1534 3441 1655 3487 non
1686 3421 2057 3504 interrumpi
2102 3440 2208 3505 per
2254 3440 2540 3485 somnum
2588 3422 2700 3485 aut
2736 3421 2814 3486 si·

350 3526 527 3591 miles
572 3526 1055 3608 interruptiones
1102 3525 1476 3589 ordinarias:
1527 3526 1614 3589 sic
1659 3525 1923 3589 dicimus
1970 3524 2044 3588 de
2090 3525 2414 3589 voluntate
2460 3525 2694 3590 efficaci
2723 3525 2811 3590 in·

350 3629 543 3705 terna,
574 3628 724 3692 dum
756 3648 863 3710 per
893 3628 1085 3692 talem
1110 3628 1701 3704 concatenationem,
1729 3627 2089 3690 ordinatam
2118 3627 2207 3690 ad
2233 3647 2405 3707 opus,
2440 3631 2807 3712 operatur».

349 3730 420 3794 In
466 3731 694 3813 quibus
740 3731 929 3794 habes
975 3730 1234 3794 disserte
1281 3730 1647 3806 doctrinam,
1696 3749 1888 3812 quam
1933 3730 1998 3794 in
2045 3729 2633 3795 Salmanticensibus
2678 3731 2809 3812 ipse

347 3849 397 3895 s.
436 3834 792 3917 Alphonsus
837 3833 1138 3896 laudabat
1182 3833 1279 3896 uti
1325 3832 1821 3915 probabiliorem.

435 3936 517 4000 Et
562 3937 789 4001 clarius
835 3955 969 4000 eam
1019 3934 1214 4000 tradit
1258 3955 1317 3998 n.
1356 3936 1504 3998 545.
1547 3936 1624 3998 ab
1656 3953 1726 3999 eo
1760 3934 1974 4012 citat0,
2011 3954 2199 4016 quam
2237 3934 2483 4016 quidem
2531 3934 2656 3997 imo
2690 3934 2808 4016 ipsi

347 4034 861 4103 Salmanticenses
893 4038 1281 4119 exscripsisse
1317 4037 1624 4101 videntur.
1652 4037 1752 4100 Ita
1777 4037 1940 4101 enim
1973 4037 2185 4120 Lugo:
2220 4061 2254 4094 «
2279 4036 2422 4100 Dixi
2453 4038 2662 4099 tamen
2693 4035 2806 4099 has

345 4138 827 4223 interruptiones
873 4140 1088 4204 breves
1119 4142 1182 4203 et
1214 4158 1570 4204 communes
1607 4156 1713 4221 per
1744 4157 2033 4202 somnum
2071 4140 2133 4202 et
2163 4138 2393 4202 similia
2429 4157 2552 4202 non
2589 4136 2806 4203 tollere

346 4244 654 4309 unitatem
698 4244 968 4327 peccati:
1021 4243 1192 4307 aliud
1240 4244 1402 4307 enim
1451 4241 1778 4306 dicendum
1815 4243 1910 4304 est
1948 4241 2020 4305 de
2058 4241 2507 4323 interruptione
2539 4241 2807 4304 extraor-

343 4345 601 4425 dinaria,
635 4366 795 4430 quae
840 4347 1088 4429 quidem
1133 4347 1306 4411 tollit
1353 4346 1658 4410 unitatem
1704 4345 2004 4409 moralem
2053 4344 2314 4408 actionis
2359 4344 2686 4408 humanae.
2735 4342 2800 4408 Si

343 4449 506 4513 enim
552 4469 624 4514 ex
668 4449 1011 4514 intentione
1043 4447 1354 4513 occidendi
1383 4448 1658 4525 Petrum,
1693 4467 1836 4511 eum
1867 4465 2128 4528 quaeras
2165 4448 2228 4510 et
2259 4446 2417 4510 scias
2454 4446 2643 4510 fuisse
2674 4446 2798 4511 alio

342 4551 687 4633 profectum
735 4553 798 4616 et
841 4569 1234 4615 reversurum
1279 4552 1423 4632 post
1466 4569 1735 4615 mensem
1788 4551 1852 4613 et
1897 4552 1969 4615 tu
2015 4550 2302 4615 decernas
2349 4569 2492 4614 eum
2532 4549 2799 4614 occidere
