3529 5158
395 343 540 419 [716]
1400 359 1654 401 mvmta.
1696 358 1864 402 euna
2748 352 2857 407 615

397 455 587 521 aliud.
622 457 998 522 Beneficium
1028 457 1094 521 in
1127 477 1198 522 eo
1230 458 1345 535 est,
1384 456 1550 541 quod
1580 459 1663 537 te,
1699 477 1839 522 cum
1879 460 2089 541 posset
2118 478 2242 524 non
2274 480 2497 540 creare,
2532 463 2852 527 creaverit.

395 556 694 638 Quocirca
742 563 804 625 et
851 561 1098 643 perinde
1143 562 1238 625 est
1271 561 1487 643 optare
1518 579 1582 625 se
1614 579 1736 626 non
1768 559 1959 625 fuisse
1990 564 2211 626 natum
2243 566 2306 627 et
2343 582 2406 627 se
2454 563 2711 628 brutum
2755 564 2856 629 vel

395 661 674 744 stipitem
704 662 941 726 factum
971 662 1197 727 fuisse:
1231 663 1535 729 formulae
1559 664 1810 727 tantum
1843 662 2153 728 differunt.
2189 662 2255 728 Si
2293 651 2440 747 qm⁸d
2465 667 2560 729 est
2589 666 2652 729 in
2691 667 2857 730 hisce

394 764 710 830 desideriis
740 766 913 842 mali,
945 765 1011 830 id
1043 768 1137 831 est
1168 767 1385 830 contra
1417 765 1762 844 caritatem,
1798 785 1922 847 qua
1953 784 2065 830 nos
2097 765 2351 851 diligere
2384 766 2696 847 debemuS,
2731 787 2857 831 11011

392 866 580 930 habes
616 867 929 931 malitiam
959 867 1262 932 invidiae:
1310 867 1446 933 ideo
1485 867 1558 932 de
1589 869 1706 931 hac
1736 888 1821 945 re,
1857 868 1965 933 ubi
2003 868 2074 932 de
2100 866 2398 934 Caritate.
2432 869 2530 934 Ad
2561 869 2644 947 id,
2686 869 2853 952 quod

392 969 483 1033 ait
528 970 604 1033 A.
653 970 919 1035 mortale
967 989 1116 1047 esse,
1166 970 1220 1035 si
1253 971 1391 1053 quis
1438 969 1808 1034 maledicens
1857 970 1995 1047 diei,
2031 971 2313 1035 intendat
2353 973 2567 1053 optare
2613 972 2852 1037 malum

388 1090 580 1154 grave
613 1073 712 1137 vel
743 1073 863 1137 sibi
896 1074 991 1138 vel
1031 1074 1171 1137 aliis
1204 1093 1274 1139 eo
1322 1073 1419 1137 die
1466 1072 1651 1149 nati&
1701 1072 1844 1135 addi
1891 1074 2096 1155 potest
2142 1074 2407 1138 mortale
2446 1092 2576 1138 esse
2608 1093 2854 1156 quoque

391 1175 444 1238 si
469 1174 743 1239 divinam
770 1175 1222 1258 providentiam
1246 1175 1670 1259 disponentem
1695 1176 1951 1239 eventus
1977 1175 2108 1240 eius
2125 1175 2245 1240 diei
2272 1195 2530 1261 arguere
2546 1176 2851 1240 intendat.

388 1275 559 1340 Nota
606 1295 728 1340 non
775 1296 905 1341 esse
952 1277 1026 1341 de
1071 1276 1208 1354 fide,
1259 1276 1425 1358 quod
1468 1277 1511 1341 J
1516 1277 1669 1341 obus
1719 1277 2030 1359 proferens
2073 1278 2260 1343 verba
2295 1277 2411 1341 III.
2453 1279 2513 1342 3.
2540 1297 2728 1360 seqq„
2779 1297 2854 1341 ne

386 1378 608 1443 leviter
631 1379 879 1460 quidem
912 1380 1287 1462 peccaverit3
1322 1380 1385 1443 in
1412 1380 1539 1443 suis
1574 1379 1737 1443 enim
1763 1381 2147 1445 sermonibus
2180 1400 2321 1445 cum
2347 1380 2559 1445 amicis
2593 1380 2851 1445 subinde

386 1480 643 1545 modum
680 1482 956 1545 excessit.
1006 1478 1098 1544 Of.
1148 1480 1439 1545 XXXIX.
1493 1482 1597 1544 34.
1635 1483 1739 1545 35.
1791 1481 1978 1545 XLn.
2017 1484 2076 1545 3.
2111 1484 2153 1547 J
2158 1484 2345 1547 obum
2385 1485 2594 1547 tamen
2619 1484 2735 1547 III.
2787 1484 2848 1546 3.

386 1602 553 1665 seqq.
597 1587 660 1647 et
690 1584 1063 1647 mitissimus
1098 1584 1388 1648 Ieremias
1427 1584 1714 1648 imitatus
1748 1587 1842 1647 est
1865 1584 2003 1647 XX.
2044 1585 2145 1649 14.
2187 1605 2354 1667 seqq.

476 1687 672 1751 Porro
698 1686 755 1750 si
775 1685 1147 1750 desiderium
1171 1686 1325 1750 mali
1350 1686 1447 1749 vel
1477 1686 1595 1749 sibi
1626 1686 1725 1750 vel
1759 1687 1867 1749 alii
1901 1689 2012 1750 aut
2043 1686 2442 1751 irreverentia
2468 1707 2615 1772 erga
2647 1688 2852 1752 Deum

386 1789 615 1865 absint,
642 1789 831 1853 habes
855 1789 918 1852 in
935 1788 1295 1853 huiusmodi
1324 1788 1757 1853 maledictione
1783 1788 1905 1852 diei
1928 1788 2217 1854 affectum
2242 1791 2510 1854 hominis
2536 1790 2850 1855 tristantis

384 1890 458 1955 de
492 1892 703 1973 aliquo
728 1892 916 1968 male,
953 1891 1063 1974 qui
1096 1892 1350 1955 affectus
1374 1910 1626 1974 prorsus
1658 1892 1980 1975 legitimus
2005 1911 2135 1956 esse
2167 1895 2392 1975 potest,
2421 1893 2622 1975 qualis
2660 1892 2851 1958 fuisse

382 1995 667 2058 censetur
704 1993 765 2056 in
807 1992 850 2058 J
854 1993 989 2058 obo.
1025 1993 1060 2031 '¹‘

1173 2203 1336 2265 Doss.
1390 2202 1463 2265 V.
1499 2238 1580 2246 —
1616 2202 1974 2267 Ammonos
2006 2204 2055 2266 Ι.

1374 2339 1544 2421 Quid
1568 2341 1657 2443 sat
1684 2340 1856 2422 qula.

494 2522 699 2575 LXXV.
729 2525 876 2590 Resp.
903 2525 973 2575 Ea
999 2528 1073 2575 est
1110 2519 1416 2574 inordinatus
1453 2518 1700 2588 appetitus
1730 2518 1826 2573 cibi
1853 2526 1903 2573 et
1941 2525 2086 2587 potus
2125 2520 2486 2588 opponiturque
2527 2520 2846 2576 abstinentiae

377 2614 427 2662 et
464 2606 783 2661 committitur
808 2609 858 2661 5.
893 2606 1050 2660 modis
1098 2609 1137 2658 Ι.
1166 2605 1209 2659 si
1235 2608 1352 2659 edas
1383 2613 1493 2659 ante
1518 2612 1733 2671 tempus:
1761 2609 1811 2658 2.
1839 2604 1880 2658 si
1910 2604 2051 2673 nimis
2089 2604 2356 2671 exquisita:
2388 2608 2437 2658 3.
2465 2606 2507 2659 si
2533 2610 2644 2673 plus
2679 2606 2839 2662 iusto:

378 2692 426 2745 4.
453 2691 496 2745 si
532 2691 800 2745 voraciter:
828 2692 878 2744 5.
906 2691 948 2744 si
986 2690 1127 2744 nimis
1163 2690 1406 2757 exquisite
1443 2697 1750 2756 praeparata.
1781 2692 1949 2754 Laym.
1977 2693 2008 2742 Ι.
2037 2692 2086 2742 3.
2113 2705 2153 2743 s.
2183 2690 2231 2743 4.
2262 2704 2309 2742 n.
2339 2692 2387 2744 2.

483 2779 610 2829 Gula
648 2791 710 2829 ex
746 2789 926 2840 genere
964 2791 1054 2828 suo
1091 2782 1166 2829 eet
1204 2781 1455 2842 peceatum
1495 2781 1678 2828 tantum
1720 2773 1927 2839 veniale,
1955 2773 2069 2840 quia
2095 2775 2258 2829 nullus
2283 2778 2456 2829 horum
2483 2778 2741 2831 modorum
2767 2792 2841 2831 re-

377 2869 557 2928 pugnat
596 2860 814 2927 praecise
842 2859 1030 2914 caritati
1064 2860 1154 2913 Dei
1182 2861 1262 2914 vel
1288 2858 1514 2927 proximi.
1537 2857 1558 2880 ‘
1591 2864 1650 2913 Et
1690 2863 1785 2913 hoc
1823 2866 1993 2913 contra
2032 2859 2276 2926 proposit.
2306 2863 2353 2913 8.
2380 2859 2508 2915 inter
2535 2862 2839 2930 proscriptas

373 2949 435 2998 ab
476 2948 639 2999 innoc.
666 2947 752 2999 ΧΙ.
777 2945 819 2997 ·.
2288 2951 2295 2958 ·

463 3063 616 3138 718.
652 3068 877 3134 Recole
909 3068 1286 3133 versiculum
1311 3088 1359 3132 s.
1396 3066 1704 3131 Thomae:
1747 3091 1782 3123 «
1813 3066 2248 3148 Praepropere,
2287 3066 2479 3143 laute,
2515 3067 2718 3144 nimiS,
2748 3087 2842 3132 ar-

370 3170 607 3247 denter,
642 3171 916 3236 studiose
964 3196 1025 3233 ».
1061 3173 1121 3233 2.
1164 3172 1222 3232 2.
1259 3190 1315 3250 q.
1358 3170 1502 3232 148.
1540 3188 1595 3231 a.
1630 3169 1691 3230 4.
1734 3168 1908 3231 idem
1937 3168 2083 3230 ibid.
2119 3187 2175 3230 a.
2218 3170 2276 3231 2.
2314 3169 2590 3232 affirmat
2619 3170 2838 3253 gulam

373 3292 507 3337 esse
531 3276 849 3356 peccatum
873 3273 1159 3348 mortale,
1186 3272 1241 3335 si
1264 3271 1659 3335 delectationi
1684 3270 1870 3352 gulae
1893 3269 2173 3334 inhaeret
2194 3271 2382 3334 homo
2406 3271 2500 3334 ita
2531 3273 2604 3335 ut
2636 3273 2839 3335 Deum

373 3376 749 3454 contemnat,
799 3377 1057 3458 paratus
1106 3373 1339 3438 scilicet
1386 3392 1568 3457 agere
1614 3376 1830 3436 contra
1879 3372 1993 3435 Dei
2025 3375 2370 3456 praecepta.
2421 3372 2487 3437 Si
2518 3393 2662 3438 vero
2696 3375 2834 3455 quis

372 3477 763 3543 solummodo
794 3478 981 3541 nimis
1015 3475 1395 3559 concupiscit
1426 3475 1864 3539 delectationes
1905 3475 2203 3554 ciborum,
2237 3495 2360 3541 non
2392 3479 2602 3542 tamen
2632 3476 2724 3541 ita
2760 3479 2837 3541 ut

368 3584 625 3664 propter
670 3581 787 3645 hoc
832 3581 1063 3645 faceret
1109 3578 1345 3661 aliquid
1392 3579 1608 3643 contra
1646 3577 1760 3643 Dei
1809 3578 2030 3662 legem,
2080 3581 2174 3643 est
2219 3582 2544 3663 peccatum
2576 3581 2834 3647 veniale.

370 3683 472 3747 Ita
504 3702 554 3747 S.
590 3683 891 3747 Thomas:
941 3701 1088 3766 ergo
1136 3682 1286 3766 gula
1335 3682 1430 3744 est
1462 3680 1721 3745 venialis
1753 3700 1825 3745 ex
1872 3700 2092 3764 genere
2138 3701 2273 3746 suo.
2306 3682 2434 3747 Nec
2465 3684 2836 3749 contradicit

370 3786 713 3870 propositio
747 3786 1061 3849 damnata.
1093 3782 1472 3848 «Comedere
1496 3787 1559 3848 et
1584 3783 1789 3847 bibere
1816 3803 2009 3865 usque
2036 3786 2111 3847 ad
2138 3787 2495 3849 satietatem
2529 3787 2606 3849 ob
2632 3786 2832 3850 solam

369 3888 762 3972 voluptatem
794 3907 915 3952 non
950 3891 1043 3951 est
1089 3889 1430 3970 peccatum,
1471 3887 1654 3950 modo
1703 3905 1827 3951 non
1867 3886 2029 3950 obsit
2077 3887 2452 3960 valetudini3
2488 3889 2634 3968 quia
2664 3887 2836 3953 licite

371 3993 578 4073 potest
616 3990 931 4074 appetitus
963 3989 1270 4053 naturalis
1303 3989 1431 4053 suis
1465 3989 1706 4054 actibus
1752 3989 1874 4053 frui
1908 4014 1967 4051 ».
2004 3988 2075 4051 In
2114 4009 2238 4070 qua
2275 3989 2693 4072 propositione
2740 4009 2836 4055 ex-

370 4092 646 4157 cluditur
676 4091 943 4176 positive
973 4091 1112 4155 finis
1144 4092 1423 4169 ulterior,
1451 4095 1526 4155 ut
1555 4092 1682 4155 iam
1717 4091 1872 4154 alias
1906 4092 2262 4155 notavimus
2295 4091 2400 4174 (ob
2432 4091 2630 4156 solam
2663 4095 2835 4160 volu-

370 4197 638 4278 ptatem)
687 4197 750 4259 et
796 4194 1200 4259 confirmatur
1246 4193 1495 4276 quidem
1543 4194 1674 4258 eius
1706 4193 2103 4258 damnatione
2151 4194 2316 4276 quod
2347 4198 2670 4277 peccatum
2717 4198 2828 4263 sit:

368 4297 473 4361 sed
511 4316 635 4363 non
669 4297 897 4361 dicitur
928 4297 1110 4379 quale
1148 4297 1231 4361 sit
1261 4299 1602 4379 peccatum.
