3529 5158
1320 316 1666 357 PRAEFATIO
1704 285 1991 359 Em‘roms
2799 322 2890 363 vn

440 458 455 474 .
514 417 760 476 Doctor
805 415 1056 494 attigit,
1091 415 1377 477 fideliter
1406 415 1631 477 refert.
1668 418 1871 479 Hunc
1902 418 2192 480 laborem
2243 419 2564 480 Auctoris
2595 423 2883 481 aetatem

430 535 719 593 nostram
754 534 947 609 grato
977 531 1200 592 animo
1226 536 1647 609 accepturam
1675 551 1810 595 non
1842 534 2248 597 dubitamus.
2277 537 2587 597 Aliorum
2620 553 2886 614 quoque

428 647 787 724 doctorum,
829 664 1113 724 quorum
1158 651 1536 711 sententiae
1582 650 2093 727 quaestionibus
2139 652 2556 714 elucidandis
2610 656 2680 717 et
2725 654 2885 717 defi-

430 762 691 823 niendis
734 763 986 841 optime
1031 763 1500 843 conducerent,
1542 782 1677 826 non
1708 765 2052 827 dubitavit
2092 768 2168 827 B.
2206 766 2505 846 integros
2536 772 2766 831 textus
2813 776 2884 832 et

429 880 594 941 bene
640 881 874 958 longos
920 881 1220 961 recitare,
1251 888 1329 943 ut
1367 883 1532 958 quid
1578 882 1679 943 illi
1706 884 2077 972 sentirent,
2111 887 2420 960 apertum
2465 889 2643 947 esset
2682 890 2884 962 atque

427 1014 650 1058 eorum
696 998 923 1074 potins
968 1016 1167 1076 quam
1210 1000 1350 1062 suis
1396 1000 1621 1062 verbis
1661 1004 1977 1063 contexta
2011 1000 2330 1062 tractatio
2362 1001 2692 1063 Maiorum
2738 1007 2880 1064 tum

428 1111 792 1173 doctrinam
831 1116 975 1173 tum
1023 1114 1612 1176 demonstrationis
1644 1116 2032 1177 methodum
2066 1117 2477 1179 luculentius
2516 1118 2881 1180 exhiberet.

431 1230 576 1303 Quo
607 1228 861 1291 factum
891 1235 1015 1309 est,
1047 1235 1127 1292 ut
1173 1248 1309 1293 non
1356 1249 1506 1293 raro
1543 1248 1713 1308 opus
1744 1232 2255 1295 ballerinianum
2299 1235 2589 1312 speciem
2618 1252 2882 1311 praese-

427 1344 597 1406 ferre
643 1346 954 1407 videatur
1001 1348 1079 1424 (si
1125 1348 1285 1409 licet
1331 1347 1402 1408 in
1448 1347 1677 1424 parvis
1724 1348 2049 1425 exemplis
2090 1349 2459 1425 grandibus
2505 1349 2629 1425 uti)
2663 1352 2883 1427 operis

426 1461 784 1541 petaviani,
818 1463 904 1525 ad
935 1464 1220 1525 eundem
1266 1464 1501 1525 saltem
1542 1464 1900 1527 collineare
1945 1481 2240 1544 scopum,
2274 1468 2354 1527 ut
2393 1464 2737 1527 doctrinae
2777 1483 2881 1528 ca-

425 1579 567 1655 put,
601 1577 781 1654 quod
813 1578 1120 1658 occurrit,
1160 1578 1516 1640 sententiis
1561 1583 1633 1640 et
1677 1581 2097 1659 argumentis
2129 1580 2482 1660 Maiorum,
2520 1583 2880 1644 eorundem
2991 1665 2996 1672 .

424 1692 645 1753 verbis
690 1692 1010 1772 recitatis,
1044 1697 1114 1755 et
1158 1695 1466 1756 tradatur
1496 1698 1566 1755 et
1596 1695 1989 1770 explicetur.
2024 1694 2375 1758 Professus
2408 1700 2510 1757 est
2556 1697 2699 1773 ipse
2746 1715 2876 1760 non

423 1808 623 1868 semel
668 1826 741 1869 se
785 1809 958 1870 nihil
1005 1811 1151 1871 novi
1183 1811 1421 1891 dicere,
1461 1811 1642 1890 quod
1688 1828 1928 1889 nempe
1976 1813 2107 1873 iam
2139 1831 2180 1874 a
2213 1813 2493 1875 Scholae
2541 1814 2881 1890 magistris

424 1923 674 1985 dictum
720 1943 859 1987 non
889 1925 1097 1987 fuerit
1132 1943 1255 1989 nec
1291 1927 1610 1989 falsitatis
1646 1928 1841 2006 argui
1872 1929 2127 2006 potuit:
2164 1930 2234 1991 id
2281 1934 2503 1991 tamen
2553 1948 2688 1992 nou
2727 1948 2878 2009 pro-

423 2040 662 2120 hibuit,
703 2042 1061 2118 quominus
1106 2042 1394 2105 subinde
1438 2042 1690 2106 dioeret
1736 2062 1908 2104 nove.

506 2157 766 2218 Deinde
798 2175 996 2219 curae
1028 2159 1312 2220 Auctori
1362 2163 1591 2221 nostro
1630 2159 1763 2221 fuit
1795 2161 1998 2223 certis
2045 2161 2727 2224 demonstrationibus
2758 2162 2876 2224 do-

418 2273 665 2336 ctrinas
702 2274 1151 2336 communire:
1202 2275 1341 2336 vim
1396 2275 1679 2353 proinde
1732 2281 2304 2359 argumentorum,
2354 2296 2526 2355 quae
2581 2281 2666 2341 ab
2726 2281 2877 2342 aliis

416 2387 865 2469 proferuntur,
914 2391 1308 2470 expendere,
1356 2391 1650 2467 seposito
1698 2393 1994 2469 partium
2041 2394 2267 2455 studio
2313 2398 2383 2456 et
2428 2396 2705 2457 invidia.
2741 2398 2877 2458 Ubi

415 2510 639 2566 autem
685 2522 853 2584 opus
899 2511 1044 2567 erat
1079 2510 1148 2569 et
1192 2508 1481 2568 materia
1512 2507 1791 2583 ferebat,
1832 2509 2383 2571 scholasticorum
2419 2512 2728 2590 vestigiis
2774 2514 2877 2574 in·

417 2622 663 2684 sistens
708 2622 972 2683 studuit
1003 2623 1286 2684 morales
1332 2624 1673 2686 doctrinas
1717 2625 2032 2688 rationali
2078 2643 2394 2704 processu
2448 2631 2760 2691 evolvere
2805 2636 2876 2692 et

416 2738 785 2814 explicare:
821 2738 1372 2815 quemadmodum
1408 2740 1479 2801 in
1526 2741 1761 2818 primis
1808 2742 2209 2804 tractatibus
2241 2744 2667 2821 generalibus
2698 2747 2873 2808 aliis·

413 2869 545 2929 que
589 2853 819 2915 videre
865 2856 1012 2916 erit.

504 2971 878 3049 Praeterea,
913 2972 1229 3047 quoniam
1278 2972 1349 3032 id
1395 2973 1598 3034 habet
1644 2975 1990 3051 proprium
2036 2976 2319 3037 scientia
2364 2993 2642 3057 morum,
2674 2983 2755 3041 ut
2802 2981 2872 3040 in

412 3085 553 3146 suis
587 3086 1127 3148 conclusionibus
1160 3086 1546 3165 frequenter
1576 3091 1913 3153 innitatur
1944 3093 2331 3154 auctoritati
2365 3095 2766 3176 sapientum,
2795 3103 2873 3158 ut

408 3203 690 3280 proinde
713 3203 882 3265 illud
907 3222 1028 3281 pro
1066 3206 1301 3283 regula
1331 3206 1667 3266 actionum
1700 3207 2008 3284 accipiat,
2033 3208 2212 3283 quod
2245 3209 2555 3282 pluribus
2586 3210 2696 3268 vel
2733 3213 2872 3272 exi-

410 3318 565 3379 miis
589 3319 970 3380 doctoribus
1002 3319 1220 3380 visum
1254 3321 1364 3399 sit,
1399 3320 1611 3380 sensit
1640 3323 1718 3380 B.
1752 3337 1954 3394 quam
1987 3320 2273 3380 maxime
2305 3325 2630 3397 oportere,
2671 3327 2749 3384 ut
2781 3325 2873 3385 ci-

407 3435 702 3496 tationes
748 3438 1122 3497 Anctorum
1168 3453 1289 3511 pro
1335 3435 1625 3512 singulis
1655 3435 2013 3498 sententiis
2060 3440 2280 3498 certae
2318 3442 2543 3499 essent
2572 3443 2644 3501 et
2679 3458 2871 3502 accu-

407 3557 622 3612 ratae:
650 3555 1058 3629 quapropter
1088 3551 1159 3612 in
1190 3570 1268 3613 eo
1300 3552 1599 3612 studium
1632 3569 1829 3614 suum
1861 3553 2159 3630 impense
2193 3554 2564 3635 collocavit,
2591 3562 2669 3618 ut
2706 3558 2866 3634 qnid

406 3667 696 3744 quisque
754 3668 1021 3747 dixerit,
1070 3667 1329 3728 sincere
1389 3667 1668 3729 referret
1727 3687 1806 3729 ac
1868 3670 2071 3731 falsas
2134 3688 2253 3731 seu
2316 3671 2538 3733 minus
2594 3673 2869 3734 idoneas

406 3782 690 3844 aliorum
739 3784 1092 3844 citationes
1123 3783 1527 3845 emendaret.
1564 3783 1834 3846 Scilicet
1866 3802 1999 3845 non
2046 3785 2133 3845 ad
2179 3802 2421 3845 vanam
2471 3786 2869 3848 eruditionis

406 3915 643 3960 auram
686 3899 1085 3975 captandam
1143 3903 1265 3961 aut
1308 3900 1393 3961 ad
1439 3900 1766 3961 invidiam
1814 3901 1971 3961 huic
2016 3900 2127 3961 vel
2183 3899 2283 3959 illi
2333 3900 2669 3978 Γ1311801030
2714 3919 2869 3963 con-

405 4013 721 4092 flandam,
759 4013 885 4075 hoc
929 4030 1097 4089 opus
1145 4014 1633 4076 emendationis
1679 4013 2003 4077 Ballerini
2051 4014 2381 4092 suscepit3
2425 4014 2545 4074 sed
2589 4016 2750 4090 quia
2797 4017 2868 4077 in

404 4129 935 4206 quaestionibus,
970 4129 1086 4190 nbi
1134 4130 1286 4206 quis
1331 4130 1731 4191 auctoritate
1771 4131 2115 4191 doctorum
2167 4130 2571 4190 sententiam
2617 4135 2864 4212 tuetur,

404 4260 580 4322 opus
603 4248 706 4306 est
728 4245 1031 4322 apprime
1064 4261 1277 4326 nosse,
1305 4245 1574 4323 quinam
1607 4263 1728 4322 pro
1758 4247 1904 4326 hac,
1939 4245 2210 4322 quinam
2238 4262 2359 4323 pro
2381 4246 2500 4307 illa
2533 4249 2871 4309 sententia

401 4369 686 4443 pugnet.
720 4366 872 4426 Non
904 4365 1081 4426 enim
1130 4364 1410 4442 perinde
1446 4369 1570 4444 est,
1610 4381 1731 4440 pro
1772 4364 2001 4440 aliqua
2038 4364 2500 4439 amplectenda
2531 4364 2867 4441 opinione,

399 4486 551 4547 sive
584 4487 821 4544 auctor
867 4482 992 4543 tibi
1042 4483 1134 4542 sit
1178 4499 1230 4543 s.
1283 4481 1677 4542 Antoninus
1724 4481 1870 4541 sive
1911 4479 2230 4558 Antoine,
2266 4480 2411 4541 sive
2456 4481 2684 4557 plnres
2731 4480 2870 4541 sint

396 4605 711 4664 auctores
759 4598 904 4660 sive
952 4598 1149 4677 pauci
1197 4603 1267 4659 et
1311 4598 1483 4658 forte
1530 4596 1721 4656 nulli.
