3529 5158
713 398 857 439 xmv
1572 398 1707 438 smel
1716 396 1786 437 DS
1823 396 2290 437 CHRONOLOGIGA

827 500 934 558 22.
986 499 1309 571 Quamvis
1369 500 1536 559 haec
1596 499 1903 558 doctrina
1949 500 2049 572 (de
2097 515 2269 585 puro
2331 500 2578 576 amore)
2631 500 2809 558 esset
2868 515 3038 573 pura
3100 502 3170 557 et

715 589 998 663 simplex
1046 588 1367 662 perfectio
1427 587 1821 662 evangelica
1864 588 1933 646 in
1999 588 2316 647 universa
2363 587 2726 647 traditione
2772 587 3166 663 designata3

715 677 979 752 antiqui
1027 682 1326 752 pastores
1374 693 1507 736 non
1555 677 2019 752 proponebant
2062 675 2310 752 passim
2359 676 2781 736 multitudini
2838 677 3166 736 iustorum

712 767 843 826 nisi
889 765 1209 827 exercitia
1253 767 1495 827 amoris
1541 766 1924 826 interessati
1978 781 2204 825 eorum
2252 766 2508 839 gratiae
2551 765 3075 841 proportionata.

803 857 908 915 23.
954 857 1173 915 Purus
1217 872 1401 914 amor
1448 855 1590 930 ipse
1636 856 1819 915 solus
1866 855 2222 916 constituit
2267 860 2478 915 totam
2526 855 2731 914 vitam
2784 854 3164 914 interiorem

712 947 783 1005 et
829 948 991 1004 tunc
1035 944 1266 1004 evadit
1303 944 1573 1003 unicum
1621 944 2022 1020 principium
2062 948 2130 1004 et
2174 944 2445 1003 unicum
2496 944 2821 1003 motivum
2869 944 3161 1003 omnium

711 1038 1003 1108 actuum,
1053 1033 1169 1107 qui
1217 1033 1567 1093 deliberati
1618 1036 1687 1092 et
1734 1033 2055 1093 meritorii
2103 1036 2282 1093 sunt.

803 1123 1168 1183 Damnatae
1190 1128 1250 1181 et
1279 1123 1649 1197 reprobatae
1678 1124 2020 1200 tanquam,
2047 1122 2193 1181 sive
2225 1122 2292 1180 in
2329 1121 2528 1182 obvio
2557 1138 2784 1181 earum
2810 1123 3164 1182 verborum

712 1228 914 1272 sensu
962 1211 1107 1271 sive
1144 1215 1406 1271 attenta
1452 1212 1933 1272 sententiarum
1985 1211 2413 1288 connexione,
2449 1211 2856 1289 temerariae,
2893 1212 3168 1272 scanda-

715 1303 913 1379 losae,
965 1301 1136 1359 male
1181 1305 1516 1376 sonantes,
1556 1302 1812 1375 piarum
1856 1301 2116 1361 aurium
2165 1301 2549 1378 offensivae,
2598 1301 2670 1360 in
2715 1300 2906 1375 praxi
2945 1301 3168 1376 perni-

712 1391 928 1451 ciosae
975 1407 1054 1449 ac
1096 1390 1297 1449 etiam
1346 1391 1718 1465 respective
1763 1407 2093 1450 erroneae.

1718 1570 1777 1628 N
1787 1570 1938 1629 ΠΜ.
1992 1571 2181 1629 XIV.

715 1695 1189 1773 Propo-sitiones
1243 1698 1379 1755 101.
1425 1694 1757 1753 ΡαεσΙιαείἱ
1812 1693 2147 1770 quesnelli,
2207 1694 2546 1753 davmatae
2592 1712 2633 1751 a
2684 1692 2989 1754 Clemente
3033 1692 3163 1754 XI.

894 1784 1341 1843 constitutione
1396 1782 1798 1858 Unigenitus
1846 1788 1955 1841 etc.
1992 1786 2032 1842 8
2072 1783 2237 1860 Sept.
2275 1786 2452 1842 1713.

806 1932 863 1987 1.
908 1927 1084 1999 Quid
1131 1927 1313 1986 aliud
1363 1931 1661 1986 remanet
1705 1927 1984 2003 animae,
2034 1943 2209 2002 quae
2257 1927 2471 1986 Deum
2520 1929 2725 2001 atque
2771 1927 2982 2001 ipsius
3021 1945 3168 2004 gra-

714 2017 873 2077 tiam
910 2016 1153 2091 amisit,
1181 2015 1309 2075 nisi
1360 2020 1702 2089 peccatum
1737 2018 1808 2074 et
1836 2016 2093 2089 peccati
2142 2017 2660 2093 consecutiones,
2689 2016 2976 2091 superba
3006 2034 3168 2092 pau·

712 2109 936 2181 pertas
982 2109 1052 2165 et
1099 2104 1325 2179 segnis
1372 2104 1766 2179 indigentia,
1818 2105 1942 2163 hoc
1988 2108 2092 2165 est
2137 2105 2467 2180 generalis
2513 2105 2913 2180 impotentia
2957 2106 3041 2165 ad
3072 2107 3167 2166 la·

714 2196 960 2269 borem,
1010 2194 1095 2253 ad
1142 2193 1504 2253 orationem
1557 2198 1628 2252 et
1673 2192 1755 2251 ad
1804 2210 1998 2252 omne
2043 2210 2212 2268 opus
2260 2194 2549 2253 bonum!

808 2286 869 2342 2.
922 2285 1076 2343 Iesu
1143 2282 1399 2343 Christi
1462 2283 1700 2359 gratia,
1748 2282 2154 2357 principium
2197 2283 2426 2342 efficax
2473 2283 2628 2341 boni
2691 2284 3167 2360 cuiuscumque

711 2373 994 2451 generis,
1044 2372 1417 2432 necessaria
1478 2378 1581 2432 est
1642 2372 1727 2431 ad
1775 2389 1968 2431 omne
2015 2388 2184 2447 opus
2229 2372 2506 2431 bonum:
2557 2372 2808 2447 absque
2872 2373 2988 2432 illa
3035 2391 3168 2434 non

714 2463 928 2523 solum
976 2462 1143 2522 nihil
1196 2463 1271 2520 fit.
1317 2461 1431 2521 sed
1482 2479 1605 2521 nec
1649 2461 1788 2520 fieri
1839 2464 2079 2535 potest.

801 2554 861 2612 3.
912 2553 993 2612 In
1060 2568 1326 2629 vanum,
1379 2551 1680 2629 Domine,
1746 2550 2094 2626 praecipis,
2147 2550 2199 2610 si
2265 2554 2341 2610 tu
2406 2551 2549 2626 ipse
2609 2567 2743 2610 non
2807 2550 2926 2612 das
2988 2552 3165 2628 quod

713 2641 1063 2718 praecipis.

806 2734 864 2788 4.
903 2732 1027 2802 Ita,
1066 2729 1377 2789 Domine:
1411 2729 1635 2788 onmia
1678 2729 2026 2804 possibilia
2072 2734 2230 2788 sunt·
2274 2730 2356 2806 ei,
2399 2730 2503 2789 cui
2551 2729 2775 2789 omnia
2818 2730 3167 2805 possibilia

713 2819 896 2896 faciS,
946 2819 1172 2878 eadem
1224 2818 1559 2892 operando
1608 2819 1674 2876 in
1725 2819 1861 2877 illo.

806 2912 865 2968 5.
918 2909 1201 2980 Quando
1252 2909 1434 2966 Deus
1503 2925 1631 2966 non
1684 2907 1940 2967 emollit
2000 2925 2112 2967 cor
2169 2925 2291 2983 per
2351 2908 2735 2967 interiorem
2781 2909 3164 2970 unctionem

711 2998 968 3073 gratiae
1015 3013 1194 3072 suae,
1234 2997 1734 3057 exhortationes
1781 3002 1851 3056 et
1897 3000 2152 3072 gratiae
2199 2998 2560 3056 exteriores
2607 3014 2740 3056 non
2789 2998 3168 3059 inserviunt

714 3086 839 3147 nisi
890 3086 975 3146 ad
1023 3086 1190 3144 illud
1238 3086 1452 3161 magis
1498 3087 1981 3145 obdurandum.

803 3179 861 3235 6.
906 3177 1275 3236 Discrimen
1328 3176 1503 3235 inter
1550 3176 1784 3236 foedus
1832 3175 2164 3236 iudaicum
2215 3180 2284 3235 et
2330 3175 2762 3235 christianum
2813 3179 2936 3253 est,
2987 3177 3168 3252 quod

710 3267 783 3325 in
835 3267 948 3326 illo
1002 3267 1181 3325 Deus
1229 3266 1444 3340 exigit
1491 3265 1717 3341 fugam
1766 3266 2018 3340 peccati
2068 3269 2138 3326 ct
2187 3266 2686 3340 implementum
2737 3265 2904 3341 legis
2941 3283 2981 3324 a
3017 3282 3167 3341 pec·

707 3362 949 3430 catore,
1003 3356 1442 3429 relinquendo
1489 3356 1675 3414 illum
1726 3357 1793 3414 in
1848 3373 1968 3415 sua
2016 3355 2436 3431 impotentia:
2487 3354 2556 3413 in
2609 3355 2737 3414 isto
2784 3370 2944 3414 vero
2982 3355 3166 3415 Deus

710 3445 1039 3517 peccatori
1092 3444 1209 3501 (lat
1256 3445 1433 3517 quod
1479 3444 1685 3517 iubet,
1738 3445 1926 3502 illum
1975 3462 2096 3503 sua
2142 3445 2361 3520 gratia
2407 3444 2836 3518 purificando,

803 3535 859 3591 7.
913 3534 1099 3603 Quae.
1154 3532 1417 3589 utilitas
1474 3550 1591 3606 pro
1650 3533 1914 3592 homine
1961 3534 2032 3592 in
2069 3535 2284 3593 veteri
2334 3533 2616 3609 foedere,
2667 3533 2735 3591 in
2802 3549 2934 3607 quo
2982 3534 3167 3594 Deus

713 3619 899 3679 illum
968 3620 1246 3694 reliquit
1307 3620 1451 3681 eius
1516 3621 1822 3695 propriae
1878 3623 2273 3699 infirmitati,
2325 3622 2724 3697 imponendo
2791 3621 2916 3697 ipsi
2980 3638 3168 3682 suam

712 3709 964 3786 legem?
1017 3710 1204 3782 Quae
1252 3725 1410 3769 vero
1459 3710 1746 3770 felicitas
1797 3727 1925 3770 non
1977 3715 2099 3789 est,
2151 3710 2416 3770 admitti
2466 3711 2550 3770 ad
2612 3711 2867 3789 foedus,
2918 3712 2989 3771 in
3036 3727 3169 3787 quo

713 3801 898 3858 Deus
946 3798 1137 3858 nobis
1185 3798 1392 3858 donat
1438 3800 1613 3874 quod
1665 3800 1838 3876 petit
1883 3818 1922 3860 a
1969 3800 2203 3859 nobis?

804 3893 862 3949 8.
915 3889 1052 3948 Nos
1116 3905 1247 3947 non
1314 3889 1725 3963 pertinemus
1781 3890 1864 3948 ad
1927 3908 2175 3949 novum
2223 3889 2478 3969 foedus,
2530 3890 2660 3949 nisi
2725 3890 2790 3948 in
2843 3893 3168 3966 quantum

711 3979 1075 4053 participes
1123 3995 1352 4038 sumus
1410 3979 1623 4053 ipsius
1671 3995 1881 4037 novae
1939 3979 2214 4056 gratiae,
2265 3996 2438 4053 quae
2484 3983 2796 4055 operatur
2856 3980 2926 4039 in
2977 3978 3169 4038 nobis

712 4067 800 4139 id,
852 4068 1030 4141 quod
1082 4068 1264 4126 Deus
1314 4069 1505 4127 nobis
1553 4068 1895 4142 praecipit.

803 4159 861 4215 9.
899 4157 1135 4215 Gratia
1183 4157 1433 4217 Christi
1482 4161 1585 4216 est
1632 4157 1851 4231 gratia
1897 4175 2222 4234 suprema,
2273 4158 2416 4218 sine
2462 4176 2596 4234 qua
2641 4157 2940 4217 confiteri
2975 4156 3167 4217 Chri-

716 4248 895 4303 stum
930 4262 1271 4318 nunquam
1310 4262 1658 4320 possumus
1688 4250 1757 4304 et
1788 4263 1935 4305 cum
1971 4264 2103 4321 qua
2133 4264 2478 4321 nunquam
2512 4248 2700 4306 illum
2733 4247 3165 4323 abnegamus.

806 4337 907 4393 10.
959 4334 1196 4393 Gratia
1240 4345 1345 4393 est
1389 4335 1688 4409 operatio
1737 4353 1970 4395 manus
2015 4337 2494 4412 omnipotentis
2543 4337 2688 4416 Dei,
2739 4353 2938 4411 quam
2995 4335 3164 4395 nihil

713 4421 1035 4496 impedire
1081 4426 1306 4497 potest
1350 4426 1470 4483 aut
1516 4423 1871 4483 retardare.

830 4513 931 4569 ll.
984 4511 1220 4571 Gratia
1276 4528 1406 4571 non
1464 4516 1568 4573 est
1622 4514 1827 4589 aliud,
1878 4531 2076 4588 quam
2137 4515 2448 4574 voluntas
2502 4513 2981 4589 omnipotentis
3036 4513 3166 4572 Dei

713 4599 1007 4660 iubentis
1054 4603 1123 4659 et
1172 4600 1476 4662 facientis
1523 4604 1701 4677 quod
1750 4603 1956 4663 iubet.
