<?xml version="1.0" encoding="UTF-8"?>
<!DOCTYPE html PUBLIC "-//W3C//DTD XHTML 1.0 Transitional//EN"
    "http://www.w3.org/TR/xhtml1/DTD/xhtml1-transitional.dtd">
<html xmlns="http://www.w3.org/1999/xhtml" xml:lang="en" lang="en">
 <head>
  <title>
</title>
<meta http-equiv="Content-Type" content="text/html;charset=utf-8" />
  <meta name='ocr-system' content='tesseract 3.04.00' />
  <meta name='ocr-capabilities' content='ocr_page ocr_carea ocr_par ocr_line ocrx_word'/>
</head>
<body>
  <div class='ocr_page' id='page_1' title='image "./opustheologicum00palmgoog/opustheologicum00palmgoog_0592.png"; bbox 0 0 3529 5158; ppageno 0'>
   <div class='ocr_carea' id='block_1_1' title="bbox 365 330 2830 409">
    <p class='ocr_par' dir='ltr' id='par_1_1' title="bbox 365 330 2830 409">
     <span class='ocr_line' id='line_1_1' title="bbox 365 330 2830 409; baseline 0.003 -21"><span class='ocrx_word' id='word_1_1' title='bbox 365 330 507 409; x_wconf 78' lang='lat'>[543]</span> <span class='ocrx_word' id='word_1_2' title='bbox 796 348 1181 392; x_wconf 68' lang='lat' dir='ltr'>numu-10</span> <span class='ocrx_word' id='word_1_3' title='bbox 1215 351 1302 391; x_wconf 74' lang='lat' dir='ltr'>Dm</span> <span class='ocrx_word' id='word_1_4' title='bbox 1338 352 1610 394; x_wconf 68' lang='lat' dir='ltr'>macru</span> <span class='ocrx_word' id='word_1_5' title='bbox 1648 352 1809 395; x_wconf 68' lang='lat' dir='ltr'>Bono</span> <span class='ocrx_word' id='word_1_6' title='bbox 1845 353 2080 397; x_wconf 69' lang='lat' dir='ltr'>sucuro</span> <span class='ocrx_word' id='word_1_7' title='bbox 2118 355 2199 395; x_wconf 73' lang='lat' dir='ltr'>nx</span> <span class='ocrx_word' id='word_1_8' title='bbox 2236 354 2404 395; x_wconf 60' lang='lat' dir='ltr'>uano</span> <span class='ocrx_word' id='word_1_9' title='bbox 2724 341 2830 396; x_wconf 86' lang='lat'>499</span> 
     </span>
    </p>
   </div>
   <div class='ocr_carea' id='block_1_2' title="bbox 1367 555 1827 622">
    <p class='ocr_par' dir='ltr' id='par_1_2' title="bbox 1367 555 1827 622">
     <span class='ocr_line' id='line_1_2' title="bbox 1367 555 1827 622; baseline 0.007 -3"><span class='ocrx_word' id='word_1_10' title='bbox 1367 555 1827 622; x_wconf 66' lang='lat' dir='ltr'>Ite-solutiones.</span> 
     </span>
    </p>
   </div>
   <div class='ocr_carea' id='block_1_3' title="bbox 372 734 2832 887">
    <p class='ocr_par' dir='ltr' id='par_1_3' title="bbox 372 734 2832 887">
     <span class='ocr_line' id='line_1_3' title="bbox 479 734 2832 807; baseline 0.003 -18"><span class='ocrx_word' id='word_1_11' title='bbox 479 737 594 789; x_wconf 86' lang='lat' dir='ltr'>XV.</span> <span class='ocrx_word' id='word_1_12' title='bbox 623 738 673 789; x_wconf 69' lang='lat'>⁴.</span> <span class='ocrx_word' id='word_1_13' title='bbox 703 734 910 789; x_wconf 81' lang='lat' dir='ltr'>Licitum</span> <span class='ocrx_word' id='word_1_14' title='bbox 949 742 1025 790; x_wconf 82' lang='lat' dir='ltr'>est</span> <span class='ocrx_word' id='word_1_15' title='bbox 1048 739 1262 801; x_wconf 78' lang='lat' dir='ltr'>gaudere</span> <span class='ocrx_word' id='word_1_16' title='bbox 1299 745 1348 791; x_wconf 82' lang='lat' dir='ltr'>el</span> <span class='ocrx_word' id='word_1_17' title='bbox 1385 737 1620 792; x_wconf 78' lang='lat' dir='ltr'>delectari</span> <span class='ocrx_word' id='word_1_18' title='bbox 1644 753 1840 792; x_wconf 80' lang='lat' dir='ltr'>morose</span> <span class='ocrx_word' id='word_1_19' title='bbox 1878 741 1938 792; x_wconf 88' lang='lat' dir='ltr'>de</span> <span class='ocrx_word' id='word_1_20' title='bbox 1976 742 2148 793; x_wconf 74' lang='lat' dir='ltr'>effectu</span> <span class='ocrx_word' id='word_1_21' title='bbox 2191 742 2335 803; x_wconf 80' lang='lat' dir='ltr'>boun,</span> <span class='ocrx_word' id='word_1_22' title='bbox 2374 747 2543 793; x_wconf 87' lang='lat' dir='ltr'>seculo</span> <span class='ocrx_word' id='word_1_23' title='bbox 2580 755 2642 794; x_wconf 87' lang='lat' dir='ltr'>ex</span> <span class='ocrx_word' id='word_1_24' title='bbox 2680 756 2832 807; x_wconf 83' lang='lat' dir='ltr'>opere</span> 
     </span>
     <span class='ocr_line' id='line_1_4' title="bbox 372 820 1870 887; baseline 0.001 -13"><span class='ocrx_word' id='word_1_25' title='bbox 372 824 525 887; x_wconf 81' lang='lat' dir='ltr'>malo;</span> <span class='ocrx_word' id='word_1_26' title='bbox 553 820 665 885; x_wconf 82' lang='lat' dir='ltr'>quia</span> <span class='ocrx_word' id='word_1_27' title='bbox 706 827 819 874; x_wconf 81' lang='lat' dir='ltr'>lunc</span> <span class='ocrx_word' id='word_1_28' title='bbox 856 821 1117 875; x_wconf 79' lang='lat' dir='ltr'>delectatio</span> <span class='ocrx_word' id='word_1_29' title='bbox 1155 836 1249 875; x_wconf 90' lang='lat' dir='ltr'>non</span> <span class='ocrx_word' id='word_1_30' title='bbox 1287 830 1362 876; x_wconf 81' lang='lat' dir='ltr'>est</span> <span class='ocrx_word' id='word_1_31' title='bbox 1398 824 1460 876; x_wconf 89' lang='lat' dir='ltr'>de</span> <span class='ocrx_word' id='word_1_32' title='bbox 1497 822 1691 877; x_wconf 81' lang='lat' dir='ltr'>obiecto</span> <span class='ocrx_word' id='word_1_33' title='bbox 1723 827 1870 876; x_wconf 84' lang='lat' dir='ltr'>malo.</span> 
     </span>
    </p>
   </div>
   <div class='ocr_carea' id='block_1_4' title="bbox 366 938 2838 3892">
    <p class='ocr_par' dir='ltr' id='par_1_4' title="bbox 370 938 2832 1314">
     <span class='ocr_line' id='line_1_5' title="bbox 460 938 2831 1031; baseline 0 -18"><span class='ocrx_word' id='word_1_34' title='bbox 460 938 637 1012; x_wconf 76' lang='lat'>543.</span> <span class='ocrx_word' id='word_1_35' title='bbox 689 943 867 1022; x_wconf 78' lang='lat' dir='ltr'>Quod</span> <span class='ocrx_word' id='word_1_36' title='bbox 914 943 1082 1009; x_wconf 87' lang='lat' dir='ltr'>licite</span> <span class='ocrx_word' id='word_1_37' title='bbox 1128 944 1268 1027; x_wconf 89' lang='lat' dir='ltr'>quis</span> <span class='ocrx_word' id='word_1_38' title='bbox 1317 945 1592 1030; x_wconf 77' lang='lat' dir='ltr'>gaudeat</span> <span class='ocrx_word' id='word_1_39' title='bbox 1637 948 1700 1010; x_wconf 91' lang='lat' dir='ltr'>et</span> <span class='ocrx_word' id='word_1_40' title='bbox 1745 946 2085 1011; x_wconf 75' lang='lat' dir='ltr'>delectetur</span> <span class='ocrx_word' id='word_1_41' title='bbox 2115 947 2188 1010; x_wconf 91' lang='lat' dir='ltr'>de</span> <span class='ocrx_word' id='word_1_42' title='bbox 2225 947 2386 1012; x_wconf 91' lang='lat' dir='ltr'>bono</span> <span class='ocrx_word' id='word_1_43' title='bbox 2435 947 2672 1028; x_wconf 78' lang='lat' dir='ltr'>effecta,</span> <span class='ocrx_word' id='word_1_44' title='bbox 2722 949 2831 1031; x_wconf 88' lang='lat' dir='ltr'>qui</span> 
     </span>
     <span class='ocr_line' id='line_1_6' title="bbox 371 1045 2828 1138; baseline 0.003 -29"><span class='ocrx_word' id='word_1_45' title='bbox 371 1045 642 1128; x_wconf 90' lang='lat' dir='ltr'>profluat</span> <span class='ocrx_word' id='word_1_46' title='bbox 686 1065 760 1110; x_wconf 82' lang='lat' dir='ltr'>ex</span> <span class='ocrx_word' id='word_1_47' title='bbox 802 1047 990 1124; x_wconf 90' lang='lat' dir='ltr'>malo,</span> <span class='ocrx_word' id='word_1_48' title='bbox 1039 1047 1113 1111; x_wconf 92' lang='lat' dir='ltr'>de</span> <span class='ocrx_word' id='word_1_49' title='bbox 1161 1066 1283 1129; x_wconf 91' lang='lat' dir='ltr'>quo</span> <span class='ocrx_word' id='word_1_50' title='bbox 1323 1048 1601 1130; x_wconf 88' lang='lat' dir='ltr'>alioquin</span> <span class='ocrx_word' id='word_1_51' title='bbox 1630 1049 1900 1132; x_wconf 88' lang='lat' dir='ltr'>gaudere</span> <span class='ocrx_word' id='word_1_52' title='bbox 1947 1052 2060 1113; x_wconf 88' lang='lat' dir='ltr'>aut</span> <span class='ocrx_word' id='word_1_53' title='bbox 2107 1050 2397 1114; x_wconf 87' lang='lat' dir='ltr'>delectari</span> <span class='ocrx_word' id='word_1_54' title='bbox 2444 1050 2615 1115; x_wconf 87' lang='lat' dir='ltr'>nefas</span> <span class='ocrx_word' id='word_1_55' title='bbox 2648 1053 2828 1138; x_wconf 86' lang='lat' dir='ltr'>esset,</span> 
     </span>
     <span class='ocr_line' id='line_1_7' title="bbox 370 1150 2832 1234; baseline 0.003 -23"><span class='ocrx_word' id='word_1_56' title='bbox 370 1168 474 1231; x_wconf 90' lang='lat' dir='ltr'>per</span> <span class='ocrx_word' id='word_1_57' title='bbox 519 1167 583 1212; x_wconf 90' lang='lat' dir='ltr'>se</span> <span class='ocrx_word' id='word_1_58' title='bbox 628 1150 805 1231; x_wconf 88' lang='lat' dir='ltr'>patet</span> <span class='ocrx_word' id='word_1_59' title='bbox 853 1169 924 1214; x_wconf 87' lang='lat' dir='ltr'>ac</span> <span class='ocrx_word' id='word_1_60' title='bbox 970 1151 1146 1232; x_wconf 88' lang='lat' dir='ltr'>patet</span> <span class='ocrx_word' id='word_1_61' title='bbox 1189 1151 1422 1234; x_wconf 87' lang='lat' dir='ltr'>pariter</span> <span class='ocrx_word' id='word_1_62' title='bbox 1466 1151 1664 1224; x_wconf 87' lang='lat' dir='ltr'>ratio;</span> <span class='ocrx_word' id='word_1_63' title='bbox 1713 1152 1861 1234; x_wconf 88' lang='lat' dir='ltr'>quia</span> <span class='ocrx_word' id='word_1_64' title='bbox 1908 1152 2335 1217; x_wconf 79' lang='lat' dir='ltr'>delectationis</span> <span class='ocrx_word' id='word_1_65' title='bbox 2388 1153 2696 1218; x_wconf 88' lang='lat' dir='ltr'>obiectum</span> <span class='ocrx_word' id='word_1_66' title='bbox 2736 1155 2832 1219; x_wconf 91' lang='lat' dir='ltr'>est</span> 
     </span>
     <span class='ocr_line' id='line_1_8' title="bbox 370 1249 611 1314; baseline 0 0"><span class='ocrx_word' id='word_1_67' title='bbox 370 1249 611 1314; x_wconf 77' lang='lat' dir='ltr'>bonum.</span> 
     </span>
    </p>

    <p class='ocr_par' dir='ltr' id='par_1_5' title="bbox 367 1353 2832 1640">
     <span class='ocr_line' id='line_1_9' title="bbox 457 1353 2832 1440; baseline 0.002 -24"><span class='ocrx_word' id='word_1_68' title='bbox 457 1353 751 1436; x_wconf 81' lang='lat' dir='ltr'>Exempla</span> <span class='ocrx_word' id='word_1_69' title='bbox 813 1353 998 1420; x_wconf 86' lang='lat' dir='ltr'>obvia</span> <span class='ocrx_word' id='word_1_70' title='bbox 1052 1355 1201 1418; x_wconf 90' lang='lat' dir='ltr'>sunt</span> <span class='ocrx_word' id='word_1_71' title='bbox 1250 1354 1315 1419; x_wconf 88' lang='lat' dir='ltr'>in</span> <span class='ocrx_word' id='word_1_72' title='bbox 1371 1355 1651 1436; x_wconf 87' lang='lat' dir='ltr'>quolibet</span> <span class='ocrx_word' id='word_1_73' title='bbox 1704 1357 2095 1421; x_wconf 87' lang='lat' dir='ltr'>causalitatis</span> <span class='ocrx_word' id='word_1_74' title='bbox 2149 1376 2389 1440; x_wconf 88' lang='lat' dir='ltr'>genere.</span> <span class='ocrx_word' id='word_1_75' title='bbox 2449 1356 2550 1420; x_wconf 88' lang='lat' dir='ltr'>Ita</span> <span class='ocrx_word' id='word_1_76' title='bbox 2602 1357 2832 1421; x_wconf 83' lang='lat' dir='ltr'>licebat</span> 
     </span>
     <span class='ocr_line' id='line_1_10' title="bbox 367 1455 2829 1540; baseline 0.002 -22"><span class='ocrx_word' id='word_1_77' title='bbox 367 1455 633 1540; x_wconf 89' lang='lat' dir='ltr'>gaudere</span> <span class='ocrx_word' id='word_1_78' title='bbox 680 1456 753 1519; x_wconf 89' lang='lat' dir='ltr'>de</span> <span class='ocrx_word' id='word_1_79' title='bbox 809 1475 956 1540; x_wconf 89' lang='lat' dir='ltr'>pace</span> <span class='ocrx_word' id='word_1_80' title='bbox 1018 1475 1128 1520; x_wconf 90' lang='lat' dir='ltr'>seu</span> <span class='ocrx_word' id='word_1_81' title='bbox 1186 1457 1527 1521; x_wconf 89' lang='lat' dir='ltr'>cessatione</span> <span class='ocrx_word' id='word_1_82' title='bbox 1580 1458 1910 1536; x_wconf 87' lang='lat' dir='ltr'>malorum,</span> <span class='ocrx_word' id='word_1_83' title='bbox 1966 1478 2125 1539; x_wconf 87' lang='lat' dir='ltr'>quae</span> <span class='ocrx_word' id='word_1_84' title='bbox 2178 1458 2510 1523; x_wconf 89' lang='lat' dir='ltr'>suicidium</span> <span class='ocrx_word' id='word_1_85' title='bbox 2563 1457 2829 1524; x_wconf 87' lang='lat' dir='ltr'>Neronis</span> 
     </span>
     <span class='ocr_line' id='line_1_11' title="bbox 367 1560 791 1640; baseline 0.002 -19"><span class='ocrx_word' id='word_1_86' title='bbox 367 1560 633 1640; x_wconf 87' lang='lat' dir='ltr'>sequuta</span> <span class='ocrx_word' id='word_1_87' title='bbox 678 1561 791 1622; x_wconf 93' lang='lat' dir='ltr'>est.</span> 
     </span>
    </p>

    <p class='ocr_par' dir='ltr' id='par_1_6' title="bbox 368 1660 2831 1827">
     <span class='ocr_line' id='line_1_12' title="bbox 457 1660 2831 1810; baseline 0.001 -86"><span class='ocrx_word' id='word_1_88' title='bbox 457 1660 559 1725; x_wconf 87' lang='lat' dir='ltr'>Ita</span> <span class='ocrx_word' id='word_1_89' title='bbox 593 1661 971 1724; x_wconf 85' lang='lat' dir='ltr'>delectamur</span> <span class='ocrx_word' id='word_1_90' title='bbox 1001 1660 1075 1724; x_wconf 92' lang='lat' dir='ltr'>de</span> <span class='ocrx_word' id='word_1_91' title='bbox 1105 1661 1308 1744; x_wconf 86' lang='lat' dir='ltr'>gloria</span> <span class='ocrx_word' id='word_1_92' title='bbox 1338 1663 1709 1810; x_wconf 80' lang='lat' dir='ltr'>martyrum,</span> <span class='ocrx_word' id='word_1_93' title='bbox 1743 1681 1885 1724; x_wconf 91' lang='lat' dir='ltr'>cum</span> <span class='ocrx_word' id='word_1_94' title='bbox 1916 1661 2292 1726; x_wconf 86' lang='lat' dir='ltr'>detestemur</span> <span class='ocrx_word' id='word_1_95' title='bbox 2328 1662 2726 1744; x_wconf 86' lang='lat' dir='ltr'>iniquitatem</span> <span class='ocrx_word' id='word_1_96' title='bbox 2766 1664 2831 1726; x_wconf 92' lang='lat' dir='ltr'>et</span> 
     </span>
     <span class='ocr_line' id='line_1_13' title="bbox 368 1761 1277 1827; baseline 0.002 -3"><span class='ocrx_word' id='word_1_97' title='bbox 368 1762 803 1827; x_wconf 83' lang='lat' dir='ltr'>crudelitatem</span> <span class='ocrx_word' id='word_1_98' title='bbox 850 1761 1277 1826; x_wconf 88' lang='lat' dir='ltr'>occidentium.</span> 
     </span>
    </p>

    <p class='ocr_par' dir='ltr' id='par_1_7' title="bbox 369 1862 2831 2051">
     <span class='ocr_line' id='line_1_14' title="bbox 457 1862 2831 1947; baseline 0.001 -20"><span class='ocrx_word' id='word_1_99' title='bbox 457 1863 562 1927; x_wconf 90' lang='lat' dir='ltr'>Ita</span> <span class='ocrx_word' id='word_1_100' title='bbox 595 1863 975 1928; x_wconf 87' lang='lat' dir='ltr'>delectamur</span> <span class='ocrx_word' id='word_1_101' title='bbox 1005 1862 1077 1927; x_wconf 91' lang='lat' dir='ltr'>de</span> <span class='ocrx_word' id='word_1_102' title='bbox 1108 1863 1525 1947; x_wconf 85' lang='lat' dir='ltr'>redemptione</span> <span class='ocrx_word' id='word_1_103' title='bbox 1563 1865 1706 1929; x_wconf 91' lang='lat' dir='ltr'>Iesu</span> <span class='ocrx_word' id='word_1_104' title='bbox 1742 1863 1976 1930; x_wconf 82' lang='lat' dir='ltr'>Christi</span> <span class='ocrx_word' id='word_1_105' title='bbox 2011 1868 2089 1929; x_wconf 89' lang='lat' dir='ltr'>D.</span> <span class='ocrx_word' id='word_1_106' title='bbox 2129 1865 2228 1945; x_wconf 84' lang='lat' dir='ltr'>N.,</span> <span class='ocrx_word' id='word_1_107' title='bbox 2267 1866 2415 1932; x_wconf 91' lang='lat' dir='ltr'>licet</span> <span class='ocrx_word' id='word_1_108' title='bbox 2451 1885 2831 1931; x_wconf 82' lang='lat' dir='ltr'>exsecremur</span> 
     </span>
     <span class='ocr_line' id='line_1_15' title="bbox 369 1965 2402 2051; baseline 0 -21"><span class='ocrx_word' id='word_1_109' title='bbox 369 1966 748 2051; x_wconf 88' lang='lat' dir='ltr'>sacrilegum</span> <span class='ocrx_word' id='word_1_110' title='bbox 778 1965 1149 2030; x_wconf 88' lang='lat' dir='ltr'>Iudaeorum</span> <span class='ocrx_word' id='word_1_111' title='bbox 1180 1965 1441 2044; x_wconf 87' lang='lat' dir='ltr'>facinus,</span> <span class='ocrx_word' id='word_1_112' title='bbox 1480 1968 1588 2049; x_wconf 90' lang='lat' dir='ltr'>qui</span> <span class='ocrx_word' id='word_1_113' title='bbox 1626 1986 1766 2032; x_wconf 89' lang='lat' dir='ltr'>eum</span> <span class='ocrx_word' id='word_1_114' title='bbox 1799 1968 1964 2032; x_wconf 89' lang='lat' dir='ltr'>cruci</span> <span class='ocrx_word' id='word_1_115' title='bbox 1995 1966 2402 2032; x_wconf 88' lang='lat' dir='ltr'>destinarunt.</span> 
     </span>
    </p>

    <p class='ocr_par' dir='ltr' id='par_1_8' title="bbox 368 2068 2831 2355">
     <span class='ocr_line' id='line_1_16' title="bbox 454 2068 2828 2154; baseline 0 -21"><span class='ocrx_word' id='word_1_116' title='bbox 454 2069 562 2133; x_wconf 87' lang='lat' dir='ltr'>Ita</span> <span class='ocrx_word' id='word_1_117' title='bbox 595 2068 977 2134; x_wconf 83' lang='lat' dir='ltr'>delectamur</span> <span class='ocrx_word' id='word_1_118' title='bbox 1007 2068 1082 2132; x_wconf 93' lang='lat' dir='ltr'>de</span> <span class='ocrx_word' id='word_1_119' title='bbox 1112 2069 1535 2152; x_wconf 85' lang='lat' dir='ltr'>resipiscentia</span> <span class='ocrx_word' id='word_1_120' title='bbox 1583 2070 2007 2148; x_wconf 54' lang='lat' dir='ltr'>adolescentia</span> <span class='ocrx_word' id='word_1_121' title='bbox 2041 2069 2188 2135; x_wconf 89' lang='lat' dir='ltr'>licet</span> <span class='ocrx_word' id='word_1_122' title='bbox 2234 2070 2610 2135; x_wconf 88' lang='lat' dir='ltr'>detestemur</span> <span class='ocrx_word' id='word_1_123' title='bbox 2641 2091 2699 2134; x_wconf 79' lang='lat' dir='ltr'>v,</span> <span class='ocrx_word' id='word_1_124' title='bbox 2734 2089 2828 2154; x_wconf 88' lang='lat' dir='ltr'>gr.</span> 
     </span>
     <span class='ocr_line' id='line_1_17' title="bbox 373 2170 2831 2254; baseline 0.001 -19"><span class='ocrx_word' id='word_1_125' title='bbox 373 2172 486 2235; x_wconf 87' lang='lat' dir='ltr'>aut</span> <span class='ocrx_word' id='word_1_126' title='bbox 524 2171 773 2249; x_wconf 88' lang='lat' dir='ltr'>crimen,</span> <span class='ocrx_word' id='word_1_127' title='bbox 822 2189 969 2252; x_wconf 89' lang='lat' dir='ltr'>quo,</span> <span class='ocrx_word' id='word_1_128' title='bbox 1016 2170 1219 2234; x_wconf 88' lang='lat' dir='ltr'>labem</span> <span class='ocrx_word' id='word_1_129' title='bbox 1258 2189 1401 2234; x_wconf 91' lang='lat' dir='ltr'>cum</span> <span class='ocrx_word' id='word_1_130' title='bbox 1432 2172 1827 2249; x_wconf 79' lang='lat' dir='ltr'>contraxerit,</span> <span class='ocrx_word' id='word_1_131' title='bbox 1878 2172 1956 2236; x_wconf 87' lang='lat' dir='ltr'>ad</span> <span class='ocrx_word' id='word_1_132' title='bbox 2000 2173 2268 2236; x_wconf 89' lang='lat' dir='ltr'>mentem</span> <span class='ocrx_word' id='word_1_133' title='bbox 2316 2172 2518 2248; x_wconf 82' lang='lat' dir='ltr'>rediit,</span> <span class='ocrx_word' id='word_1_134' title='bbox 2560 2173 2673 2236; x_wconf 90' lang='lat' dir='ltr'>aut</span> <span class='ocrx_word' id='word_1_135' title='bbox 2708 2190 2831 2254; x_wconf 90' lang='lat' dir='ltr'>quo</span> 
     </span>
     <span class='ocr_line' id='line_1_18' title="bbox 368 2272 1337 2355; baseline -0.001 -18"><span class='ocrx_word' id='word_1_136' title='bbox 368 2273 732 2337; x_wconf 87' lang='lat' dir='ltr'>vulneratus</span> <span class='ocrx_word' id='word_1_137' title='bbox 778 2272 842 2336; x_wconf 91' lang='lat' dir='ltr'>in</span> <span class='ocrx_word' id='word_1_138' title='bbox 887 2272 1021 2336; x_wconf 82' lang='lat' dir='ltr'>rixa</span> <span class='ocrx_word' id='word_1_139' title='bbox 1056 2273 1337 2355; x_wconf 87' lang='lat' dir='ltr'>resipuit.</span> 
     </span>
    </p>

    <p class='ocr_par' dir='ltr' id='par_1_9' title="bbox 366 2374 2834 2563">
     <span class='ocr_line' id='line_1_19' title="bbox 453 2374 2834 2459; baseline -0 -20"><span class='ocrx_word' id='word_1_140' title='bbox 453 2375 557 2439; x_wconf 87' lang='lat' dir='ltr'>Ita</span> <span class='ocrx_word' id='word_1_141' title='bbox 605 2374 773 2439; x_wconf 87' lang='lat' dir='ltr'>licite</span> <span class='ocrx_word' id='word_1_142' title='bbox 823 2374 1123 2459; x_wconf 84' lang='lat' dir='ltr'>gaudebis</span> <span class='ocrx_word' id='word_1_143' title='bbox 1168 2375 1243 2439; x_wconf 90' lang='lat' dir='ltr'>de</span> <span class='ocrx_word' id='word_1_144' title='bbox 1290 2374 1579 2441; x_wconf 86' lang='lat' dir='ltr'>scandalo</span> <span class='ocrx_word' id='word_1_145' title='bbox 1627 2378 1906 2441; x_wconf 86' lang='lat' dir='ltr'>cessante</span> <span class='ocrx_word' id='word_1_146' title='bbox 1952 2378 2029 2442; x_wconf 90' lang='lat' dir='ltr'>ob</span> <span class='ocrx_word' id='word_1_147' title='bbox 2076 2395 2284 2442; x_wconf 88' lang='lat' dir='ltr'>necem</span> <span class='ocrx_word' id='word_1_148' title='bbox 2347 2375 2634 2453; x_wconf 90' lang='lat' dir='ltr'>hominis,</span> <span class='ocrx_word' id='word_1_149' title='bbox 2685 2376 2834 2439; x_wconf 89' lang='lat' dir='ltr'>utut</span> 
     </span>
     <span class='ocr_line' id='line_1_20' title="bbox 366 2476 2546 2563; baseline 0.001 -21"><span class='ocrx_word' id='word_1_150' title='bbox 366 2479 688 2555; x_wconf 87' lang='lat' dir='ltr'>iniustam,</span> <span class='ocrx_word' id='word_1_151' title='bbox 737 2476 847 2559; x_wconf 91' lang='lat' dir='ltr'>qui</span> <span class='ocrx_word' id='word_1_152' title='bbox 897 2477 992 2541; x_wconf 93' lang='lat' dir='ltr'>vel</span> <span class='ocrx_word' id='word_1_153' title='bbox 1039 2477 1241 2541; x_wconf 88' lang='lat' dir='ltr'>verbis</span> <span class='ocrx_word' id='word_1_154' title='bbox 1289 2478 1388 2541; x_wconf 87' lang='lat' dir='ltr'>vel</span> <span class='ocrx_word' id='word_1_155' title='bbox 1434 2479 1710 2562; x_wconf 81' lang='lat' dir='ltr'>exemplo</span> <span class='ocrx_word' id='word_1_156' title='bbox 1757 2481 1893 2542; x_wconf 89' lang='lat' dir='ltr'>erat</span> <span class='ocrx_word' id='word_1_157' title='bbox 1937 2480 2129 2563; x_wconf 87' lang='lat' dir='ltr'>lapsis</span> <span class='ocrx_word' id='word_1_158' title='bbox 2178 2478 2546 2544; x_wconf 85' lang='lat' dir='ltr'>offensionis.</span> 
     </span>
    </p>

    <p class='ocr_par' dir='ltr' id='par_1_10' title="bbox 368 2579 2831 2956">
     <span class='ocr_line' id='line_1_21' title="bbox 452 2579 2831 2665; baseline 0 -20"><span class='ocrx_word' id='word_1_159' title='bbox 452 2579 591 2661; x_wconf 84' lang='lat' dir='ltr'>Qua</span> <span class='ocrx_word' id='word_1_160' title='bbox 638 2581 703 2645; x_wconf 89' lang='lat' dir='ltr'>in</span> <span class='ocrx_word' id='word_1_161' title='bbox 750 2599 817 2645; x_wconf 89' lang='lat' dir='ltr'>re</span> <span class='ocrx_word' id='word_1_162' title='bbox 848 2582 1058 2646; x_wconf 85' lang='lat' dir='ltr'>tamen</span> <span class='ocrx_word' id='word_1_163' title='bbox 1090 2581 1451 2659; x_wconf 88' lang='lat' dir='ltr'>cavendum,</span> <span class='ocrx_word' id='word_1_164' title='bbox 1485 2601 1559 2646; x_wconf 92' lang='lat' dir='ltr'>ne</span> <span class='ocrx_word' id='word_1_165' title='bbox 1591 2585 1908 2665; x_wconf 87' lang='lat' dir='ltr'>praeterea</span> <span class='ocrx_word' id='word_1_166' title='bbox 1939 2583 2078 2665; x_wconf 90' lang='lat' dir='ltr'>quis</span> <span class='ocrx_word' id='word_1_167' title='bbox 2110 2583 2182 2647; x_wconf 94' lang='lat' dir='ltr'>de</span> <span class='ocrx_word' id='word_1_168' title='bbox 2221 2601 2411 2647; x_wconf 88' lang='lat' dir='ltr'>causa</span> <span class='ocrx_word' id='word_1_169' title='bbox 2454 2583 2622 2646; x_wconf 86' lang='lat' dir='ltr'>mala</span> <span class='ocrx_word' id='word_1_170' title='bbox 2667 2581 2831 2645; x_wconf 90' lang='lat' dir='ltr'>dele-</span> 
     </span>
     <span class='ocr_line' id='line_1_22' title="bbox 368 2681 2831 2766; baseline -0.001 -17"><span class='ocrx_word' id='word_1_171' title='bbox 368 2686 595 2760; x_wconf 82' lang='lat' dir='ltr'>ctetur,</span> <span class='ocrx_word' id='word_1_172' title='bbox 631 2683 820 2766; x_wconf 89' lang='lat' dir='ltr'>prout</span> <span class='ocrx_word' id='word_1_173' title='bbox 841 2682 1051 2747; x_wconf 88' lang='lat' dir='ltr'>ferunt</span> <span class='ocrx_word' id='word_1_174' title='bbox 1080 2681 1153 2747; x_wconf 91' lang='lat' dir='ltr'>de</span> <span class='ocrx_word' id='word_1_175' title='bbox 1182 2683 1357 2747; x_wconf 90' lang='lat' dir='ltr'>Petri</span> <span class='ocrx_word' id='word_1_176' title='bbox 1384 2683 1719 2748; x_wconf 90' lang='lat' dir='ltr'>Lombardi</span> <span class='ocrx_word' id='word_1_177' title='bbox 1749 2688 1969 2762; x_wconf 86' lang='lat' dir='ltr'>matre,</span> <span class='ocrx_word' id='word_1_178' title='bbox 2001 2705 2160 2766; x_wconf 89' lang='lat' dir='ltr'>quae</span> <span class='ocrx_word' id='word_1_179' title='bbox 2197 2685 2395 2749; x_wconf 91' lang='lat' dir='ltr'>dicere</span> <span class='ocrx_word' id='word_1_180' title='bbox 2425 2684 2671 2761; x_wconf 88' lang='lat' dir='ltr'>soleret,</span> <span class='ocrx_word' id='word_1_181' title='bbox 2708 2701 2831 2748; x_wconf 90' lang='lat' dir='ltr'>non</span> 
     </span>
     <span class='ocr_line' id='line_1_23' title="bbox 368 2784 2831 2871; baseline -0.001 -19"><span class='ocrx_word' id='word_1_182' title='bbox 368 2805 549 2869; x_wconf 87' lang='lat' dir='ltr'>posse</span> <span class='ocrx_word' id='word_1_183' title='bbox 596 2805 660 2850; x_wconf 89' lang='lat' dir='ltr'>se</span> <span class='ocrx_word' id='word_1_184' title='bbox 706 2785 911 2850; x_wconf 90' lang='lat' dir='ltr'>dolere</span> <span class='ocrx_word' id='word_1_185' title='bbox 958 2784 1030 2849; x_wconf 89' lang='lat' dir='ltr'>de</span> <span class='ocrx_word' id='word_1_186' title='bbox 1078 2785 1404 2862; x_wconf 80' lang='lat' dir='ltr'>adulterio,</span> <span class='ocrx_word' id='word_1_187' title='bbox 1437 2805 1471 2849; x_wconf 92' lang='lat' dir='ltr'>e</span> <span class='ocrx_word' id='word_1_188' title='bbox 1500 2804 1623 2868; x_wconf 90' lang='lat' dir='ltr'>quo</span> <span class='ocrx_word' id='word_1_189' title='bbox 1665 2790 1799 2851; x_wconf 88' lang='lat' dir='ltr'>tam</span> <span class='ocrx_word' id='word_1_190' title='bbox 1837 2787 2059 2851; x_wconf 87' lang='lat' dir='ltr'>nobilis</span> <span class='ocrx_word' id='word_1_191' title='bbox 2105 2787 2336 2871; x_wconf 90' lang='lat' dir='ltr'>ingenii</span> <span class='ocrx_word' id='word_1_192' title='bbox 2382 2786 2585 2870; x_wconf 91' lang='lat' dir='ltr'>proles</span> <span class='ocrx_word' id='word_1_193' title='bbox 2617 2786 2831 2850; x_wconf 84' lang='lat' dir='ltr'>exorta</span> 
     </span>
     <span class='ocr_line' id='line_1_24' title="bbox 368 2890 712 2956; baseline -0.006 -1"><span class='ocrx_word' id='word_1_194' title='bbox 368 2891 484 2956; x_wconf 90' lang='lat' dir='ltr'>sibi</span> <span class='ocrx_word' id='word_1_195' title='bbox 532 2890 712 2954; x_wconf 87' lang='lat' dir='ltr'>foret.</span> 
     </span>
    </p>

    <p class='ocr_par' dir='ltr' id='par_1_11' title="bbox 368 2990 2833 3568">
     <span class='ocr_line' id='line_1_25' title="bbox 459 2990 2832 3076; baseline -0.001 -20"><span class='ocrx_word' id='word_1_196' title='bbox 459 2990 717 3070; x_wconf 80' lang='lat' dir='ltr'>Contra,</span> <span class='ocrx_word' id='word_1_197' title='bbox 765 2992 820 3056; x_wconf 87' lang='lat' dir='ltr'>si</span> <span class='ocrx_word' id='word_1_198' title='bbox 865 3011 1119 3057; x_wconf 87' lang='lat' dir='ltr'>causam</span> <span class='ocrx_word' id='word_1_199' title='bbox 1155 2991 1499 3070; x_wconf 77' lang='lat' dir='ltr'>detesteriS‚</span> <span class='ocrx_word' id='word_1_200' title='bbox 1534 2992 1767 3056; x_wconf 86' lang='lat' dir='ltr'>valebit</span> <span class='ocrx_word' id='word_1_201' title='bbox 1812 2993 2029 3076; x_wconf 85' lang='lat' dir='ltr'>regula</span> <span class='ocrx_word' id='word_1_202' title='bbox 2075 2993 2266 3056; x_wconf 90' lang='lat' dir='ltr'>etiam</span> <span class='ocrx_word' id='word_1_203' title='bbox 2313 2991 2386 3055; x_wconf 91' lang='lat' dir='ltr'>de</span> <span class='ocrx_word' id='word_1_204' title='bbox 2432 2991 2669 3075; x_wconf 89' lang='lat' dir='ltr'>peccati</span> <span class='ocrx_word' id='word_1_205' title='bbox 2701 3010 2737 3053; x_wconf 88' lang='lat' dir='ltr'>a</span> <span class='ocrx_word' id='word_1_206' title='bbox 2769 2990 2832 3053; x_wconf 89' lang='lat' dir='ltr'>te</span> 
     </span>
     <span class='ocr_line' id='line_1_26' title="bbox 369 3092 2833 3175; baseline -0.002 -16"><span class='ocrx_word' id='word_1_207' title='bbox 369 3095 685 3159; x_wconf 87' lang='lat' dir='ltr'>commissi</span> <span class='ocrx_word' id='word_1_208' title='bbox 717 3094 956 3159; x_wconf 83' lang='lat' dir='ltr'>effectu.</span> <span class='ocrx_word' id='word_1_209' title='bbox 991 3093 1290 3174; x_wconf 85' lang='lat' dir='ltr'>Quocirca</span> <span class='ocrx_word' id='word_1_210' title='bbox 1327 3113 1377 3158; x_wconf 90' lang='lat' dir='ltr'>s.</span> <span class='ocrx_word' id='word_1_211' title='bbox 1410 3093 1595 3175; x_wconf 88' lang='lat' dir='ltr'>Alph.</span> <span class='ocrx_word' id='word_1_212' title='bbox 1621 3094 1729 3156; x_wconf 90' lang='lat' dir='ltr'>lib.</span> <span class='ocrx_word' id='word_1_213' title='bbox 1768 3094 1826 3155; x_wconf 88' lang='lat'>5.</span> <span class='ocrx_word' id='word_1_214' title='bbox 1868 3114 1928 3156; x_wconf 90' lang='lat' dir='ltr'>n.</span> <span class='ocrx_word' id='word_1_215' title='bbox 1964 3096 2069 3157; x_wconf 87' lang='grc'>20.</span> <span class='ocrx_word' id='word_1_216' title='bbox 2102 3094 2169 3155; x_wconf 89' lang='lat' dir='ltr'>in</span> <span class='ocrx_word' id='word_1_217' title='bbox 2198 3092 2333 3155; x_wconf 89' lang='lat' dir='ltr'>fin.:</span> <span class='ocrx_word' id='word_1_218' title='bbox 2376 3093 2507 3154; x_wconf 84' lang='lat' dir='ltr'>«In</span> <span class='ocrx_word' id='word_1_219' title='bbox 2540 3109 2833 3172; x_wconf 89' lang='lat' dir='ltr'>quocum-</span> 
     </span>
     <span class='ocr_line' id='line_1_27' title="bbox 368 3191 2831 3279; baseline -0.002 -17"><span class='ocrx_word' id='word_1_220' title='bbox 368 3216 486 3279; x_wconf 88' lang='lat' dir='ltr'>que</span> <span class='ocrx_word' id='word_1_221' title='bbox 532 3200 743 3262; x_wconf 90' lang='lat' dir='ltr'>tamen</span> <span class='ocrx_word' id='word_1_222' title='bbox 776 3215 928 3261; x_wconf 90' lang='lat' dir='ltr'>casu</span> <span class='ocrx_word' id='word_1_223' title='bbox 954 3196 1122 3272; x_wconf 84' lang='lat' dir='ltr'>licet,</span> <span class='ocrx_word' id='word_1_224' title='bbox 1141 3216 1265 3275; x_wconf 81' lang='lat' dir='ltr'>per</span> <span class='ocrx_word' id='word_1_225' title='bbox 1294 3214 1359 3258; x_wconf 83' lang='lat' dir='ltr'>se</span> <span class='ocrx_word' id='word_1_226' title='bbox 1392 3194 1714 3275; x_wconf 76' lang='lat' dir='ltr'>loquendo,</span> <span class='ocrx_word' id='word_1_227' title='bbox 1755 3195 1974 3274; x_wconf 82' lang='lat' dir='ltr'>cuique</span> <span class='ocrx_word' id='word_1_228' title='bbox 2020 3192 2332 3268; x_wconf 76' lang='lat' dir='ltr'>delectari,</span> <span class='ocrx_word' id='word_1_229' title='bbox 2364 3211 2487 3256; x_wconf 92' lang='lat' dir='ltr'>non</span> <span class='ocrx_word' id='word_1_230' title='bbox 2517 3191 2591 3255; x_wconf 90' lang='lat' dir='ltr'>de</span> <span class='ocrx_word' id='word_1_231' title='bbox 2622 3210 2831 3269; x_wconf 88' lang='lat' dir='ltr'>causa,</span> 
     </span>
     <span class='ocr_line' id='line_1_28' title="bbox 372 3292 2833 3380; baseline -0.002 -18"><span class='ocrx_word' id='word_1_232' title='bbox 372 3299 477 3362; x_wconf 91' lang='lat' dir='ltr'>sed</span> <span class='ocrx_word' id='word_1_233' title='bbox 514 3300 587 3364; x_wconf 90' lang='lat' dir='ltr'>de</span> <span class='ocrx_word' id='word_1_234' title='bbox 634 3298 856 3364; x_wconf 85' lang='lat' dir='ltr'>effectu</span> <span class='ocrx_word' id='word_1_235' title='bbox 901 3298 1189 3380; x_wconf 86' lang='lat' dir='ltr'>sequuto,</span> <span class='ocrx_word' id='word_1_236' title='bbox 1235 3316 1452 3378; x_wconf 89' lang='lat' dir='ltr'>nempe</span> <span class='ocrx_word' id='word_1_237' title='bbox 1499 3295 1572 3360; x_wconf 91' lang='lat' dir='ltr'>de</span> <span class='ocrx_word' id='word_1_238' title='bbox 1620 3295 2049 3360; x_wconf 85' lang='lat' dir='ltr'>exoneratione</span> <span class='ocrx_word' id='word_1_239' title='bbox 2104 3295 2361 3359; x_wconf 86' lang='lat' dir='ltr'>causata</span> <span class='ocrx_word' id='word_1_240' title='bbox 2409 3314 2443 3357; x_wconf 90' lang='lat' dir='ltr'>a</span> <span class='ocrx_word' id='word_1_241' title='bbox 2490 3292 2833 3376; x_wconf 90' lang='lat' dir='ltr'>pollutione</span> 
     </span>
     <span class='ocr_line' id='line_1_29' title="bbox 373 3395 2832 3480; baseline -0.002 -16"><span class='ocrx_word' id='word_1_242' title='bbox 373 3401 568 3465; x_wconf 91' lang='lat' dir='ltr'>etiam</span> <span class='ocrx_word' id='word_1_243' title='bbox 616 3401 989 3477; x_wconf 84' lang='lat' dir='ltr'>voluntaria,</span> <span class='ocrx_word' id='word_1_244' title='bbox 1040 3400 1139 3464; x_wconf 86' lang='lat' dir='ltr'>vel</span> <span class='ocrx_word' id='word_1_245' title='bbox 1197 3399 1271 3463; x_wconf 90' lang='lat' dir='ltr'>de</span> <span class='ocrx_word' id='word_1_246' title='bbox 1326 3397 1810 3480; x_wconf 90' lang='lat' dir='ltr'>consequutione</span> <span class='ocrx_word' id='word_1_247' title='bbox 1855 3397 2216 3462; x_wconf 84' lang='lat' dir='ltr'>hereditatis</span> <span class='ocrx_word' id='word_1_248' title='bbox 2273 3397 2350 3462; x_wconf 90' lang='lat' dir='ltr'>ob</span> <span class='ocrx_word' id='word_1_249' title='bbox 2409 3395 2832 3472; x_wconf 83' lang='lat' dir='ltr'>homicidium,</span> 
     </span>
     <span class='ocr_line' id='line_1_30' title="bbox 370 3502 1275 3568; baseline -0.001 -2"><span class='ocrx_word' id='word_1_250' title='bbox 370 3503 556 3567; x_wconf 90' lang='lat' dir='ltr'>modo</span> <span class='ocrx_word' id='word_1_251' title='bbox 606 3522 793 3568; x_wconf 90' lang='lat' dir='ltr'>causa</span> <span class='ocrx_word' id='word_1_252' title='bbox 841 3502 1184 3566; x_wconf 87' lang='lat' dir='ltr'>detestetur</span> <span class='ocrx_word' id='word_1_253' title='bbox 1214 3524 1275 3565; x_wconf 82' lang='lat'>».</span> 
     </span>
    </p>

    <p class='ocr_par' dir='ltr' id='par_1_12' title="bbox 367 3601 2838 3892">
     <span class='ocr_line' id='line_1_31' title="bbox 460 3601 2834 3685; baseline -0.002 -15"><span class='ocrx_word' id='word_1_254' title='bbox 460 3606 733 3671; x_wconf 88' lang='lat' dir='ltr'>Attende</span> <span class='ocrx_word' id='word_1_255' title='bbox 768 3608 981 3671; x_wconf 87' lang='lat' dir='ltr'>autem</span> <span class='ocrx_word' id='word_1_256' title='bbox 1010 3605 1319 3669; x_wconf 88' lang='lat' dir='ltr'>rationem</span> <span class='ocrx_word' id='word_1_257' title='bbox 1348 3603 1779 3667; x_wconf 84' lang='lat' dir='ltr'>limitationis:</span> <span class='ocrx_word' id='word_1_258' title='bbox 1813 3627 1847 3662; x_wconf 82' lang='lat'>‹&lt;</span> <span class='ocrx_word' id='word_1_259' title='bbox 1873 3601 2035 3680; x_wconf 81' lang='lat' dir='ltr'>Dixi,</span> <span class='ocrx_word' id='word_1_260' title='bbox 2056 3623 2178 3683; x_wconf 78' lang='lat' dir='ltr'>per</span> <span class='ocrx_word' id='word_1_261' title='bbox 2212 3622 2277 3667; x_wconf 81' lang='lat' dir='ltr'>se</span> <span class='ocrx_word' id='word_1_262' title='bbox 2310 3601 2651 3685; x_wconf 79' lang='lat' dir='ltr'>loquend0‚·</span> <span class='ocrx_word' id='word_1_263' title='bbox 2688 3620 2834 3665; x_wconf 85' lang='lat' dir='ltr'>nam</span> 
     </span>
     <span class='ocr_line' id='line_1_32' title="bbox 370 3703 2838 3789; baseline -0.002 -18"><span class='ocrx_word' id='word_1_264' title='bbox 370 3708 741 3773; x_wconf 88' lang='lat' dir='ltr'>huiusmodi</span> <span class='ocrx_word' id='word_1_265' title='bbox 779 3707 1216 3772; x_wconf 88' lang='lat' dir='ltr'>delectationes</span> <span class='ocrx_word' id='word_1_266' title='bbox 1249 3704 1580 3788; x_wconf 88' lang='lat' dir='ltr'>aliquando</span> <span class='ocrx_word' id='word_1_267' title='bbox 1612 3724 1733 3770; x_wconf 90' lang='lat' dir='ltr'>non</span> <span class='ocrx_word' id='word_1_268' title='bbox 1766 3706 1979 3770; x_wconf 89' lang='lat' dir='ltr'>carent</span> <span class='ocrx_word' id='word_1_269' title='bbox 2008 3706 2300 3789; x_wconf 85' lang='lat' dir='ltr'>pericu10‚</span> <span class='ocrx_word' id='word_1_270' title='bbox 2334 3707 2408 3770; x_wconf 90' lang='lat' dir='ltr'>ut</span> <span class='ocrx_word' id='word_1_271' title='bbox 2432 3708 2594 3771; x_wconf 89' lang='lat' dir='ltr'>recte</span> <span class='ocrx_word' id='word_1_272' title='bbox 2628 3703 2838 3768; x_wconf 87' lang='lat' dir='ltr'>adver-</span> 
     </span>
     <span class='ocr_line' id='line_1_33' title="bbox 367 3808 2068 3892; baseline -0.001 -18"><span class='ocrx_word' id='word_1_273' title='bbox 367 3812 521 3876; x_wconf 90' lang='lat' dir='ltr'>tunt</span> <span class='ocrx_word' id='word_1_274' title='bbox 552 3812 747 3876; x_wconf 84' lang='lat' dir='ltr'>Bone.</span> <span class='ocrx_word' id='word_1_275' title='bbox 783 3811 845 3875; x_wconf 90' lang='lat' dir='ltr'>et</span> <span class='ocrx_word' id='word_1_276' title='bbox 877 3808 1068 3874; x_wconf 87' lang='lat' dir='ltr'>Salm.</span> <span class='ocrx_word' id='word_1_277' title='bbox 1103 3811 1284 3873; x_wconf 87' lang='lat' dir='ltr'>tract.</span> <span class='ocrx_word' id='word_1_278' title='bbox 1320 3810 1425 3872; x_wconf 81' lang='lat'>20.</span> <span class='ocrx_word' id='word_1_279' title='bbox 1460 3827 1592 3892; x_wconf 86' lang='lat' dir='ltr'>cap.</span> <span class='ocrx_word' id='word_1_280' title='bbox 1630 3808 1731 3872; x_wconf 87' lang='lat'>13.</span> <span class='ocrx_word' id='word_1_281' title='bbox 1766 3829 1825 3872; x_wconf 91' lang='lat' dir='ltr'>n.</span> <span class='ocrx_word' id='word_1_282' title='bbox 1859 3808 1966 3871; x_wconf 87' lang='lat'>40.</span> <span class='ocrx_word' id='word_1_283' title='bbox 2007 3833 2068 3872; x_wconf 80' lang='lat'>».</span> 
     </span>
    </p>
   </div>
   <div class='ocr_carea' id='block_1_5' title="bbox 364 3964 2836 4629">
    <p class='ocr_par' dir='ltr' id='par_1_13' title="bbox 364 3964 2836 4629">
     <span class='ocr_line' id='line_1_34' title="bbox 474 3964 2836 4033; baseline -0.002 -10"><span class='ocrx_word' id='word_1_284' title='bbox 474 3972 617 4024; x_wconf 83' lang='lat' dir='ltr'>XVl.</span> <span class='ocrx_word' id='word_1_285' title='bbox 644 3973 693 4024; x_wconf 78' lang='lat'>2.</span> <span class='ocrx_word' id='word_1_286' title='bbox 722 3970 775 4023; x_wconf 90' lang='lat' dir='ltr'>Si</span> <span class='ocrx_word' id='word_1_287' title='bbox 807 3968 920 4023; x_wconf 77' lang='lat' dir='ltr'>talis</span> <span class='ocrx_word' id='word_1_288' title='bbox 946 3973 1149 4023; x_wconf 73' lang='lat' dir='ltr'>effectus</span> <span class='ocrx_word' id='word_1_289' title='bbox 1174 3967 1239 4021; x_wconf 78' lang='lat' dir='ltr'>sil</span> <span class='ocrx_word' id='word_1_290' title='bbox 1262 3973 1463 4022; x_wconf 82' lang='lat' dir='ltr'>secutus</span> <span class='ocrx_word' id='word_1_291' title='bbox 1498 3980 1559 4021; x_wconf 82' lang='lat' dir='ltr'>ex</span> <span class='ocrx_word' id='word_1_292' title='bbox 1587 3980 1737 4033; x_wconf 81' lang='lat' dir='ltr'>opere</span> <span class='ocrx_word' id='word_1_293' title='bbox 1763 3968 2031 4020; x_wconf 83' lang='lat' dir='ltr'>secundum</span> <span class='ocrx_word' id='word_1_294' title='bbox 2056 3981 2110 4019; x_wconf 85' lang='lat' dir='ltr'>se</span> <span class='ocrx_word' id='word_1_295' title='bbox 2135 3964 2330 4031; x_wconf 84' lang='lat' dir='ltr'>quidem</span> <span class='ocrx_word' id='word_1_296' title='bbox 2369 3966 2513 4029; x_wconf 83' lang='lat' dir='ltr'>malo,</span> <span class='ocrx_word' id='word_1_297' title='bbox 2540 3964 2648 4019; x_wconf 84' lang='lat' dir='ltr'>heic</span> <span class='ocrx_word' id='word_1_298' title='bbox 2674 3971 2836 4019; x_wconf 82' lang='lat' dir='ltr'>tamen</span> 
     </span>
     <span class='ocr_line' id='line_1_35' title="bbox 364 4048 2836 4123; baseline -0.002 -16"><span class='ocrx_word' id='word_1_299' title='bbox 364 4060 425 4107; x_wconf 78' lang='lat' dir='ltr'>el</span> <span class='ocrx_word' id='word_1_300' title='bbox 449 4070 582 4110; x_wconf 85' lang='lat' dir='ltr'>nunc</span> <span class='ocrx_word' id='word_1_301' title='bbox 608 4058 752 4123; x_wconf 81' lang='lat' dir='ltr'>culpa</span> <span class='ocrx_word' id='word_1_302' title='bbox 786 4061 1007 4119; x_wconf 79' lang='lat' dir='ltr'>vacante,</span> <span class='ocrx_word' id='word_1_303' title='bbox 1036 4060 1092 4109; x_wconf 82' lang='lat' dir='ltr'>ut</span> <span class='ocrx_word' id='word_1_304' title='bbox 1120 4069 1169 4107; x_wconf 82' lang='lat' dir='ltr'>v.</span> <span class='ocrx_word' id='word_1_305' title='bbox 1193 4068 1268 4118; x_wconf 76' lang='lat' dir='ltr'>gr.</span> <span class='ocrx_word' id='word_1_306' title='bbox 1291 4051 1405 4119; x_wconf 73' lang='lat' dir='ltr'>quia</span> <span class='ocrx_word' id='word_1_307' title='bbox 1430 4055 1609 4106; x_wconf 76' lang='lat' dir='ltr'>lactum</span> <span class='ocrx_word' id='word_1_308' title='bbox 1635 4050 1784 4104; x_wconf 77' lang='lat' dir='ltr'>estin</span> <span class='ocrx_word' id='word_1_309' title='bbox 1809 4064 1998 4114; x_wconf 83' lang='lat' dir='ltr'>somno,</span> <span class='ocrx_word' id='word_1_310' title='bbox 2016 4048 2243 4114; x_wconf 74' lang='lat' dir='ltr'>amentia,</span> <span class='ocrx_word' id='word_1_311' title='bbox 2270 4049 2527 4113; x_wconf 80' lang='lat' dir='ltr'>ebrietate,</span> <span class='ocrx_word' id='word_1_312' title='bbox 2549 4048 2836 4116; x_wconf 76' lang='lat' dir='ltr'>inculpabili</span> 
     </span>
     <span class='ocr_line' id='line_1_36' title="bbox 365 4134 2828 4205; baseline -0.002 -12"><span class='ocrx_word' id='word_1_313' title='bbox 365 4137 661 4205; x_wconf 72' lang='lat' dir='ltr'>ignorantia,</span> <span class='ocrx_word' id='word_1_314' title='bbox 688 4145 803 4194; x_wconf 79' lang='lat' dir='ltr'>tunc</span> <span class='ocrx_word' id='word_1_315' title='bbox 843 4138 996 4193; x_wconf 82' lang='lat' dir='ltr'>etiam</span> <span class='ocrx_word' id='word_1_316' title='bbox 1023 4141 1083 4192; x_wconf 89' lang='lat' dir='ltr'>de</span> <span class='ocrx_word' id='word_1_317' title='bbox 1102 4137 1212 4205; x_wconf 85' lang='lat' dir='ltr'>ipso</span> <span class='ocrx_word' id='word_1_318' title='bbox 1241 4144 1353 4191; x_wconf 81' lang='lat' dir='ltr'>actu</span> <span class='ocrx_word' id='word_1_319' title='bbox 1380 4136 1528 4191; x_wconf 86' lang='lat' dir='ltr'>licere</span> <span class='ocrx_word' id='word_1_320' title='bbox 1553 4135 1813 4202; x_wconf 82' lang='lat' dir='ltr'>aliquando</span> <span class='ocrx_word' id='word_1_321' title='bbox 1837 4134 2087 4199; x_wconf 75' lang='lat' dir='ltr'>delectari,</span> <span class='ocrx_word' id='word_1_322' title='bbox 2110 4150 2207 4189; x_wconf 89' lang='lat' dir='ltr'>non</span> <span class='ocrx_word' id='word_1_323' title='bbox 2231 4134 2426 4201; x_wconf 87' lang='lat' dir='ltr'>quidem</span> <span class='ocrx_word' id='word_1_324' title='bbox 2453 4137 2718 4189; x_wconf 81' lang='lat' dir='ltr'>secundum</span> <span class='ocrx_word' id='word_1_325' title='bbox 2757 4150 2828 4199; x_wconf 85' lang='lat' dir='ltr'>se,</span> 
     </span>
     <span class='ocr_line' id='line_1_37' title="bbox 365 4220 2835 4287; baseline -0.001 -11"><span class='ocrx_word' id='word_1_326' title='bbox 365 4227 452 4277; x_wconf 84' lang='lat' dir='ltr'>sed</span> <span class='ocrx_word' id='word_1_327' title='bbox 487 4232 541 4278; x_wconf 83' lang='lat' dir='ltr'>ut</span> <span class='ocrx_word' id='word_1_328' title='bbox 567 4232 647 4277; x_wconf 79' lang='lat' dir='ltr'>est</span> <span class='ocrx_word' id='word_1_329' title='bbox 670 4238 815 4278; x_wconf 84' lang='lat' dir='ltr'>causa</span> <span class='ocrx_word' id='word_1_330' title='bbox 843 4224 955 4278; x_wconf 82' lang='lat' dir='ltr'>talis</span> <span class='ocrx_word' id='word_1_331' title='bbox 980 4222 1096 4277; x_wconf 88' lang='lat' dir='ltr'>boni</span> <span class='ocrx_word' id='word_1_332' title='bbox 1116 4225 1335 4287; x_wconf 72' lang='lat' dir='ltr'>effectus,</span> <span class='ocrx_word' id='word_1_333' title='bbox 1356 4222 1499 4275; x_wconf 82' lang='lat' dir='ltr'>docet</span> <span class='ocrx_word' id='word_1_334' title='bbox 1524 4224 1659 4275; x_wconf 81' lang='lat' dir='ltr'>Less,</span> <span class='ocrx_word' id='word_1_335' title='bbox 1687 4223 1717 4273; x_wconf 90' lang='lat' dir='ltr'>l.</span> <span class='ocrx_word' id='word_1_336' title='bbox 1742 4220 1792 4273; x_wconf 69' lang='lat' dir='ltr'>k.</span> <span class='ocrx_word' id='word_1_337' title='bbox 1811 4235 1855 4273; x_wconf 92' lang='lat' dir='ltr'>c.</span> <span class='ocrx_word' id='word_1_338' title='bbox 1877 4221 1925 4271; x_wconf 87' lang='lat'>3.</span> <span class='ocrx_word' id='word_1_339' title='bbox 1947 4234 1992 4273; x_wconf 90' lang='lat' dir='ltr'>n.</span> <span class='ocrx_word' id='word_1_340' title='bbox 2015 4221 2130 4274; x_wconf 67' lang='lat'>⁴05.</span> <span class='ocrx_word' id='word_1_341' title='bbox 2155 4227 2203 4273; x_wconf 83' lang='lat' dir='ltr'>el</span> <span class='ocrx_word' id='word_1_342' title='bbox 2230 4222 2247 4272; x_wconf 86' lang='lat' dir='ltr'>l</span> <span class='ocrx_word' id='word_1_343' title='bbox 2264 4222 2348 4273; x_wconf 81' lang='lat'>06.</span> <span class='ocrx_word' id='word_1_344' title='bbox 2369 4235 2429 4273; x_wconf 86' lang='lat' dir='ltr'>ex</span> <span class='ocrx_word' id='word_1_345' title='bbox 2459 4223 2686 4286; x_wconf 82' lang='lat' dir='ltr'>vasquez</span> <span class='ocrx_word' id='word_1_346' title='bbox 2715 4221 2760 4273; x_wconf 83' lang='lat' dir='ltr'>l.</span> <span class='ocrx_word' id='word_1_347' title='bbox 2783 4222 2835 4274; x_wconf 77' lang='lat'>2.</span> 
     </span>
     <span class='ocr_line' id='line_1_38' title="bbox 365 4303 2836 4371; baseline -0.001 -10"><span class='ocrx_word' id='word_1_348' title='bbox 365 4310 412 4361; x_wconf 88' lang='lat' dir='ltr'>d.</span> <span class='ocrx_word' id='word_1_349' title='bbox 447 4309 569 4361; x_wconf 68' lang='lat'>⁴05.</span> <span class='ocrx_word' id='word_1_350' title='bbox 596 4323 643 4361; x_wconf 86' lang='lat' dir='ltr'>c.</span> <span class='ocrx_word' id='word_1_351' title='bbox 671 4311 719 4361; x_wconf 83' lang='lat'>2.</span> <span class='ocrx_word' id='word_1_352' title='bbox 745 4321 850 4361; x_wconf 84' lang='lat' dir='ltr'>ver.</span> <span class='ocrx_word' id='word_1_353' title='bbox 882 4321 957 4371; x_wconf 75' lang='lat' dir='ltr'>gr.</span> <span class='ocrx_word' id='word_1_354' title='bbox 977 4310 1039 4361; x_wconf 89' lang='lat' dir='ltr'>de</span> <span class='ocrx_word' id='word_1_355' title='bbox 1068 4305 1312 4361; x_wconf 82' lang='lat' dir='ltr'>solutione</span> <span class='ocrx_word' id='word_1_356' title='bbox 1342 4312 1543 4360; x_wconf 81' lang='lat' dir='ltr'>naturae</span> <span class='ocrx_word' id='word_1_357' title='bbox 1570 4309 1691 4359; x_wconf 80' lang='lat' dir='ltr'>lacta</span> <span class='ocrx_word' id='word_1_358' title='bbox 1719 4303 1768 4358; x_wconf 91' lang='lat' dir='ltr'>in</span> <span class='ocrx_word' id='word_1_359' title='bbox 1795 4319 1984 4358; x_wconf 88' lang='lat' dir='ltr'>somno.</span> <span class='ocrx_word' id='word_1_360' title='bbox 2012 4305 2154 4359; x_wconf 75' lang='lat' dir='ltr'>Ratio</span> <span class='ocrx_word' id='word_1_361' title='bbox 2180 4311 2270 4368; x_wconf 79' lang='lat' dir='ltr'>est,</span> <span class='ocrx_word' id='word_1_362' title='bbox 2296 4304 2406 4371; x_wconf 83' lang='lat' dir='ltr'>quia</span> <span class='ocrx_word' id='word_1_363' title='bbox 2434 4305 2679 4360; x_wconf 81' lang='lat' dir='ltr'>obiectum</span> <span class='ocrx_word' id='word_1_364' title='bbox 2708 4308 2836 4359; x_wconf 87' lang='lat' dir='ltr'>dele-</span> 
     </span>
     <span class='ocr_line' id='line_1_39' title="bbox 365 4388 2836 4456; baseline 0 -11"><span class='ocrx_word' id='word_1_365' title='bbox 365 4391 601 4445; x_wconf 77' lang='lat' dir='ltr'>clationis</span> <span class='ocrx_word' id='word_1_366' title='bbox 624 4390 769 4445; x_wconf 78' lang='lat' dir='ltr'>istius</span> <span class='ocrx_word' id='word_1_367' title='bbox 793 4404 888 4445; x_wconf 86' lang='lat' dir='ltr'>non</span> <span class='ocrx_word' id='word_1_368' title='bbox 918 4396 996 4445; x_wconf 77' lang='lat' dir='ltr'>est</span> <span class='ocrx_word' id='word_1_369' title='bbox 1020 4394 1215 4444; x_wconf 77' lang='lat' dir='ltr'>malum.</span> <span class='ocrx_word' id='word_1_370' title='bbox 1249 4389 1364 4444; x_wconf 87' lang='lat' dir='ltr'>Vid.</span> <span class='ocrx_word' id='word_1_371' title='bbox 1388 4392 1509 4444; x_wconf 86' lang='lat' dir='ltr'>Bon.</span> <span class='ocrx_word' id='word_1_372' title='bbox 1536 4388 1603 4445; x_wconf 81' lang='lat' dir='ltr'>de</span> <span class='ocrx_word' id='word_1_373' title='bbox 1625 4390 1794 4447; x_wconf 74' lang='lat' dir='ltr'>Matr.</span> <span class='ocrx_word' id='word_1_374' title='bbox 1813 4391 1861 4442; x_wconf 90' lang='lat' dir='ltr'>d.</span> <span class='ocrx_word' id='word_1_375' title='bbox 1894 4388 1941 4443; x_wconf 73' lang='lat'>4.</span> <span class='ocrx_word' id='word_1_376' title='bbox 1969 4404 2016 4456; x_wconf 82' lang='lat' dir='ltr'>p.</span> <span class='ocrx_word' id='word_1_377' title='bbox 2044 4391 2094 4443; x_wconf 82' lang='lat'>8.</span> <span class='ocrx_word' id='word_1_378' title='bbox 2121 4405 2170 4442; x_wconf 88' lang='lat' dir='ltr'>n.</span> <span class='ocrx_word' id='word_1_379' title='bbox 2199 4394 2245 4443; x_wconf 88' lang='lat'>8.</span> <span class='ocrx_word' id='word_1_380' title='bbox 2269 4394 2487 4444; x_wconf 83' lang='lat' dir='ltr'>Sanchez</span> <span class='ocrx_word' id='word_1_381' title='bbox 2513 4390 2600 4445; x_wconf 83' lang='lat' dir='ltr'>lib.</span> <span class='ocrx_word' id='word_1_382' title='bbox 2622 4394 2671 4444; x_wconf 72' lang='lat' dir='ltr'>el.</span> <span class='ocrx_word' id='word_1_383' title='bbox 2693 4391 2836 4447; x_wconf 76' lang='lat' dir='ltr'>Mor.</span> 
     </span>
     <span class='ocr_line' id='line_1_40' title="bbox 364 4474 2836 4542; baseline 0 -13"><span class='ocrx_word' id='word_1_384' title='bbox 364 4490 408 4529; x_wconf 84' lang='lat' dir='ltr'>c.</span> <span class='ocrx_word' id='word_1_385' title='bbox 435 4479 486 4531; x_wconf 75' lang='lat'>2.</span> <span class='ocrx_word' id='word_1_386' title='bbox 508 4491 558 4530; x_wconf 89' lang='lat' dir='ltr'>n.</span> <span class='ocrx_word' id='word_1_387' title='bbox 584 4479 669 4530; x_wconf 70' lang='lat'>⁴8.</span> <span class='ocrx_word' id='word_1_388' title='bbox 690 4474 832 4530; x_wconf 75' lang='lat' dir='ltr'>Cal-d.</span> <span class='ocrx_word' id='word_1_389' title='bbox 852 4477 913 4531; x_wconf 86' lang='lat' dir='ltr'>de</span> <span class='ocrx_word' id='word_1_390' title='bbox 938 4478 1075 4541; x_wconf 74' lang='lat' dir='ltr'>Lugo</span> <span class='ocrx_word' id='word_1_391' title='bbox 1093 4474 1160 4530; x_wconf 76' lang='lat' dir='ltr'>de</span> <span class='ocrx_word' id='word_1_392' title='bbox 1180 4477 1343 4531; x_wconf 74' lang='lat' dir='ltr'>Pom.</span> <span class='ocrx_word' id='word_1_393' title='bbox 1368 4477 1416 4528; x_wconf 90' lang='lat' dir='ltr'>d.</span> <span class='ocrx_word' id='word_1_394' title='bbox 1447 4476 1529 4527; x_wconf 70' lang='lat'>⁴6.</span> <span class='ocrx_word' id='word_1_395' title='bbox 1551 4491 1597 4528; x_wconf 89' lang='lat' dir='ltr'>n.</span> <span class='ocrx_word' id='word_1_396' title='bbox 1617 4476 1739 4528; x_wconf 82' lang='grc'><strong>389.</strong></span> <span class='ocrx_word' id='word_1_397' title='bbox 1760 4477 1863 4528; x_wconf 88' lang='lat' dir='ltr'>lmo</span> <span class='ocrx_word' id='word_1_398' title='bbox 1883 4476 2084 4537; x_wconf 82' lang='lat' dir='ltr'>addunt,</span> <span class='ocrx_word' id='word_1_399' title='bbox 2104 4474 2253 4529; x_wconf 84' lang='lat' dir='ltr'>licere</span> <span class='ocrx_word' id='word_1_400' title='bbox 2272 4475 2537 4542; x_wconf 82' lang='lat' dir='ltr'>aliquando</span> <span class='ocrx_word' id='word_1_401' title='bbox 2556 4475 2836 4531; x_wconf 77' lang='lat' dir='ltr'>desiderare</span> 
     </span>
     <span class='ocr_line' id='line_1_41' title="bbox 370 4558 2835 4629; baseline 0 -16"><span class='ocrx_word' id='word_1_402' title='bbox 370 4562 571 4628; x_wconf 75' lang='lat' dir='ltr'>(affectu</span> <span class='ocrx_word' id='word_1_403' title='bbox 613 4560 823 4628; x_wconf 82' lang='lat' dir='ltr'>simplici</span> <span class='ocrx_word' id='word_1_404' title='bbox 858 4567 907 4615; x_wconf 81' lang='lat' dir='ltr'>et</span> <span class='ocrx_word' id='word_1_405' title='bbox 944 4559 1180 4615; x_wconf 78' lang='lat' dir='ltr'>inefficaci</span> <span class='ocrx_word' id='word_1_406' title='bbox 1219 4558 1487 4629; x_wconf 83' lang='lat' dir='ltr'>desiderio)</span> <span class='ocrx_word' id='word_1_407' title='bbox 1512 4567 1565 4614; x_wconf 85' lang='lat' dir='ltr'>ul</span> <span class='ocrx_word' id='word_1_408' title='bbox 1589 4563 1687 4615; x_wconf 79' lang='lat' dir='ltr'>tale</span> <span class='ocrx_word' id='word_1_409' title='bbox 1712 4558 1829 4626; x_wconf 87' lang='lat' dir='ltr'>quid</span> <span class='ocrx_word' id='word_1_410' title='bbox 1870 4562 1953 4614; x_wconf 78' lang='lat' dir='ltr'>liat</span> <span class='ocrx_word' id='word_1_411' title='bbox 1991 4559 2096 4614; x_wconf 83' lang='lat' dir='ltr'>sine</span> <span class='ocrx_word' id='word_1_412' title='bbox 2121 4562 2280 4627; x_wconf 83' lang='lat' dir='ltr'>culpa,</span> <span class='ocrx_word' id='word_1_413' title='bbox 2312 4575 2360 4613; x_wconf 87' lang='lat' dir='ltr'>v.</span> <span class='ocrx_word' id='word_1_414' title='bbox 2386 4575 2459 4626; x_wconf 75' lang='lat' dir='ltr'>gr.</span> <span class='ocrx_word' id='word_1_415' title='bbox 2485 4568 2538 4615; x_wconf 81' lang='lat' dir='ltr'>ut</span> <span class='ocrx_word' id='word_1_416' title='bbox 2575 4561 2623 4614; x_wconf 88' lang='lat' dir='ltr'>in</span> <span class='ocrx_word' id='word_1_417' title='bbox 2664 4576 2835 4615; x_wconf 83' lang='lat' dir='ltr'>somno</span> 
     </span>
    </p>
   </div>
  </div>
 </body>
</html>
