3529 5158
693 378 766 431 20
1121 388 1331 429 mam.
1373 390 1411 428 1.
1451 389 1536 428 ma
1570 386 1827 428 Ac'rums
1861 384 2155 428 noun-us.
2193 384 2393 425 carm
2428 381 2494 422 11.
2531 369 2582 437 ξ.
2619 366 2672 420 2.
3048 365 3157 440 [24]

694 488 800 551 ubi
843 488 1086 552 obstare
1127 487 1256 550 sine
1301 486 1564 569 strepitu
1611 487 1675 548 et
1714 483 2002 548 scandalo
2049 501 2171 547 non
2213 483 2423 565 posset
2467 482 2530 546 et
2575 479 2762 543 verba
2794 478 2925 543 eius
2955 478 3157 542 relata

694 592 841 653 sunt
872 591 933 653 in
965 608 1185 672 corpus
1229 590 1382 653 iuris
1413 607 1545 670 cap.
1581 590 1641 650 2.
1675 586 1749 649 de
1781 584 2418 664 Praescrzptionibus.
2451 581 2543 646 Ob
2574 582 2907 664 paritatem
2941 584 3154 644 autem

694 691 952 755 rationis
983 691 1132 753 haec
1170 690 1442 772 exceptio
1475 689 1696 753 merito
1729 687 2079 752 extenditur
2108 687 2298 751 etiam
2330 684 2407 749 ad
2439 682 2740 761 subditos,
2774 685 2885 766 qui
2918 684 3157 766 aliquid

694 794 1013 875 patiantur
1044 812 1080 855 a
1112 792 1547 875 superioribus

782 890 912 964 24.
938 895 1147 959 Tertia
1178 896 1413 979 regula,
1441 894 1775 959 secundum
1808 912 1995 975 quam
2029 891 2344 955 silentium
2367 890 2504 954 iura
2534 890 3022 971 interpretantur
3044 907 3156 953 ceu

692 1015 1074 1074 consensum,
1109 998 1232 1060 sita
1263 999 1356 1060 est
1392 998 1449 1059 1.
1482 997 1553 1058 in
1577 996 1869 1075 plurimu
1913 994 2330 1063 emesensv'ona
2366 991 2648 1055 videlicet
2694 990 2940 1072 quando
2987 1010 3158 1055 com-

692 1098 868 1161 muni
912 1098 1174 1162 alicuius
1220 1100 1432 1163 coetus
1466 1119 1523 1161 v.
1556 1119 1649 1182 gr.
1682 1096 1960 1180 Capituli
2004 1094 2474 1171 Canonicorum‚
2509 1093 2988 1177 Religiosorum,
3022 1094 3156 1159 Mo-

691 1199 953 1263 nialium
985 1200 1083 1263 vel
1106 1198 1371 1263 Senatus
1402 1203 1516 1264 etc.
1543 1199 1798 1264 consilio
1831 1216 1928 1262 res
1961 1198 2172 1281 peragi
2203 1196 2402 1260 debet.
2429 1193 2494 1260 Si
2525 1196 2710 1270 enim,
2736 1196 2885 1259 dum
2919 1196 3156 1277 aliquid

693 1300 851 1364 forte
880 1301 1109 1364 iniuste
1156 1304 1268 1364 aut
1311 1302 1518 1365 minus
1545 1304 1709 1366 recte
1742 1301 1954 1385 agitur
1984 1318 2057 1363 ac
2087 1299 2450 1372 decernitur,
2485 1298 2738 1379 quidam
2785 1301 3057 1371 taceant,
3091 1299 3156 1363 hi

692 1401 996 1465 habentur
1041 1421 1149 1484 pro
1191 1404 1715 1468 consentientibus
1745 1405 1810 1467 et
1838 1401 2000 1465 fiunt
2030 1402 2117 1465 rei
2148 1420 2289 1465 cum
2322 1400 2462 1464 aliis
2510 1400 2789 1464 omnium
2821 1400 3153 1479 malorum,

691 1522 850 1585 quae
878 1504 1019 1568 inde
1051 1508 1408 1586 sequantur,
1441 1507 1514 1584 si,
1548 1505 1697 1569 dum
1728 1506 2009 1587 possunt,
2042 1522 2165 1567 non
2197 1502 2647 1567 contradicunt.

778 1605 957 1685 Quod
1001 1626 1146 1672 vero
1194 1608 1444 1673 additur
1491 1611 1550 1671 2.
1586 1609 1655 1671 in
1673 1607 1963 1687 plurium
1993 1607 2470 1685 comparatione,
2504 1606 2720 1688 utique
2765 1606 3159 1671 communius
3215 1670 3222 1675 ᾳ

690 1711 1027 1791 usurpatur
1058 1709 1131 1773 de
1161 1709 1538 1775 confessione
1571 1729 1641 1773 ac
1687 1710 2037 1793 negatione,
2070 1728 2259 1791 quam
2305 1708 2377 1772 de
2425 1726 2720 1772 consensu
2753 1710 2815 1772 et
2855 1707 3156 1772 dissensu.

689 1808 847 1875 Cum
877 1811 1112 1875 scilicet
1141 1812 1449 1894 quispiam
1481 1811 1554 1876 de
1586 1811 1827 1876 duobus
1864 1812 2304 1894 interrogatus,
2339 1809 2391 1873 si
2425 1809 2691 1874 alterum
2722 1811 2925 1893 neget,
2960 1809 3035 1873 de
3073 1810 3163 1873 al-

689 1913 821 1975 tero
868 1913 1072 1984 sileat,
1105 1912 1222 1976 hoc
1266 1913 1448 1976 fateri
1478 1916 1788 1976 censetur:
1824 1913 1988 1994 quod
2034 1915 2097 1977 et
2129 1914 2381 1976 sanctus
2414 1910 2752 1995 Gregorius
2782 1911 2856 1974 de
2904 1908 3157 1975 Christo

690 2013 958 2077 Domino
1006 2013 1297 2087 advertit,
1338 2015 1446 2077 ubi
1492 2016 1781 2097 explanat
1825 2014 1982 2078 illud
2027 2015 2383 2099 Evangelii:
2418 2015 2648 2078 Nonne
2695 2014 2845 2077 bene
2892 2014 3160 2078 dicimus

691 2134 825 2187 nos,
858 2116 1010 2195 quia
1055 2112 1500 2179 Samritanus
1538 2136 1602 2179 es
1651 2120 1717 2178 tu
1763 2120 1825 2179 et
1866 2116 2260 2179 daemonium
2288 2115 2475 2179 habes
2492 2117 2530 2179 ‚9
2559 2116 2900 2199 Respondit
2947 2117 3154 2181 Iesus:

692 2216 833 2299 Eyo
879 2216 1271 2280 dacnwm'um
1318 2238 1443 2280 non
1472 2217 1701 2281 habeo:
1735 2217 1946 2281 subdit
1977 2217 2346 2302 Gregorius:
2381 2243 2415 2275 «
2448 2218 2570 2281 duo
2602 2219 2827 2300 quippe
2872 2218 3054 2282 illata
3101 2219 3158 2282 ei

692 2319 975 2395 fuerunt:
1010 2338 1206 2384 unum
1236 2320 1508 2405 negavit,
1543 2321 1810 2384 alterum
1841 2319 2099 2384 tacendo
2130 2320 2514 2384 concessit».
2540 2318 2711 2399 Quae
2743 2320 2928 2384 verba
2959 2320 3158 2385 relata

692 2425 841 2487 sunt
883 2423 948 2487 in
993 2441 1215 2506 corpus
1260 2424 1413 2489 iuris
1453 2442 1585 2506 cap.
1636 2425 1696 2488 5.
1744 2423 1821 2487 de
1866 2422 2516 2502 Praesumptionibus,
2565 2442 2706 2486 cum
2752 2423 2868 2486 hac
2912 2424 3159 2509 rubrica

691 2544 800 2591 seu
836 2525 1026 2591 titulo
1075 2526 1448 2608 praemisso:
1483 2526 1594 2607 qui
1639 2546 1715 2589 ex
1761 2525 2000 2590 duobus
2045 2524 2248 2589 illatis
2291 2524 2562 2589 alterum
2604 2527 2812 2607 πεῖραί,
2843 2524 3162 2607 reliquum

694 2629 1021 2710 affirmare
1040 2630 1493 2708 praesumitur.

784 2731 1017 2795 Verum
1051 2730 1262 2794 eadem
1294 2749 1544 2814 prorsus
1576 2733 1736 2796 ratio
1773 2733 1940 2796 valet
1970 2733 2160 2796 etiam
2192 2751 2332 2797 cum
2365 2733 2575 2816 agitur
2606 2733 2680 2797 de
2710 2752 3028 2798 consensu.
3058 2733 3160 2799 Sic

698 2834 751 2897 si
797 2832 935 2912 quis
981 2833 1161 2914 plura
1206 2836 1485 2915 rogatus,
1519 2833 1824 2914 quaedam
1854 2834 2168 2907 concedat,
2202 2834 2274 2898 de
2303 2834 2556 2917 reliquis
2602 2836 2805 2909 sileat,
2839 2836 3160 2900 silentium

701 2933 1052 3016 aequivalet
1081 2933 1384 2997 dissensui
1430 2938 1492 2999 et
1538 2935 1832 3008 vicissim,
1865 2936 1919 2999 si
1964 2954 1996 2999 e
2043 2936 2322 3018 pluribus
2367 2938 2670 3020 quaedam
2715 2941 2956 3003 recuset
2985 2942 3052 3002 et
3083 2939 3158 3003 de

695 3035 834 3100 aliis
880 3037 1108 3112 taceat,
1144 3036 1293 3100 haec
1324 3034 1558 3101 silendo
1605 3037 1929 3101 concedere
1975 3040 2274 3102 censetur.
2309 3037 2408 3102 Sic
2452 3039 2505 3103 si
2536 3040 2711 3122 petas
2742 3059 2778 3104 a
2811 3041 3011 3105 vicino
3060 3058 3162 3106 co-

692 3138 889 3203 dicem
918 3137 1231 3219 inquiens:
1266 3137 1370 3202 des
1401 3138 1557 3202 mihi
1588 3141 1835 3222 oportet
1863 3139 2048 3204 modo
2081 3142 2144 3203 et
2189 3142 2332 3222 post
2378 3141 2672 3216 scholam,
2707 3145 2819 3206 aut
2864 3143 3047 3207 hodie
3094 3146 3160 3209 et

691 3260 859 3318 cras:
888 3240 942 3305 si
973 3239 1130 3305 alter
1158 3241 1553 3323 respondeat:
1586 3241 1771 3306 modo
1804 3260 1926 3306 non
1959 3242 2057 3305 vel
2087 3242 2269 3307 hodic
2297 3262 2689 3326 nequaquam
2719 3247 2783 3308 et
2813 3246 2886 3309 de
2917 3245 3160 3328 reliquo

692 3346 920 3421 taceat,
955 3344 1298 3408 consentire
1328 3344 1391 3408 in
1425 3345 1595 3408 aliud
1625 3347 1874 3428 tempus
1905 3345 2126 3411 merito
2158 3348 2438 3430 putatur.
2640 3331 2642 3334 ’

783 3441 909 3514 25.
943 3447 1082 3509 1)ηο
1131 3446 1379 3510 demum
1424 3447 1498 3512 de
1544 3448 1661 3512 hoc
1692 3452 2061 3533 argumento
2093 3450 2470 3514 notabimus.
2508 3452 2575 3513 1ο
2620 3449 2950 3516 Silentium
2997 3473 3161 3517 nun-

691 3566 881 3630 quam
926 3549 1210 3611 censetur
1254 3566 1603 3620 consensus,
1638 3551 1883 3631 quando
1915 3551 2054 3615 iura
2083 3551 2339 3637 exigunt
2379 3571 2742 3618 consensum
2790 3554 2994 3619 verbis
3043 3558 3158 3621 aut

693 3649 816 3713 alio
848 3646 1026 3731 signo
1056 3648 1382 3713 manifeste
1422 3669 1794 3732 expressum.
1829 3650 1928 3716 Sic
1973 3672 2032 3715 v.
2064 3673 2158 3736 gr.
2193 3654 2269 3717 ad
2301 3655 2573 3720 valorem
2605 3655 3032 3739 stipulationis
3066 3677 3164 3723 or-

690 3748 924 3814 dinarie
946 3768 1018 3813 ex
1046 3747 1179 3813 iure
1210 3750 1608 3831 requiruntur
1631 3753 1817 3817 verba
1841 3754 2164 3836 utriusque
2188 3757 2568 3839 stipulantis.
2588 3758 2678 3822 Ut
2700 3759 2865 3823 enim
2889 3760 3160 3824 habetur

685 3851 751 3916 in
771 3850 1037 3934 Diyesto
1069 3850 1199 3933 Zeye
1236 3855 1305 3917 1⁸
1333 3853 1408 3917 de
1450 3855 1789 3920 Verborum
1819 3856 2341 3940 obliyatiom'bus:
2372 3885 2408 3920 ⁴<
2433 3861 2758 3945 stipulatio
2791 3882 2914 3927 non
2947 3868 3160 3947 potest

687 3955 923 4028 confici,
956 3955 1079 4019 nisi
1123 3957 1387 4038 utroque
1431 3958 1720 4040 loquente
1757 3984 1818 4021 ».
1853 3961 1953 4024 Ita
1999 3980 2070 4026 ex
2115 3962 2268 4026 iuris
2313 3963 2714 4046 dispositione
2754 3964 2831 4029 ad
2879 3967 3158 4031 valorem

688 4056 1072 4139 sponsalium
1119 4058 1213 4120 vel
1245 4058 1627 4123 matrimonii
1660 4079 1782 4125 nou
1817 4062 2048 4127 sufficit
2079 4067 2150 4129 ut
2183 4064 2260 4128 ad
2294 4065 2549 4130 alterius
2581 4066 2779 4149 partis
2812 4066 3160 4152 interroga-

681 4157 916 4221 tionem
946 4158 1142 4223 altera
1173 4179 1315 4242 pars
1346 4165 1552 4227 taceat
1583 4165 1646 4227 et
1676 4182 1803 4228 non
1836 4167 2239 4242 contradicat,
2265 4167 2412 4232 licet
2441 4169 2575 4235 loco
2611 4169 2743 4234 eius
2770 4169 2933 4234 alius
2959 4171 3155 4252 (exce-

687 4257 811 4340 ptis
842 4259 1227 4343 parentibus)
1257 4264 1622 4344 respondeat
1654 4268 1717 4329 et
1767 4269 2130 4333 consentiat.
2162 4270 2404 4334 Pariter
2433 4271 2486 4335 si
2519 4272 2638 4346 fur,
2672 4272 2901 4337 sciente
2935 4277 2996 4338 et
3028 4293 3156 4340 non

685 4358 1138 4424 contradicente
1170 4361 1440 4437 domino,
1473 4385 1603 4429 rem
1650 4367 1836 4432 huius
1883 4370 2158 4453 surripit,
2191 4389 2312 4436 non
2361 4376 2454 4437 est
2484 4374 2657 4438 locus
2687 4376 2967 4459 regulae:
3006 4377 3157 4458 quia

684 4461 747 4525 in
773 4459 889 4524 tali
912 4479 1059 4526 casu
1089 4461 1375 4529 dominus
1405 4485 1526 4530 non
1558 4470 1975 4550 praesumitur
1994 4473 2336 4538 consentire
2369 4476 2558 4558 atque
2591 4476 2896 4541 actionem
2931 4481 3152 4543 contra

685 4563 882 4629 furem
914 4563 1237 4631 instituere
1283 4570 1508 4649 potest.
1541 4569 1728 4635 Ratio
1779 4576 1892 4645 est,
1925 4574 2072 4655 quia
2117 4575 2180 4638 in
2227 4575 2438 4640 odium
2483 4578 2637 4642 furis
2670 4579 2758 4643 sic
2789 4580 3147 4662 specialiter

686 4665 825 4730 iura
854 4668 1144 4732 statuunt
1175 4666 1304 4750 leye
1337 4671 1440 4735 91.
1473 4670 1627 4755 Dty.
1661 4673 1736 4738 de
1767 4674 2014 4749 Fertis,
2046 4677 2152 4741 lib.
2187 4679 2292 4741 47.
2327 4677 2428 4743 tit.
2465 4680 2524 4743 2.
