3529 5158
343 381 449 457 [85]
902 393 1216 435 Pammrm
1261 394 1691 437 nomn-Ans.
1728 394 2055 439 camur-tm.
2092 397 2252 440 runs
2726 388 2800 442 88

427 490 608 571 Quod
656 491 904 574 spectat
952 490 1029 555 ad
1076 491 1265 555 aliam
1298 490 1682 568 divisionem,
1723 494 2243 575 praemittendum
2289 498 2383 560 est
2428 496 2730 582 distingui
2762 518 2798 562 a

338 596 651 681 theologis
683 596 879 677 finem
910 597 1039 677 qui,
1073 597 1270 671 cuius,
1303 617 1443 677 quo,
1476 597 1595 661 cui.
1636 597 1809 662 Finis
1855 600 1966 679 qm‘
2001 600 2098 664 vel
2128 603 2307 665 cuius
2335 606 2432 667 est
2462 604 2603 667 finis
2632 605 2798 669 obie-

340 701 543 764 ctivus
576 699 814 764 scilicet
850 701 951 764 est
996 719 1113 776 res,
1148 719 1338 782 quam
1376 699 1631 783 adipisci
1662 720 1770 783 per
1797 701 2000 766 media
2029 702 2299 768 intendo.
2335 704 2505 769 Finis
2551 726 2670 786 quo
2701 706 2795 771 vel

338 801 619 867 formalis
669 803 765 866 est
796 801 932 884 ipsa
970 802 1058 866 rei
1090 802 1442 866 consecutio
1489 804 1552 866 et
1597 802 1736 867 finis
1786 803 2073 868 obiectivi
2119 807 2441 888 possessio.
2481 808 2652 872 Finis
2698 810 2801 871 eui

338 907 433 970 est
479 922 763 986 persona,
800 902 901 967 cui
936 922 1033 969 res
1068 903 1166 968 vel
1201 903 1288 968 rei
1320 904 1624 986 possessio
1656 905 2055 970 desideratur.

426 1007 566 1069 Iam
596 1025 744 1071 vero
792 1005 935 1070 finis
981 1006 1244 1070 ultimus
1290 1005 1658 1085 simpliciter
1686 1009 1783 1072 est
1811 1008 1920 1088 qui
1952 1008 2029 1072 ad
2061 1009 2254 1073 alium
2301 1029 2423 1074 non
2457 1011 2795 1081 ordinatur.

342 1106 442 1172 Sic
473 1108 606 1172 Deo
638 1107 780 1172 finis
818 1108 1081 1172 ultimus
1127 1109 1238 1188 qm·
1282 1111 1378 1172 est
1422 1109 1485 1172 in
1533 1109 1820 1191 operibus
1852 1108 1929 1172 ad
1975 1112 2147 1174 extra
2193 1112 2394 1195 gloria
2439 1132 2572 1190 sua,
2623 1114 2797 1177 euius

346 1209 500 1289 finis
536 1211 641 1272 cui
668 1212 763 1274 est
809 1210 941 1293 ipse
974 1211 1174 1275 Deus:
1209 1210 1297 1273 sic
1327 1210 1563 1274 homini
1593 1210 1733 1274 finis
1763 1211 2027 1276 ultimus
2057 1214 2169 1292 qui
2204 1215 2299 1277 est
2336 1214 2657 1279 beatitudo
2688 1234 2796 1280 seu

342 1312 486 1376 boni
534 1312 788 1395 perfecti
839 1313 1170 1386 assecuti0‚
1205 1312 1380 1377 cuius
1411 1311 1550 1375 finis
1596 1311 1859 1376 ultimus
1905 1314 2008 1375 cui
2051 1333 2263 1378 rursus
2295 1318 2390 1379 est
2436 1317 2621 1391 Deus.
2655 1316 2796 1380 finis

342 1416 554 1477 autem
601 1413 706 1475 cui
748 1413 1152 1477 secundarius
1198 1417 1294 1478 est
1337 1414 1467 1495 ipse
1512 1414 1719 1478 homo.
1760 1414 2222 1480 Advertendum
2266 1421 2475 1482 tamen
2523 1418 2689 1499 quod
2720 1419 2798 1483 ob

342 1514 587 1579 diversa
619 1515 924 1597 cuiusque
959 1514 1166 1579 studia
1198 1514 1518 1596 quaeritur
1550 1535 1585 1580 a
1617 1515 1874 1580 diversis
1919 1517 2241 1582 beatitudo
2278 1519 2342 1582 in
2377 1520 2559 1583 rebus
2605 1520 2799 1587 diver-

337 1618 422 1681 sis
461 1618 519 1681 1.
548 1619 610 1681 2.
637 1637 695 1699 q.
728 1618 785 1681 l.
814 1636 870 1681 a.
900 1618 958 1681 7.
988 1618 1063 1681 ad
1090 1619 1150 1682 2.

426 1719 600 1783 Finis
632 1719 895 1783 ultimus
924 1718 1261 1783 seeundum
1283 1719 1441 1799 quid
1466 1738 1573 1783 seu
1608 1718 2013 1782 intermedius
2042 1722 2138 1784 est
2159 1720 2283 1798 ille,
2317 1721 2425 1802 qui
2448 1724 2796 1803 postremus

340 1823 435 1884 est
458 1820 707 1902 quidem
739 1821 804 1884 in
837 1820 1043 1902 aliqua
1070 1821 1243 1897 serie,
1279 1821 1600 1885 ordinatur
1646 1824 1854 1885 tamen
1902 1821 1981 1884 ad
2028 1821 2216 1885 aliud.
2251 1823 2350 1886 Ita
2375 1842 2432 1886 v.
2465 1843 2558 1906 gr.
2585 1823 2791 1901 homo,

344 1926 416 1987 ut
451 1923 655 1987 salvet
702 1922 961 1987 fratrem
1006 1923 1069 1986 in
1114 1941 1353 1987 carcere
1398 1922 1736 1999 detentum,
1789 1923 1960 1986 varia
2005 1924 2320 2007 excogitat
2364 1924 2584 1999 media,
2633 1926 2795 1989 inter

345 2025 492 2090 haec
540 2028 635 2089 est
681 2024 1006 2089 conciliare
1053 2025 1171 2089 sibi
1218 2025 1494 2089 animum
1540 2024 1779 2100 iudiciS,
1815 2024 1892 2088 ad
1923 2024 2040 2089 hoc
2068 2024 2231 2089 dona
2266 2025 2509 2106 quaerit
2539 2028 2655 2090 etc.
2687 2027 2793 2091 Li-

341 2128 578 2193 beratio
616 2128 829 2192 fratris
879 2147 916 2191 a
946 2146 1185 2191 carcere
1215 2130 1309 2191 est
1347 2127 1485 2191 finis
1516 2127 1779 2191 ultimus
1825 2128 1889 2190 in
1927 2127 2044 2190 hac
2089 2127 2243 2191 serie
2288 2128 2637 2193 actionum:
2687 2130 2790 2193 sed

337 2231 456 2295 iste
501 2230 644 2295 finis
693 2230 770 2294 ad
819 2230 1015 2295 alium
1060 2230 1245 2294 finem
1292 2229 1561 2294 ordinari
1608 2231 1816 2312 potest
1860 2228 1958 2293 vel
2004 2229 2082 2292 ad
2128 2229 2358 2293 bonum
2389 2229 2662 2294 familiae
2695 2232 2792 2296 vel

336 2334 560 2398 saltem
609 2333 688 2396 ad
727 2332 843 2396 Dei
888 2331 1174 2416 gloriam.

420 2435 596 2499 Finis
646 2436 857 2498 autem
903 2434 1167 2497 ultimus
1213 2435 1307 2497 est
1340 2434 1608 2512 positive
1643 2434 1926 2511 ultimae,
1975 2434 2031 2497 si
2074 2450 2182 2515 per
2224 2452 2289 2498 se
2337 2436 2435 2499 vel
2481 2454 2552 2499 ex
2597 2436 2792 2498 inten-

335 2537 505 2603 tione
538 2536 786 2621 agentis
833 2535 1103 2602 excludit
1151 2535 1345 2600 alium
1389 2536 1768 2602 ulteriorem.
1802 2536 1914 2603 Est
1952 2542 2162 2604 autem
2195 2539 2476 2619 neyah've
2505 2537 2789 2614 ultimus,

334 2641 439 2722 qui
473 2641 622 2704 actu
653 2657 778 2703 non
813 2639 1154 2714 ordinatur.
1190 2639 1254 2702 in
1287 2657 1352 2702 se
1374 2641 1583 2703 tamen
1617 2640 1886 2704 ordinari
1917 2645 2142 2724 potest.
2169 2660 2327 2724 quae
2352 2640 2657 2706 ordinatio
2681 2658 2792 2704 nec

336 2745 476 2807 actu
525 2742 803 2807 habetur
830 2762 942 2806 nec
971 2741 1335 2806 excluditur.
1370 2743 1470 2805 Ita
1509 2746 1686 2806 actus
1725 2743 1990 2808 aliarum
2037 2746 2363 2820 virtutum.
2396 2744 2505 2826 qui
2549 2762 2672 2808 non
2701 2762 2792 2807 re-

333 2846 610 2910 ferantur
660 2845 738 2909 ad
784 2844 971 2909 finem
1015 2844 1399 2918 nobiliorem,
1434 2864 1492 2908 v.
1528 2864 1620 2928 gr.
1661 2846 1961 2910 caritatis.

420 2947 593 3011 Finis
632 2948 990 3026 primarius
1020 2946 1153 3011 heic
1183 2946 1620 3030 intelligendus
1658 2951 1772 3025 est,
1807 2949 1913 3029 qui
1945 2966 2068 3013 non
2100 2948 2302 3013 solum
2335 2949 2565 3031 primas
2602 2947 2790 3011 habet

335 3053 539 3132 partes
586 3050 651 3113 in
700 3050 960 3124 actione,
1010 3048 1115 3114 sed
1178 3050 1284 3131 qui
1347 3049 1707 3131 praesertim
1770 3050 2081 3115 sufficiens
2141 3054 2236 3114 est
2281 3054 2355 3114 ut
2413 3052 2665 3114 moveat
2711 3048 2788 3111 ad

337 3153 580 3215 actum:
633 3155 1012 3234 quapropter
1057 3154 1118 3215 et
1165 3151 1490 3233 multiplex
1536 3170 1645 3233 pro
1693 3152 1907 3215 eadem
1955 3153 2195 3215 actione
2240 3170 2370 3214 esse
2415 3153 2640 3231 potest.
2690 3147 2790 3211 Sic

336 3257 573 3328 cantor,
607 3254 718 3335 qui
747 3254 810 3316 in
842 3254 1139 3318 honorem
1176 3273 1224 3317 s.
1260 3254 1505 3335 Iosephi
1542 3252 1682 3317 vult
1711 3255 1961 3316 cantare
1992 3252 2165 3335 kyrie
2196 3255 2258 3314 et
2288 3253 2567 3315 cantaret
2599 3250 2790 3313 etiam

336 3356 463 3419 sine
509 3355 807 3432 mercede,
833 3356 980 3420 licet
1018 3375 1246 3420 merces
1278 3373 1523 3437 quoque
1555 3356 1715 3418 esset
1760 3353 1901 3417 finis
1947 3353 2256 3416 sufficiens
2295 3352 2372 3416 ad
2417 3350 2788 3417 movendum

333 3461 672 3521 cantorem.
714 3457 815 3520 Ita
847 3457 956 3538 qui
1003 3457 1079 3522 ad
1126 3458 1341 3520 urbem
1373 3456 1595 3540 pergit,
1630 3457 1703 3519 ut
1740 3456 1992 3539 negotia
2024 3474 2136 3519 sua
2175 3457 2353 3540 gerat
2390 3456 2452 3519 et
2497 3453 2684 3518 simul
2717 3455 2789 3517 ut

336 3558 547 3623 videat
591 3558 1015 3642 spectaculum
1061 3559 1396 3636 insuetum,
1431 3577 1695 3639 quarum
1740 3560 2005 3639 utraque
2042 3576 2228 3621 causa
2261 3576 2365 3641 per
2395 3575 2458 3621 se
2490 3555 2623 3621 sola
2654 3574 2791 3620 mo-

337 3663 502 3724 veret
552 3660 631 3724 ad
678 3661 815 3725 iter.
868 3660 1141 3742 Uterque
1203 3678 1350 3744 ergo
1405 3660 1544 3724 finis
1606 3660 1794 3724 habet
1846 3660 1910 3724 in
1965 3660 2061 3724 his
2115 3660 2422 3725 adiunctis
2484 3660 2790 3724 rationem

337 3782 635 3845 primam.

418 3865 543 3929 Hic
577 3884 797 3949 reapse
822 3865 1292 3950 distinguendus
1316 3867 1411 3929 est
1436 3884 1471 3929 a
1505 3864 1643 3940 fine,
1670 3866 1779 3947 qui
1808 3866 1893 3929 sit
1921 3884 2112 3928 causa
2145 3864 2376 3938 totali&
2402 3865 2510 3946 qui
2541 3863 2789 3945 quidem

329 3966 552 4050 duplex
583 3970 700 4044 est,
740 3967 1046 4030 totalitate
1077 3967 1313 4032 scilicet
1347 3986 1571 4030 causae
1601 3971 1665 4032 et
1712 3966 2019 4031 totalitate
2064 3965 2331 4044 effectus.
2365 3965 2555 4028 Finis
2599 3984 2788 4027 causa

337 4068 547 4133 totalis
586 4068 898 4133 totalitate
941 4090 1185 4144 causae,
1234 4073 1329 4134 est
1373 4089 1515 4134 cum
1560 4069 1690 4152 ipse
1736 4070 1907 4134 solus
1938 4071 2032 4133 est
2062 4069 2242 4152 plena
2286 4069 2449 4133 ratio
2492 4066 2788 4140 actionis;

337 4190 521 4236 cant-sa
571 4169 791 4235 totalis
840 4171 1148 4234 totalitate
1196 4170 1465 4249 effect-ees,
1514 4191 1654 4235 cum
1701 4173 1944 4255 integra
1975 4172 2138 4235 actio
2172 4171 2249 4236 ab
2280 4190 2351 4236 eo
2397 4171 2517 4236 fine
2548 4169 2790 4253 pendet,

336 4275 615 4354 quamvis
662 4275 803 4338 tota
851 4275 915 4337 et
961 4274 1039 4337 ab
1087 4273 1209 4338 alio
1257 4274 1489 4357 pariter
1532 4274 1652 4338 fine
1697 4274 1955 4357 pendere
2001 4274 2197 4357 possit
2243 4278 2307 4338 et
2352 4274 2632 4357 pendeat.

414 4374 848 4440 secundarius
869 4374 1097 4440 dicitur
1126 4395 1290 4440 mere
1320 4377 1660 4459 impellens.
1686 4377 1787 4440 Ita
1819 4396 1877 4440 v.
1904 4396 1997 4460 gr.
2023 4376 2161 4441 vult
2192 4377 2330 4458 quis
2362 4396 2434 4441 ex
2463 4376 2790 4443 devotione

336 4495 565 4544 sumere
595 4478 1079 4550 Eucharistiam‚
1112 4482 1175 4542 et
1212 4479 1312 4542 hic
1341 4483 1437 4544 est
1467 4479 1607 4542 finis
1644 4479 2008 4562 primarium
2042 4479 2149 4544 sed
2178 4480 2326 4561 quia
2361 4480 2538 4545 novit
2568 4499 2789 4563 panem

337 4582 651 4648 molentem
690 4580 1190 4645 distribuendum
1227 4601 1263 4646 a
1300 4601 1350 4646 a.
1382 4581 1683 4646 Pontifice
1720 4582 1784 4646 in
1823 4581 1970 4646 aede
2008 4600 2057 4646 s.
2092 4581 2331 4646 Mariae
2369 4581 2645 4658 Maioris,
2679 4582 2792 4645 im-
