3529 5158
674 330 783 387 710
1474 340 1785 383 Appnnmx
1821 341 1887 382 11.
1925 339 2327 382 »zamrim-10

674 443 821 525 quia
852 443 1015 506 hunc
1047 441 1306 526 allegari
1337 459 1447 523 pro
1480 439 1947 523 Regalistarum
1978 438 2286 502 sententia
2317 437 2721 502 Reiffenstuel
2751 436 2860 502 lib.
2889 440 2952 502 1.
2974 438 3136 504 decr.

673 544 775 608 tit.
811 546 870 607 2.
914 544 970 625 ἓ.
1014 545 1072 607 5.
1109 564 1168 606 n.
1209 544 1355 606 125.
1393 537 1667 606 affirmat
1712 542 1777 604 et
1821 539 2088 605 citatum
2133 539 2404 604 vidimus
2449 558 2587 624 sup.
2621 560 2684 604 n.
2723 541 2785 604 4.
2828 558 2864 604 a
2909 541 3139 605 Panor-

675 646 934 711 naitano.

766 747 882 813 Sed
929 750 1003 812 ut
1047 749 1167 813 rite
1204 747 1412 811 Butrii
1442 764 1656 810 sensus
1703 747 1978 823 eruatur,
2018 744 2269 810 attende
2313 745 2697 827 quaestionis
2743 747 2933 830 caput
2969 746 3033 810 in
3065 763 3140 811 eo

676 850 927 927 versari,
961 849 1125 932 quod
1162 847 1567 924 Constitutio,
1605 848 1678 912 ut
1706 848 1837 931 ipse
1870 847 1961 912 ait
1996 848 2060 911 in
2105 867 2156 911 c.
2207 846 2674 929 Coynwscentcs,
2706 847 2784 912 dc
2828 847 3145 913 Constitu-

678 952 969 1027 tionibus,
994 972 1054 1016 n.
1084 952 1207 1029 13.‚
1235 975 1269 1009 «
1292 970 1420 1013 non
1443 948 1604 1031 liqat
1624 950 2008 1031 imi-orantes,
2031 949 2147 1013 sed
2163 951 2277 1032 qui
2295 951 2504 1014 sciunt
2531 950 2627 1015 vel
2644 954 3146 1031 praesumuntur

676 1054 772 1119 vel
800 1056 961 1118 scire
1009 1057 1314 1118 tenentur.
1349 1053 1842 1117 Praesumuntur
1890 1054 2100 1116 autem
2141 1053 2294 1116 scire
2326 1053 2391 1117 et
2434 1052 2612 1117 illam
2651 1053 2806 1117 scire
2855 1056 3148 1117 tenentur

676 1177 904 1234 omneS,
938 1176 1016 1219 ex
1046 1175 1165 1238 quo
1191 1153 1441 1235 publice
1478 1157 1573 1218 est
1590 1153 1998 1235 promulyata
2029 1152 2126 1218 vel
2143 1153 2492 1233 publicata,
2517 1155 2686 1221 intra
2715 1154 2871 1221 duos
2901 1174 3147 1221 menses

676 1280 715 1325 a
759 1264 1035 1343 tempore
1083 1257 1519 1341 publicationis
1568 1257 1811 1340 elapsos
1855 1257 1920 1320 in
1957 1256 2155 1321 Auth.
2208 1255 2295 1323 Ut
2334 1256 2538 1336 factae
2582 1278 2778 1321 novae
2831 1255 3148 1322 Constitu-

679 1363 876 1425 tiones
912 1363 1072 1425 etc...
1106 1359 1235 1424 Nec
1271 1361 1367 1423 est
1411 1377 1673 1435 necesse,
1712 1357 1881 1441 quod
1928 1359 2325 1443 singulorum
2371 1360 2624 1425 auribus
2669 1359 3038 1438 inculcetur,
3068 1362 3144 1425 ut

677 1463 765 1527 ibi
796 1461 1024 1526 dicitur
1054 1464 1169 1525 etc.
1208 1486 1269 1524 »-

768 1563 893 1629 Ubi
930 1563 1204 1646 appar-et,
1244 1581 1554 1626 summam
1600 1562 1982 1644 quaestionis
2025 1562 2092 1626 in
2128 1581 2202 1627 eo
2248 1581 2398 1639 esse,
2432 1561 2601 1645 quod
2629 1561 2868 1644 elapsis
2906 1562 3143 1627 duobus

680 1666 994 1731 mera-sibus
1038 1687 1079 1729 a
1101 1663 1627 1747 pronudyatione,
1658 1664 1927 1727 scicntia
1956 1666 2290 1743 praesumi
2331 1664 2567 1729 debeat.

772 1771 832 1832 8.
865 1768 1100 1832 Verum
1147 1768 1233 1831 sic
1268 1767 1696 1850 quaestionem
1731 1764 1947 1830 deinde
1994 1784 2102 1849 per
2147 1768 2353 1850 partes
2398 1768 2651 1833 tractat.
2688 1768 2938 1851 Duplici
2975 1768 3146 1833 faeta

681 1871 1029 1957 hypothesi,
1065 1888 1279 1952 nempe
1326 1869 1399 1933 de
1445 1869 1690 1932 statuto
1721 1868 1820 1933 vel
1851 1886 1972 1933 non
2005 1870 2249 1934 statuto
2283 1872 2577 1953 tempore,
2613 1889 2736 1952 quo
2767 1871 3031 1955 incipiat
3072 1872 3148 1936 li-

683 1994 850 2060 gare,
886 1974 973 2038 sic
1018 1972 1092 2037 de
1124 1972 1325 2055 prima
1356 1971 1527 2048 dicit,
1562 1972 1605 2034 l.
1641 1990 1691 2034 c.
1727 1990 1787 2034 n.
1833 1970 1971 2035 16.:
2005 1994 2042 2029 «
2067 1970 2133 2035 Si
2162 1974 2257 2036 est
2285 1972 2631 2037 communis
2662 1969 3048 2038 Constitutio
3080 1976 3147 2039 et

683 2077 829 2141 novi
860 2077 1013 2140 iuris
1045 2074 1341 2140 editoria:
1370 2074 1485 2152 dic,
1526 2074 1579 2137 si
1617 2072 1986 2138 constitutio
2019 2075 2114 2138 est
2145 2074 2447 2158 generalis
2479 2074 2545 2138 et
2574 2072 2866 2157 disponit,
2891 2073 3146 2155 qumodo

687 2178 855 2261 Nyct,
882 2178 1087 2242 statur
1117 2175 1507 2260 dispositioni
1545 2177 1609 2239 et
1636 2175 1801 2259 ligat
1830 2175 2248 2240 verisimiliter
2270 2176 2592 2259 supposita
2622 2176 2880 2241 scientia
2904 2179 2970 2241 et
2998 2179 3145 2241 ante

685 2281 840 2345 duos
887 2298 1157 2345 menses:
1192 2279 1357 2343 Puto
1406 2277 1478 2341 de
1525 2279 1731 2341 mente
1760 2277 1934 2354 iuris,
1969 2278 2080 2342 ubi
2118 2278 2286 2342 aliud
2323 2296 2446 2343 non
2494 2279 2759 2356 constat,
2792 2278 2955 2361 quod
3000 2297 3147 2343 con-
3211 2293 3219 2299 “

685 2382 934 2448 stitutio
979 2382 1138 2466 liget
1168 2381 1413 2445 demum
1447 2382 1588 2463 post
1619 2380 1775 2443 duos
1807 2398 2066 2456 menses,
2100 2380 2345 2444 etiamsi
2377 2382 2522 2445 ante
2553 2380 2737 2447 detur
2771 2381 3028 2446 scientia
3031 2430 3144 2445 .....

687 2484 861 2549 Unde
892 2483 944 2547 si
978 2482 1146 2547 aliud
1193 2499 1312 2546 non
1361 2483 1621 2565 apparet
1664 2481 1739 2546 de
1786 2482 1991 2545 mente
2024 2481 2361 2559 condentis,
2394 2482 2557 2567 ligat
2589 2502 2627 2547 a
2672 2485 2949 2567 tempore
2995 2483 3148 2549 duo-

684 2608 827 2653 rum
863 2587 1166 2651 mensium
1198 2611 1260 2650 ».
1293 2584 1427 2665 Quo
1472 2586 1682 2650 tamen
1727 2585 1793 2649 in
1830 2585 1967 2650 loco
2014 2584 2246 2651 indicat
2292 2586 2561 2652 aliorum
2607 2587 3000 2666 sententiam,
3033 2589 3144 2669 qui

686 2691 931 2775 putant,
971 2688 1230 2752 scientes
1278 2686 1497 2751 statim
1542 2687 1748 2772 ligari.

793 2794 852 2856 9.
903 2792 1244 2872 Postquam
1309 2790 1520 2853 autem
1580 2789 1835 2869 addidit,
1893 2809 2016 2855 non
2076 2792 2415 2874 exspectari
2476 2792 2632 2858 duos
2693 2792 2837 2857 illos
2907 2813 3147 2858 menses

692 2895 760 2959 1⁰
804 2893 1049 2977 quando
1095 2892 1461 2957 constitutio
1499 2893 1596 2954 est
1632 2892 2051 2976 privilegians,
2087 2892 2157 2956 2⁰
2186 2893 2436 2975 quando
2481 2913 2588 2978 per
2633 2912 2773 2958 eam
2818 2898 2996 2960 actus
3043 2915 3147 2960 an-

687 2998 1027 3074 nullantur,
1060 2996 1432 3077 inquantum
1479 2993 1737 3058 nullitas
1787 3013 1907 3059 non
1955 2995 2126 3059 venit
2161 2996 2225 3059 in
2271 3014 2555 3080 poenam,
2603 2997 2853 3079 quaerit
2896 2999 3143 3063 demum

688 3120 747 3164 n.
784 3101 911 3176 20.‚
962 3118 998 3162 a
1044 3115 1166 3179 quo
1213 3099 1490 3180 tempore
1535 3098 1790 3161 currant
1834 3096 1902 3160 hi
1946 3096 2070 3162 duo
2115 3109 2355 3163 menses
2387 3124 2450 3163 ».
2481 3097 2565 3162 Et
2609 3100 2970 3183 respondet:
3001 3124 3038 3159 ‹
3069 3101 3142 3165 In

688 3199 1112 3285 praesentibus
1146 3218 1179 3260 a
1213 3197 1309 3261 die
1341 3197 1780 3280 publicationis
1805 3199 1867 3263 in
1891 3198 2049 3272 loco,
2077 3200 2184 3264 ubi
2207 3199 2409 3266 editae
2439 3202 2588 3266 sunt
2617 3198 3142 3278 Constitutiones;

687 3306 751 3369 in
800 3301 1156 3368 absentibus
1194 3299 1448 3382 quidam
1484 3300 1716 3379 dicunt,
1750 3301 1916 3383 quod
1966 3321 2001 3365 a
2033 3301 2131 3367 die
2160 3302 2576 3369 intimationis
2614 3305 2679 3368 et
2708 3304 3147 3388 publicationis

685 3408 748 3472 in
796 3405 1132 3490 provincia.
1166 3403 1221 3466 N
1228 3421 1305 3467 on
1354 3403 1555 3485 placet
1591 3404 1705 3467 hoc
1737 3403 1956 3482 Panlo,
1991 3406 2098 3487 qui
2135 3404 2305 3482 dicit,
2339 3405 2696 3472 indistincte
2725 3408 2870 3473 illos
2900 3428 3151 3492 compu-

686 3509 809 3572 tari
856 3527 893 3571 a
939 3507 1035 3570 die
1081 3505 1518 3588 publicationis
1566 3506 1872 3590 generalis
1903 3507 1965 3570 in
1991 3507 2196 3584 curia3
2231 3507 2380 3589 quia
2417 3509 2645 3573 notitia
2694 3511 2902 3593 potuit
2934 3510 3150 3575 haberi

686 3629 795 3695 per
829 3609 1094 3674 famam:
1129 3608 1249 3672 nisi
1294 3610 1457 3672 esset
1487 3609 1548 3672 in
1580 3613 1714 3673 tam
1744 3610 2161 3674 remotissimo
2194 3611 2351 3687 loco,
2385 3612 2552 3693 quod
2589 3630 2712 3677 non
2759 3614 3040 3696 potuerit
3070 3612 3150 3677 ad

686 3734 830 3779 eum
873 3712 1085 3777 haberi
1134 3729 1411 3775 accessus
1456 3730 1566 3775 nec
1613 3712 1877 3776 transire
1912 3712 2101 3790 fama,
2143 3714 2219 3777 ut
2264 3713 2315 3778 si
2364 3716 2526 3779 esset
2572 3715 2738 3799 apud
2785 3714 3146 3782 Saracenos.

687 3817 868 3881 Licet
912 3815 1020 3879 hoc
1055 3818 1352 3887 servetur,
1380 3814 1586 3877 tamen
1619 3814 1826 3878 textus
1857 3814 1920 3878 in
1951 3814 2251 3879 Authent.
2300 3814 2386 3881 Ut
2410 3814 2613 3894 factae
2645 3836 2837 3882 novae
2882 3816 3150 3882 Gon-stit.

688 3920 827 3985 vult
858 3921 1103 4002 tempus
1133 3915 1481 3998 computari
1522 3934 1557 3979 a
1596 3915 1692 3979 die
1738 3915 2154 3981 intimationis
2201 3918 2598 4000 particularis
2634 3919 2700 3983 in
2737 3921 3054 4004 provincia
3085 3947 3147 3984 ».

776 4022 941 4106 Ergo
980 4021 1045 4083 1⁰
1083 4018 1235 4084 Heic
1267 4018 1439 4082 nullo
1486 4018 1670 4082 modo
1718 4017 2078 4101 disputatur
2108 4018 2181 4082 de
2218 4021 2581 4086 necessitate
2628 4023 3151 4108 promulgationis

687 4126 750 4188 in
782 4123 1127 4199 Provincia,
1163 4121 1269 4185 sed
1302 4120 1507 4184 solum
1539 4119 1611 4184 de
1644 4121 1938 4202 tempore,
1974 4140 2097 4204 quo
2136 4141 2448 4188 excurrere
2486 4123 2712 4189 debent
2741 4125 2867 4190 duo
2908 4143 3152 4190 menses

686 4227 957 4293 concessi
989 4225 1065 4289 ad
1097 4224 1390 4288 notitiam
1423 4223 1974 4288 disseminandam:
2005 4227 2074 4288 2⁰
2098 4223 2489 4305 Disputatur
2511 4227 2712 4292 solum
2733 4228 2826 4291 ad
2849 4227 3152 4307 effectum,

686 4334 759 4394 ut
778 4326 1107 4409 praesumi
1128 4327 1335 4406 possit
1367 4329 1483 4388 aut
1527 4344 1653 4388 non
1692 4327 2019 4404 praesumi
2062 4328 2325 4391 scientia
2368 4331 2483 4391 aut
2523 4329 2891 4411 iynoramia
2922 4331 3157 4411 proba«-

689 4431 875 4496 be'lis:
910 4432 979 4492 30
1016 4429 1251 4493 fatetur
1292 4427 1532 4511 praxim
1581 4447 1729 4505 esse,
1767 4431 1840 4492 ut
1884 4429 2006 4494 duo
2041 4447 2277 4494 menses
2308 4429 2611 4513 incipiant
2656 4450 2693 4495 a
2738 4429 2835 4495 die
2881 4434 3158 4514 promul·

687 4532 961 4620 gationis
996 4532 1053 4594 in
1088 4529 1310 4593 Curia:
1340 4532 1409 4592 4⁰
1434 4531 1524 4593 De
1548 4530 1890 4595 Pontificiis
1916 4529 2486 4597 Constitutionibus
2510 4551 2584 4598 ne
2609 4533 2864 4598 verbum
2903 4534 3156 4616 quidem

693 4635 901 4701 habet.
