3529 5158
355 358 491 435 [196]
857 371 1246 416 ARGUMENTA
1283 371 1332 413 s.
1371 370 1672 413 manner
1709 372 1830 414 Pno
1866 372 2315 414 PnonAmmsuo
2711 360 2819 416 213

361 472 718 557 «iugalem,
770 471 846 534 ut
900 469 1100 554 possit
1136 468 1395 552 experiri
1432 487 1539 551 per
1569 468 1927 543 triennium,
1965 468 2150 534 modo
2183 468 2256 533 de
2302 468 2672 552 impotentia
2702 490 2824 535 non

360 598 394 633 α
423 574 507 638 sit
552 575 802 649 certus3
848 572 999 637 haec
1036 572 1184 636 sunt
1215 570 1400 635 verba
1449 571 1683 634 textus:
1726 568 1802 633 Si
1835 569 2163 652 friyiditas
2188 571 2379 649 prius
2396 569 2667 650 probari
2700 592 2825 635 non

359 676 637 757 «possit,
670 673 1031 738 cohabitent
1050 693 1175 754 per
1207 673 1566 736 triennium.
1594 671 1770 736 Unde
1803 673 1891 737 sic
1923 692 2153 757 arguo:
2188 672 2313 737 Lex
2347 692 2472 738 non
2502 674 2821 739 accedendi

360 802 392 836 «
425 778 503 842 ad
547 796 672 842 non
723 796 927 855 suam,
978 779 1074 841 est
1118 777 1215 840 lex
1263 775 1472 839 divina
1519 776 1582 839 et
1626 775 1935 839 naturalis
1983 794 2053 840 ac
2101 775 2463 859 praecedens
2496 776 2664 840 omni
2697 776 2821 841 iuri

359 905 392 939 «
421 880 589 963 quod
636 881 826 944 homo
873 878 1099 943 habere
1144 877 1343 961 possit
1380 876 1456 940 ad
1495 895 1675 940 suam
1719 877 2094 956 libertatem,
2144 878 2216 940 ut
2253 876 2467 942 dicunt
2496 879 2809 944 contrarii.

358 1008 390 1042 α
423 984 492 1046 In
526 983 717 1047 dubio
755 980 971 1066 igitur,
1012 1000 1092 1044 an
1128 981 1225 1045 vir
1255 980 1338 1045 sit
1375 980 1591 1063 potens
1638 998 1844 1057 necne,
1878 978 2043 1061 quod
2080 978 2243 1043 idem
2274 981 2370 1045 est
2401 998 2472 1043 ac
2502 980 2804 1060 dubitare,

358 1111 391 1144 «
420 1104 497 1150 an
547 1086 658 1150 illa
706 1085 936 1150 coniux
983 1083 1067 1148 sit
1113 1103 1225 1147 sua
1273 1083 1372 1147 vel
1417 1100 1559 1158 non,
1609 1082 1920 1163 quomodo
1967 1084 2173 1166 potest
2219 1082 2297 1145 ad
2343 1102 2480 1147 eam
2526 1084 2808 1149 accedere

357 1214 389 1247 e
420 1190 482 1253 et
518 1189 728 1252 tactus
757 1188 1118 1252 inhonestos
1150 1205 1291 1250 cum
1322 1204 1392 1250 ea
1431 1185 1655 1249 habere
1684 1184 2095 1267 copulamque
2131 1184 2410 1267 experiri,
2441 1184 2591 1249 dum
2627 1187 2806 1252 actus

356 1314 389 1348 α
425 1289 624 1355 habiti
656 1309 798 1353 cum
845 1307 968 1353 non
1006 1307 1120 1353 sua
1156 1289 1320 1353 certe
1356 1287 1503 1352 sunt
1532 1286 1827 1352 mortalia
1845 1290 1874 1350 P
1911 1285 2228 1369 Numquid
2264 1286 2537 1351 Ecclesia
2566 1287 2630 1352 in
2667 1288 2803 1373 lege

356 1416 389 1450 «
418 1392 698 1456 naturali
731 1392 941 1474 potest
969 1390 1362 1474 dispensare?
1399 1389 1720 1469 Quomodo
1759 1389 1957 1473 igitur
1992 1391 2203 1473 potuit
2238 1389 2524 1455 Pontifex
2559 1391 2808 1473 permit-

353 1520 386 1553 «
418 1496 547 1559 tere
576 1494 642 1558 in
677 1494 794 1558 tali
826 1492 1014 1558 dubio
1051 1492 1308 1576 copulae
1340 1491 1778 1575 experientiam
1815 1510 1924 1574 per
1959 1492 2342 1556 triennium?
2372 1491 2635 1557 Omnino
2667 1493 2804 1558 ideo

354 1621 387 1654 «
417 1595 743 1661 dicendum
789 1598 905 1669 est,
953 1594 1119 1677 quod
1161 1596 1260 1659 lex
1305 1594 1613 1658 naturalis
1659 1593 1735 1657 ad
1786 1594 2051 1659 alienam
2097 1612 2220 1658 non
2267 1595 2589 1659 accedendi
2648 1595 2806 1660 obli-

354 1724 386 1757 «
417 1698 736 1783 gationem
773 1716 895 1763 non
943 1697 1221 1773 inducat,
1262 1696 1383 1761 nisi
1420 1697 1683 1769 constet,
1716 1695 1884 1778 quod
1920 1697 1984 1760 in
2018 1696 2133 1760 tali
2179 1715 2326 1761 casu
2356 1698 2455 1761 lex
2482 1697 2809 1764 manifeste

354 1825 386 1859 ι
416 1800 703 1875 exsistat;
754 1800 912 1865 alias
956 1800 1022 1864 in
1068 1798 1256 1864 dubio
1305 1798 1579 1883 possidet
1637 1799 1894 1864 libertas
1942 1800 2004 1863 et
2049 1799 2186 1864 ideo
2232 1799 2523 1864 dubitans
2571 1800 2643 1865 de
2690 1820 2803 1866 sua

351 1926 386 1961 «
419 1901 814 1985 impotentia,
861 1902 983 1967 nisi
1028 1902 1162 1985 ipsa
1200 1902 1275 1965 ut
1311 1902 1479 1966 certa
1525 1902 1839 1984 probetur,
1874 1902 2079 1984 potest
2125 1922 2232 1986 per
2258 1902 2598 1967 triennium
2633 1922 2805 1987 expe-

350 2030 383 2064 «
416 2005 552 2070 riri:
605 2008 930 2089 propterea
976 2004 1261 2070 Pontifex
1307 2024 1379 2069 ex
1424 2004 1541 2068 hoc
1586 2003 1885 2087 principio
1933 2004 2176 2080 ductae,
2217 2023 2434 2088 nempe
2470 2005 2637 2087 quod
2681 2004 2802 2071 nisi

350 2134 383 2167 «
415 2108 658 2174 constet
689 2106 765 2171 de
796 2107 951 2192 lege,
1001 2125 1239 2189 semper
1283 2106 1557 2190 possidet
1593 2106 1870 2181 libertae,
1904 2107 2413 2172 constitutionem
2450 2107 2625 2171 illam
2662 2127 2800 2190 pro-

353 2235 384 2268 «
415 2210 728 2296 mulgavit
767 2235 827 2275 ».

431 2337 464 2370 «
495 2312 625 2376 Nec
672 2311 842 2377 valet
886 2311 1103 2389 dicere,
1152 2311 1316 2394 quod
1362 2313 1427 2375 in
1472 2312 1637 2377 dicto
1676 2330 1825 2376 casu
1863 2311 2137 2394 possidet
2181 2313 2537 2376 contractus
2581 2313 2797 2377 matri·

349 2441 379 2473 «
409 2416 602 2480 monii
649 2416 814 2480 bona
843 2414 963 2480 fide
1001 2416 1215 2480 initus.
1252 2414 1414 2479 Nam
1446 2415 1499 2480 si
1531 2414 1830 2480 servanda
1877 2415 2039 2480 esset
2069 2415 2284 2500 regula
2318 2416 2396 2479 ab
2428 2415 2795 2480 adversariis

348 2542 379 2576 ‹
411 2519 696 2584 universe
744 2519 1008 2596 statuta,
1044 2517 1210 2601 quod
1257 2517 1462 2583 divina
1510 2517 1627 2594 lex,
1677 2517 1867 2602 prout
1913 2517 2161 2582 aeterna
2211 2535 2576 2599 omnemque
2619 2517 2799 2583 liber-

348 2646 380 2680 «
410 2623 606 2687 tatem
648 2622 990 2686 humanam
1020 2622 1405 2705 praecedens
1441 2641 1682 2705 semper
1711 2620 1987 2705 possidet
2018 2619 2443 2685 antecedenter
2475 2620 2552 2685 ad
2585 2640 2795 2688 omnes

349 2747 380 2783 ‹
413 2724 723 2789 humanos
772 2725 948 2789 actus
995 2726 1060 2788 et
1103 2724 1239 2789 ideo
1271 2724 1336 2788 in
1368 2724 1556 2788 dubio
1604 2743 1844 2807 semper
1871 2723 1969 2788 illi
2005 2723 2372 2807 parendum:
2406 2724 2579 2790 nullo
2609 2726 2794 2791 modo

347 2849 379 2883 ‹
411 2826 470 2890 in
515 2827 734 2891 nostro
783 2844 933 2891 casu
979 2827 1189 2909 posset
1234 2826 1355 2890 dici
1399 2826 1873 2890 matrimonium
1920 2826 2211 2891 adversus
2257 2826 2459 2912 legem
2490 2828 2604 2892 Dei
2652 2847 2794 2912 pos-

346 2953 378 2985 «
408 2928 620 2993 sidere.
673 2929 811 2993 Imo
856 2928 1014 3006 dico,
1062 2928 1227 3012 quod
1276 2929 1518 2994 axioma
1564 2928 1720 2992 illud
1768 2927 1851 2991 In
1899 2928 2086 2992 dubio
2122 2927 2343 2992 melior
2388 2934 2484 2992 est
2524 2929 2793 2994 conditio

343 3053 378 3087 «ι
397 3030 802 3110 possidentis,
851 3031 1094 3095 attenta
1127 3031 1405 3113 praefata
1437 3031 1892 3095 contrariorum
1939 3031 2175 3114 regula,
2210 3049 2319 3094 nec
2349 3031 2539 3094 etiam
2570 3031 2633 3094 in
2664 3051 2794 3095 ma-

341 3155 373 3189 «
405 3133 560 3197 teria
606 3133 889 3198 iustitiae
935 3133 1139 3197 valere
1184 3134 1411 3216 posset,
1460 3133 1620 3214 quod
1687 3133 1848 3196 esset
1894 3132 2143 3214 quidem
2200 3130 2491 3194 adversus
2547 3133 2791 3195 senten-

340 3260 373 3293 «
405 3237 560 3300 tiam
606 3255 1016 3310 communem,
1057 3254 1245 3317 quam
1279 3253 1489 3299 omnes
1521 3235 1868 3315 sequuntur
1914 3235 2127 3298 contra
2174 3250 2425 3314 paucos,
2472 3235 2548 3296 ut
2583 3232 2788 3297 videre

339 3363 372 3396 α
402 3339 498 3403 est
544 3337 709 3421 apud
756 3336 976 3402 Sanch.
1010 3337 1084 3400 de
1114 3336 1319 3400 Matr.
1353 3336 1462 3399 lib.
1491 3337 1550 3399 2.
1578 3335 1635 3398 d.
1662 3337 1770 3399 41.
1797 3355 1856 3398 n.
1888 3336 1991 3398 12.
2016 3337 2079 3400 et
2109 3332 2294 3400 Croix
2323 3335 2430 3399 lib.
2463 3337 2519 3399 1.
2546 3355 2607 3400 n.
2634 3335 2785 3400 500.

339 3466 371 3498 ‹
402 3459 474 3505 ex
497 3458 627 3524 reg.
647 3441 749 3503 11.
776 3439 841 3503 in
865 3439 948 3518 6.,
967 3440 1074 3505 ubi
1098 3457 1376 3524 expresse
1400 3437 1652 3503 dicitur:
1682 3436 1835 3501 Cum
1862 3440 2310 3519 suntpartmm
2332 3440 2480 3503 iura
2501 3438 2782 3514 obscura,

337 3568 368 3600 α
401 3563 506 3605 reo
539 3542 760 3622 potius
802 3539 1135 3620 favendum
1180 3545 1277 3605 est
1318 3561 1505 3622 quam
1550 3541 1768 3603 actori.
1808 3540 1890 3603 Et
1920 3560 1990 3605 ex
2022 3561 2150 3626 reg.
2186 3542 2292 3606 65.
2325 3543 2388 3606 in
2422 3541 2481 3605 6.
2517 3543 2653 3606 ubi:
2701 3542 2786 3606 In

334 3669 367 3702 «
388 3645 545 3724 pari
574 3643 797 3708 delicto
829 3648 892 3708 et
917 3664 1108 3709 causa
1139 3643 1360 3708 melior
1404 3647 1499 3708 est
1540 3642 1810 3707 conditio
1834 3643 2239 3724 possidentis.
2274 3645 2447 3710 Licet
2476 3646 2641 3710 enim
2672 3646 2787 3710 hae

335 3773 367 3805 ε
397 3747 654 3832 regulae
691 3749 897 3812 essent
941 3765 1052 3831 pro
1098 3747 1233 3812 foro
1283 3749 1550 3820 externo,
1600 3747 1675 3811 ut
1722 3747 1860 3812 vult
1906 3747 2261 3833 Fagnanus,
2318 3749 2518 3814 adhuc
2579 3750 2788 3814 tamen

334 3875 367 3908 ‹
397 3851 616 3916 valent
647 3851 842 3915 etiam
874 3869 986 3934 pro
1017 3850 1282 3926 interne,
1317 3851 1624 3932 quatenus
1656 3851 1977 3914 externum
2013 3869 2135 3916 non
2174 3851 2399 3915 nititur
2427 3852 2586 3916 falsa
2624 3872 2793 3936 prae-

335 3981 366 4012 «
398 3954 779 4038 sumptione,
806 3954 881 4018 ut
905 3953 1316 4018 communiter
1338 3952 1558 4017 docent
1581 3972 1724 4016 cum
1749 3951 1969 4016 Sanch.
1995 3953 2037 4016 1.
2070 3954 2128 4018 1.
2147 3954 2204 4017 d.
2236 3956 2295 4018 5.
2314 3953 2565 4030 PalauS,
2592 3953 2792 4030 Salas,

335 4084 366 4115 α
398 4061 463 4123 et
510 4056 697 4134 Viva,
741 4074 950 4140 opusc.
999 4056 1073 4120 de
1128 4053 1345 4120 Conso.
1378 4075 1437 4138 q.
1476 4056 1534 4118 1.
1570 4057 1688 4119 art.
1727 4057 1787 4119 1.
1822 4077 1880 4119 n.
1917 4058 1977 4119 5.
2012 4055 2201 4120 Ratio
2251 4058 2483 4130 autem,
2531 4077 2641 4121 cur
2686 4078 2796 4124 nec

332 4185 365 4218 ‹
395 4162 594 4226 etiam
620 4159 867 4224 axioma
890 4158 1061 4223 istud
1085 4158 1291 4223 valere
1315 4160 1524 4242 posset
1554 4158 1617 4222 in
1642 4158 1905 4222 materia
1932 4158 2230 4232 iustitiae,
2258 4160 2409 4225 adeo
2436 4161 2509 4225 ut
2531 4161 2793 4244 quisque

332 4287 365 4320 ‹
395 4263 601 4329 adhuc
647 4262 847 4326 bonae
893 4261 1037 4327 fidei
1076 4280 1390 4345 possessor
1428 4261 1741 4326 teneretur
1787 4262 1850 4325 in
1898 4260 2085 4326 dubio
2132 4281 2261 4326 rem
2307 4282 2656 4345 possessam
2701 4286 2791 4331 re-

329 4389 362 4422 «
392 4368 680 4441 stituere,
732 4364 846 4441 est,
897 4365 1043 4446 quia
1088 4365 1188 4429 ius
1235 4384 1419 4428 suum
1465 4365 1558 4428 est
1604 4365 1886 4447 respectu
1935 4364 2012 4428 ad
2060 4365 2322 4429 alteram
2352 4369 2612 4450 partem,
2662 4387 2784 4435 non

327 4494 360 4526 «
392 4472 610 4534 autem
644 4465 729 4531 ad
759 4465 959 4550 legem
990 4465 1264 4531 divinam
1295 4466 1369 4530 de
1399 4485 1462 4530 re
1494 4485 1616 4530 non
1647 4486 1761 4531 sua
1793 4467 2194 4542 restituenda,
2228 4488 2385 4551 quae
2415 4469 2513 4535 lex
2544 4490 2783 4554 semper

327 4596 360 4630 «
389 4573 452 4637 ’111
486 4570 682 4635 dubio
709 4567 1048 4650 possideret
1078 4571 1141 4632 et
1172 4587 1409 4650 semper
1438 4571 1600 4634 esset
1631 4569 2044 4653 praeferenda.
2072 4569 2198 4635 Cur
2229 4573 2441 4636 autem
2465 4591 2780 4656 possessor
