3529 5158
325 352 467 422 [674]
725 364 876 412 Qum
914 363 1238 407 Paeonum
1278 362 1571 405 nomana
1606 365 1685 403 m
1722 363 1996 404 viimam
2033 364 2380 403 nrt-mnam
2674 350 2778 404 591

412 460 586 534 8⁷3.
627 463 866 529 Divisio
916 464 1126 527 autem
1173 461 1405 545 peccati
1454 462 1518 525 in
1549 460 1817 525 mortale
1845 463 1912 525 et
1948 460 2203 539 veniale,
2237 463 2414 526 iuxta
2450 479 2500 524 a.
2534 462 2778 540 Thom.‚

326 588 445 634 non
492 570 587 633 est
633 566 855 631 divisio
902 566 1143 651 generis
1189 566 1252 629 in
1300 584 1445 630 suas
1476 564 1725 648 species»,
1767 564 1877 627 sed
1925 566 2020 627 est
2050 563 2272 627 divisio
2313 564 2445 629 eius
2477 563 2642 645 quod
2687 566 2782 627 est

326 688 653 737 commune
685 689 793 752 per
824 668 1201 753 analogiam,
1235 668 1299 732 in
1319 667 1664 747 perfectum
1701 668 1767 731 et
1803 665 2245 746 imperfectum.

416 774 514 838 Ita
550 792 598 837 s.
627 773 847 837 Thom.
876 774 935 835 2.
962 771 1118 855 disp.
1153 772 1259 835 42.
1288 791 1346 853 q.
1387 771 1443 834 1.
1472 771 1589 834 art.
1625 770 1723 834 3.:
1766 793 1802 827 «
1835 769 1947 834 Est
1978 769 2202 851 duplex
2222 769 2445 834 modus
2476 768 2784 834 dividendi

328 896 650 942 commune
696 876 760 939 in
809 894 899 951 ea,
950 894 1108 956 quae
1145 875 1263 939 sub
1299 874 1434 957 ipso
1483 875 1648 950 sunt,
1699 872 1866 937 sieut
1910 874 2005 936 est
2050 872 2274 955 duplex
2319 872 2786 937 communitatis

326 978 565 1044 modus.
615 977 728 1043 Est
772 977 937 1042 enim
984 976 1290 1060 quaedam
1337 976 1560 1040 divisio
1599 975 1848 1038 univoci
1883 975 1945 1038 in
1993 975 2222 1058 species
2253 995 2361 1059 per
2391 974 2784 1054 differentiae,

326 1082 549 1164 quibus
576 1081 918 1163 aequaliter
948 1082 1178 1144 natura
1204 1079 1446 1163 generis
1472 1079 1535 1142 in
1567 1078 1883 1160 speciebus
1907 1078 2337 1160 participatur,
2370 1078 2533 1143 sicut
2556 1078 2789 1142 animal

328 1182 628 1249 dividitur
675 1183 737 1247 in
785 1183 1097 1247 hominem
1145 1184 1208 1247 et
1254 1201 1484 1263 equum
1533 1182 1597 1244 et
1643 1180 2019 1245 huiusmodi.
2058 1180 2202 1244 Alia
2249 1199 2392 1245 vero
2426 1179 2648 1245 divisio
2695 1181 2792 1245 est

326 1287 478 1363 eius,
512 1285 677 1368 quod
708 1286 805 1350 est
853 1302 1180 1348 commune
1228 1303 1333 1365 per
1369 1281 1752 1363 analoyiam,
1793 1282 1958 1364 quod
2005 1282 2254 1364 quidem
2289 1283 2626 1347 secundum
2662 1300 2793 1364 per·

329 1388 554 1454 fectam
584 1388 887 1452 rationem
917 1386 1308 1470 praedicatur
1334 1385 1408 1448 de
1439 1403 1564 1449 uno
1589 1384 2000 1449 dividentium
2024 1387 2088 1449 et
2110 1384 2186 1448 de
2218 1384 2414 1449 altero
2437 1383 2792 1467 imperfecte

327 1492 390 1554 et
421 1489 758 1555 secundum
790 1488 972 1571 quid:
1007 1489 1170 1553 sicut
1208 1507 1314 1551 ens
1347 1486 1648 1550 dividitur
1678 1487 1743 1550 in
1774 1487 2193 1551 substantiam
2226 1488 2291 1550 et
2322 1485 2597 1551 accidens
2628 1487 2693 1549 et
2728 1485 2789 1548 in

329 1610 436 1656 ens
470 1594 615 1655 actu
647 1592 710 1654 et
742 1591 802 1653 in
838 1608 942 1654 ens
979 1590 1257 1672 potentia
1289 1590 1353 1651 et
1384 1589 1533 1652 haec
1566 1588 1790 1675 divisio
1824 1591 1920 1652 est
1950 1589 2129 1669 quasi
2151 1588 2355 1652 media
2391 1588 2553 1652 inter
2589 1586 2795 1668 aequi-

327 1713 553 1759 vocum
587 1694 649 1756 et
681 1692 1034 1755 univocum.
1076 1690 1155 1753 Et
1204 1690 1350 1752 talis
1401 1689 1624 1753 divisio
1657 1693 1753 1753 est
1786 1690 2017 1772 peccati
2050 1690 2113 1752 in
2145 1688 2410 1754 mortale
2442 1691 2505 1753 et
2533 1688 2790 1766 veniale,

326 1795 479 1878 quia
516 1794 680 1858 ratio
729 1793 962 1876 peccati
1009 1792 1271 1876 perfecte
1316 1792 1381 1855 in
1418 1792 1672 1855 mortali
1721 1791 2061 1867 invenitur;
2111 1793 2174 1856 in
2221 1791 2450 1856 veniali
2479 1809 2625 1856 vero
2671 1809 2792 1855 non

324 1898 449 1962 nisi
481 1895 835 1979 imperfecte
869 1897 931 1958 et
965 1894 1299 1958 secundum
1336 1895 1503 1976 quid.
1542 1894 1717 1959 Unde
1742 1894 2090 1967 minimum,
2125 1894 2290 1976 quod
2323 1895 2530 1976 potest
2561 1912 2692 1958 fflse
2721 1893 2795 1957 de

324 2000 572 2063 ratione
598 1998 830 2081 peccati
858 1998 921 2060 in
951 1997 1160 2077 aliquo
1187 1999 1352 2073 actu,
1380 1998 1553 2061 estin
1581 1997 1837 2060 veniali:
1863 1997 2028 2061 sicut
2049 1998 2379 2061 minimum
2403 1996 2569 2079 quod
2592 1998 2798 2079 potest

326 2120 460 2166 esse
492 2101 566 2164 de
600 2102 825 2163 natura
858 2099 1039 2176 entia,
1079 2100 1174 2163 est
1214 2099 1277 2162 in
1314 2101 1452 2163 ente
1499 2099 1560 2162 in
1596 2100 1879 2182 potentia
1916 2101 1979 2163 et
2011 2100 2073 2163 in
2106 2103 2245 2164 ente
2275 2118 2382 2183 per
2414 2098 2689 2164 accidens
2734 2099 2802 2163 et

325 2205 445 2269 hoc
482 2204 616 2287 ipsa
650 2203 901 2267 nomina
939 2201 1299 2277 ostendunt3
1349 2203 1496 2285 quia
1541 2203 1720 2266 venia
1768 2221 1890 2267 non
1937 2202 2194 2266 debetur
2238 2204 2510 2286 peccato,
2557 2202 2676 2266 nisi
2713 2220 2804 2266 se·

324 2306 597 2372 cundum
644 2304 808 2388 quod
860 2304 1143 2387 aliquam
1192 2304 1717 2387 imperfectionem
1766 2305 1856 2386 (in
1912 2304 2181 2369 editione
2233 2306 2517 2369 Romana
2570 2304 2803 2389 legitur

325 2409 517 2473 male:
558 2406 1031 2490 perfectionem)
1085 2407 1318 2490 peccati
1363 2406 1582 2481 habet3
1634 2409 1803 2472 mors
1837 2408 2047 2472 autem
2088 2408 2344 2472 debetur
2390 2408 2661 2491 peccato,
2706 2407 2801 2470 in-

328 2514 638 2596 quantum
687 2512 1012 2596 peccatum
1060 2513 1155 2575 est
1201 2511 1264 2574 et
1309 2510 1445 2575 ideo
1499 2513 1825 2595 peccatum
1855 2512 2121 2576 mortale
2160 2510 2499 2596 perfectum
2544 2509 2692 2594 quid
2737 2510 2800 2575 in

327 2636 550 2701 genere
583 2617 816 2700 peccati
849 2616 1018 2692 dicit,
1054 2615 1292 2679 veniale
1324 2618 1533 2680 antem
1564 2615 1996 2699 imperfectum
2033 2642 2094 2680 ».

419 2719 589 2799 Quae
628 2737 806 2783 sensa
860 2718 1009 2782 alibi
1057 2720 1337 2801 repetens
1383 2737 1431 2781 S.
1486 2718 1779 2793 ThomaS‚
1830 2719 2095 2802 explicat
2142 2721 2457 2801 praeterea
2502 2739 2612 2784 cur
2663 2736 2806 2802 pec-

328 2823 544 2886 catum
586 2820 849 2886 mortale
885 2821 1133 2885 dicatur
1166 2839 1297 2884 esse
1328 2824 1543 2883 contra
1580 2820 1792 2902 Zeyem,
1836 2822 2072 2886 veniale
2104 2841 2248 2887 vero
2283 2826 2544 2902 praeter
2590 2819 2802 2903 leycm.

419 2926 518 2988 lta
558 2923 631 2986 (lc
680 2921 847 2987 Mal.
906 2924 1146 3005 quaest.
1201 2924 1257 2988 7.
1294 2926 1411 2987 art.
1452 2925 1509 2985 1.
1559 2923 1636 2988 ad
1695 2924 1750 2987 1.
1789 2925 2022 2988 tradita
2070 2925 2351 2990 doctrina
2389 2926 2700 3008 superiore
2730 2925 2805 2988 de

330 3026 633 3091 divisione
678 3025 741 3089 in
793 3025 1136 3109 perfectum
1187 3027 1251 3089 et
1296 3026 1744 3108 imperfectum,
1797 3026 2034 3090 subdit:
2083 3050 2117 3083 «
2157 3026 2334 3090 Unde
2377 3025 2807 3090 convenienter

330 3129 580 3204 dicitur,
608 3127 774 3210 quod
805 3129 1130 3210 peceatum
1150 3128 1387 3192 venia-le
1420 3145 1541 3191 non
1563 3129 1658 3190 est
1682 3129 1898 3190 contra
1930 3128 2150 3208 legem.
2178 3127 2278 3190 sed
2305 3130 2549 3209 praeter
2578 3126 2807 3210 legem;

330 3233 482 3315 quia
512 3231 566 3294 si
596 3231 659 3295 in
698 3230 906 3311 aliquo
949 3230 1185 3294 recedit
1219 3229 1299 3292 ab
1340 3228 1548 3292 ordine
1579 3228 1755 3312 legis,
1791 3247 1914 3291 non
1946 3231 2156 3291 tamen
2187 3228 2387 3311 ipsam
2433 3228 2807 3310 corrumpit3

330 3335 485 3418 quia
516 3352 638 3398 non
686 3332 1033 3415 corrumpit
1082 3331 1499 3400 dilectionem.
1552 3348 1711 3411 quae
1758 3332 1854 3393 est
1901 3329 2218 3411 plenitudo
2265 3329 2440 3413 legis,
2476 3332 2549 3393 ut
2586 3328 2813 3393 dicitur

336 3437 521 3504 Rom.
562 3437 737 3501 XIII.
771 3461 833 3500 ³».

425 3535 603 3610 674.
640 3537 799 3604 Sunt
832 3541 1043 3602 tamen
1082 3538 1401 3614 DoctoreS,
1439 3536 1544 3618 qui
1585 3535 1951 3600 divisionem
1990 3536 2274 3600 mortalis
2311 3537 2376 3600 et
2420 3535 2679 3600 venialis
2709 3555 2812 3600 vo-

337 3646 478 3710 lunt
524 3661 655 3707 esse
687 3641 1054 3706 divisionem
1090 3639 1330 3724 generis
1363 3639 1428 3702 in
1466 3640 1695 3722 species
1729 3641 1792 3703 et
1830 3641 2165 3720 utrumque
2197 3641 2517 3723 peccatum
2547 3639 2814 3705 mortale

337 3751 399 3812 et
432 3745 673 3811 veniale
707 3763 837 3809 esse
870 3742 1114 3826 proprie
1148 3744 1211 3806 et
1248 3742 1613 3825 simpliciter
1638 3744 1993 3825 peccatum3
2021 3739 2167 3824 quia
2187 3744 2523 3824 utrumque
2553 3744 2648 3806 est
2676 3743 2814 3826 lege

343 3850 456 3913 Dei
494 3846 899 3913 interdictum
947 3849 1008 3909 et
1055 3864 1102 3909 s.
1160 3843 1519 3928 Scripturae
1553 3845 1743 3909 etiam
1776 3845 2014 3909 veniale
2045 3845 2328 3909 absolute
2360 3846 2423 3908 et
2454 3842 2816 3927 simpliciter

342 3952 574 4032 absque
602 3949 732 4013 ulla
761 3948 1106 4011 adiectione
1134 3947 1450 4029 appellant
1476 3951 1817 4029 peccatum.
1855 3946 2028 4011 Unde
2061 3949 2123 4010 et
2154 3947 2307 4011 illud
2335 3945 2621 4031 Gregorii
2651 3946 2814 4029 apud

343 4054 506 4117 Azor
537 4052 644 4116 lib.
681 4052 742 4115 4.
780 4052 939 4134 part.
980 4052 1036 4112 1.
1076 4069 1207 4132 cap.
1247 4050 1306 4113 8.
1343 4068 1401 4130 q.
1446 4050 1542 4113 2.:
1579 4050 1652 4113 In
1691 4051 1807 4113 hac
1839 4050 1970 4114 vita
2019 4050 2205 4114 multi
2243 4051 2373 4114 sine
2404 4049 2677 4127 crimine,
2711 4049 2815 4114 sed

343 4155 554 4221 nullus
595 4155 727 4219 sine
761 4154 1013 4237 peccato
1044 4154 1155 4217 est.

431 4258 581 4329 Alii,
619 4258 693 4321 ut
730 4256 822 4320 ait
862 4253 1097 4319 Suarez
1136 4254 1210 4318 de
1249 4253 1501 4319 Peccat.
1536 4255 1692 4339 disp.
1731 4257 1789 4318 2.
1826 4256 1972 4319 sect.
2010 4257 2069 4320 5.
2104 4275 2163 4320 11.
2200 4258 2282 4333 5.,
2317 4257 2539 4321 volunt
2575 4273 2704 4320 esse
2736 4255 2823 4321 di-

348 4361 648 4427 visionem
687 4358 958 4424 subiecti
1008 4358 1071 4421 in
1121 4358 1479 4432 accidentia,
1531 4359 1678 4441 quja
1712 4359 1822 4422 illa
1861 4359 2223 4424 deformitas
2257 4359 2542 4424 mortalis
2588 4360 2822 4442 peccati

350 4464 528 4546 quasi
563 4461 789 4526 accidit
820 4461 990 4525 actui
1037 4461 1279 4526 morali.
1340 4461 1515 4526 Unde
1547 4463 1813 4527 mortale
1845 4465 1908 4527 et
1945 4463 2184 4528 veniale
2222 4463 2297 4527 ad
2330 4464 2540 4527 actum
2584 4463 2821 4527 malum

354 4565 656 4631 moralem
690 4564 1155 4646 comparantur,
1194 4567 1504 4646 quatenus
1538 4565 1641 4630 ille
1673 4566 2054 4630 constitutus
2089 4566 2212 4630 iam
2245 4567 2340 4630 est
2372 4566 2435 4630 in
2465 4566 2666 4648 prima
2712 4583 2824 4629 sua
