3529 5158
715 340 822 395 288
1261 355 1473 395 macr.
1513 353 1603 394 111.
1641 354 1726 393 mn
1763 352 2043 394 1113111113.
2083 352 2281 394 CAPUT
2317 353 2356 392 1.
2395 351 2538 394 nun.
2578 353 2642 393 11.
3040 337 3186 413 [257]

804 452 886 516 Et
932 451 1274 534 praemissa
1322 451 1571 533 quidem
1603 450 1770 514 dicta
1803 452 1952 514 sunt
1982 450 2345 532 praesertim
2385 449 2459 514 de
2505 448 3009 535 Congregationee
3038 448 3185 515 Car-

713 553 1017 617 dinalium
1049 573 1096 617 3.
1125 554 1468 618 Tridentini
1502 551 1849 618 Concilium
1880 553 2292 635 interpretum
2323 555 2459 616 313.
2486 551 2600 617 Off.
2627 552 2867 617 Verum
2888 553 2953 617 id
2972 553 3181 636 ipsum

711 656 881 720 valet
911 655 985 720 de
1019 656 1157 719 aliis
1190 654 1812 741 Congregationibus.
1851 654 2170 732 Videlicet,
2205 654 2453 737 quando
2491 655 2588 718 ius
2622 673 2948 720 commune
2980 655 3182 720 Eccle-

712 758 840 822 siae
871 757 1180 842 explicant
1213 760 1276 823 31
1307 778 1490 842 super
1521 759 1653 822 iure
1678 756 2068 842 respondent,
2095 758 2223 821 vim
2255 758 2411 842 legis
2443 757 2779 835 habebunt,
2808 758 2861 822 si
2883 777 3178 841 responsa

705 860 1069 924 ‘contineant
1114 879 1350 924 meram
1380 860 1536 924 iuris
1569 860 2048 925 declarationem
2074 858 2656 939 comprehemivam,
2692 878 2868 924 secus
2901 861 2953 925 si
2978 864 3183 924 exten-

709 963 926 1036 sivam,
961 963 1081 1026 nisi
1114 983 1184 1027 31
1215 963 1517 1027 mandatu
1550 962 1802 1045 speciali
1837 962 2043 1046 Papae
2074 963 2569 1047 promulgentur,
2604 965 2679 1026 111
2710 961 2957 1027 decreta
2985 982 3178 1046 nuper

709 1064 875 1128 edita
910 1085 944 1128 a
979 1063 1046 1128 C.
1080 1065 1203 1128 EE.
1238 1065 1374 1129 RR.

796 1166 877 1231 Et
909 1168 1060 1231 haec
1106 1167 1355 1249 quidem
1403 1167 1708 1231 sententia
1753 1185 1877 1231 non
1927 1166 2107 1231 valde
2153 1167 2463 1250 discrepat
2510 1168 2588 1231 ab
2636 1167 2946 1232 sententia
2996 1186 3044 1231 3.
3077 1167 3182 1231 Al-

708 1269 949 1352 phonsi.
990 1268 1173 1345 Nam,
1209 1271 1283 1334 ut
1328 1269 1563 1334 dictum
1602 1272 1697 1334 est
1729 1290 1788 1334 11.
1827 1271 1997 1340 255..
2034 1270 2169 1334 DD.
2204 1270 2298 1333 illi
2333 1269 2699 1344 admittunt,
2734 1269 3180 1335 declarationes

706 1370 984 1455 indigere
1031 1371 1552 1457 promulgatione,
1603 1371 1849 1454 quando
1902 1375 2227 1437 versantur
2268 1373 2428 1435 circa
2473 1391 2571 1436 res
2620 1371 2771 1436 adeo
2818 1371 3061 1444 dubias,
3106 1372 3181 1435 ut

710 1474 917 1539 variae
966 1478 1028 1540 et
1075 1475 1421 1540 contrariae
1467 1478 1708 1540 exstare
1754 1478 1988 1557 queant
2035 1474 2371 1558 opiniones.
2426 1474 2623 1556 Atqui
2666 1473 2732 1538 id
2793 1492 2916 1538 non
2969 1475 3177 1557 potest

708 1577 998 1658 accidere,
1033 1578 1278 1660 quando
1312 1578 1523 1663 agitur
1569 1577 1642 1642 de
1689 1596 1871 1643 3311311
1918 1577 2146 1641 decreti
2176 1596 2286 1641 seu
2332 1577 2485 1640 iuris
2529 1577 2707 1641 iuxta
2752 1576 3067 1660 propriam
3112 1578 3174 1640 et

707 1698 828 1744 usu
872 1683 1184 1764 receptam
1232 1679 1748 1765 significationem
1794 1679 2142 1744 verborum.
2178 1679 2342 1764 Ergo
2369 1682 2434 1743 et
2463 1679 2769 1743 sententia
2801 1698 2849 1743 s.
2876 1678 3061 1761 Alph.
3096 1677 3172 1742 ad

706 1781 1152 1848 declarationes
1201 1783 1565 1860 31131131133,
1601 1782 1948 1847 recedentes
1994 1783 2229 1847 scilicet
2262 1801 2297 1846 a
2329 1800 2510 1846 3311311
2541 1782 2872 1847 verborum
2901 1782 3169 1865 proprio,

707 1886 922 1950 reduci
953 1888 1180 1969 potest.

1633 2110 1712 2157 nn
1761 2109 2251 2157 cousnnrnnmn.

792 2299 1164 2364 Addendum
1210 2299 1529 2383 quidpiam
1578 2299 1651 2363 de
1698 2297 2160 2377 consuetudine,
2208 2297 2417 2380 inquit
2461 2316 2509 2362 s.
2559 2298 2744 2382 Alph.
2778 2319 2839 2363 n.
2878 2300 3049 2378 107„
3096 2300 3168 2365 de

704 2424 826 2488 qua
858 2405 1015 2470 nihil
1047 2407 1303 2472 Auctor.
1345 2406 1689 2488 Postquam
1727 2406 1891 2470 enim
1922 2403 2160 2469 dictum
2193 2406 2287 2469 331
2319 2404 2391 2469 (13
2422 2406 2558 2490 lege
2606 2406 2855 2489 scripta,
2905 2426 3166 2490 pronum

704 2511 797 2573 est
829 2509 1109 2573 nonnihil
1144 2508 1363 2572 addere
1401 2508 1474 2571 de
1499 2506 1963 2585 consuetudine,
1999 2526 2156 2590 quae
2188 2507 2415 2571 dicitur
2452 2507 2548 2572 131
2579 2527 2704 2573 11011
2737 2509 2989 2593 scripta.

792 2607 970 2681 257.
997 2611 1345 2694 Dupliciter
1382 2610 1610 2674 dicitur
1646 2611 2062 2675 consuetudo:
2100 2612 2168 2674 1⁰
2204 2609 2544 2675 causaliter
2572 2631 2682 2695 pro
2720 2611 3019 2678 diuturno
3049 2632 3165 2678 usu

704 2734 811 2779 seu
847 2714 1090 2778 actibus
1123 2713 1230 2777 diu
1265 2713 1674 2794 frequentatis
1709 2732 1744 2776 a
1778 2713 2226 2777 communitate
2257 2713 2355 2777 vel
2387 2715 2621 2778 maiore
2657 2714 2931 2779 eiusdem
2956 2718 3162 2799 parte:

706 2819 776 2880 2⁰
805 2815 1177 2895 formaliter,
1214 2834 1323 2898 pro
1360 2815 1515 2891 iure,
1555 2813 1719 2897 quod
1768 2832 1837 2879 ex
1856 2814 2184 2894 praedicto
2220 2835 2341 2879 usa
2373 2817 2561 2898 atque
2598 2819 2854 2881 actuum
2883 2816 3165 2900 frequen-

703 2920 941 2984 tatione
990 2917 1206 2983 oritur.
1243 2918 1442 2982 Priori
1491 2936 1672 2982 sensu
1712 2920 1963 3000 accepta
2010 2917 2238 2982 dicitur
2268 2918 2647 2983 consuetudo
2693 2917 2865 2997 facti,
2900 2919 3161 2985 secundo

700 3020 1082 3087 consuetudo
1130 3021 1313 3095 iuris,
1364 3039 1521 3103 quae
1568 3019 1861 3084 definitur
1908 3019 2050 3084 dist.
2086 3021 2136 3084 Ι.
2171 3039 2304 3084 3311.
2354 3019 2778 3085 Consuetudo:
2832 3047 2866 3078 ‹
2900 3019 3165 3087 Consue-

699 3126 850 3190 tudo
901 3127 995 3189 est
1041 3125 1139 3189 ius
1187 3123 1518 3207 quoddam,
1566 3122 1845 3188 moribus
1892 3122 2327 3195 constitutum,
2370 3122 2533 3205 quod
2580 3141 2691 3206 pro
2729 3123 2866 3207 lege
2913 3124 3164 3208 suscipi·

698 3231 822 3303 tur,
863 3248 1005 3292 cum
1043 3226 1250 3292 deficit
1295 3227 1391 3291 131
1425 3252 1484 3290 ».
1523 3224 1750 3291 Sensus
1798 3227 1911 3301 est,
1947 3225 2111 3307 quod
2156 3248 2191 3282 ‹<
2222 3223 2620 3289 Consuetudo
2668 3226 2753 3289 sit
2781 3226 2883 3289 ius
2932 3226 3012 3290 ad
3058 3226 3162 3290 ali·

698 3331 847 3413 quid
872 3330 1219 3394 faciendum
1245 3330 1343 3394 131
1376 3327 1790 3393 omittendum
1824 3327 2127 3412 obliganS,
2169 3326 2269 3391 vel
2299 3327 2491 3391 3113111
2518 3326 2751 3408 aliquid
2776 3328 3156 3410 permittenS,

696 3432 1126 3497 introductum
1150 3432 1466 3505 diuturno,
1506 3432 1702 3496 libero
1728 3433 1792 3495 31
1815 3430 2061 3513 publico
2101 3430 2570 3494 communitatis
2601 3448 2740 3507 usu,
2782 3432 3159 3513 approbante

696 3534 827 3610 illo,
862 3534 968 3615 qui
995 3553 1208 3597 curam
1246 3533 1438 3597 habet
1467 3533 1639 3597 illius
1678 3533 2151 3598 communitatis
2189 3557 2251 3596 ».
2294 3531 2497 3596 Schm.
2537 3532 2645 3597 lib.
2684 3534 2741 3596 1.
2782 3532 2885 3596 tit.
2920 3534 2983 3596 4.
3010 3554 3070 3598 n.
3101 3535 3155 3597 1.

786 3637 1008 3702 Differt
1058 3639 1124 3701 1⁰
1171 3657 1212 3699 a
1261 3634 1430 3717 leye;
1479 3637 1626 3718 quia
1673 3637 1825 3702 haec
1871 3639 2059 3720 prout
2113 3634 2573 3716 (consuetudini
2620 3636 2986 3720 opponitur)
3028 3637 3154 3701 vim

698 3739 1015 3825 obligandi
1064 3759 1133 3804 31
1182 3758 1462 3823 expressa
1513 3741 1575 3803 et
1621 3739 1864 3822 publice
1910 3739 2312 3823 promulgata
2359 3737 2642 3821 publicae
2686 3739 3025 3821 potestatis
3072 3757 3160 3804 or·

696 3842 1012 3908 dinatione
1061 3842 1318 3925 accipit:
1368 3841 1748 3906 consuetudo
1783 3860 1927 3905 vero
1975 3861 2046 3905 ex
2092 3859 2206 3906 uso
2240 3841 2429 3905 tacite
2459 3858 2567 3923 per
2602 3840 3029 3925 legislatorem
3058 3861 3161 3925 ap-

695 3948 978 4029 probatO.

782 4049 1004 4114 Differt
1052 4049 1120 4112 2⁰
1166 4071 1206 4111 a
1256 4046 1704 4112 traditionibus
1729 4048 1992 4127 proprie
2036 4047 2343 4125 acceptis,·
2375 4047 2522 4128 quia
2569 4046 2684 4110 1133
2726 4063 2850 4109 11311
2898 4063 2971 4110 ex
3016 4066 3154 4123 usu,

693 4153 797 4216 sed
846 4172 916 4215 ex
962 4150 1194 4215 Christi
1245 4153 1355 4215 aut
1401 4150 1847 4233 Apostolorum
1896 4152 2006 4213 aut
2037 4149 2345 4213 Ecclesiae
2373 4148 2772 4213 institutione
2804 4152 2983 4214 ortae
3014 4152 3158 4214 sunt

693 4255 756 4318 et
802 4274 919 4317 usu
959 4256 1210 4317 tantum
1257 4256 1654 4317 conservatae
1694 4255 1842 4317 sunt
1880 4255 1945 4317 et
1992 4270 2186 4334 usque
2227 4252 2301 4315 ad
2351 4253 2629 4333 tempora
2677 4251 2895 4315 nostra
2942 4248 3158 4335 p‘ropa-

692 4358 897 4439 gatae.
941 4354 1116 4418 Suar.
1153 4353 1226 4417 de
1251 4352 1403 4436 Ley.
1439 4354 1545 4418 lib.
1585 4354 1641 4417 7.
1677 4374 1726 4419 c.
1770 4357 1831 4418 4.
1864 4375 1925 4418 n.
1965 4356 2068 4418 10.

781 4456 1001 4521 Differt
1039 4456 1110 4519 3⁰
1138 4477 1180 4518 a
1209 4454 1354 4520 stilo
1386 4456 1617 4529 curiae,
1657 4458 1982 4539 tamquam
2017 4455 2338 4521 includens
2378 4456 2455 4521 ab
2483 4456 2757 4530 incluso;
2791 4456 2943 4537 quia
2975 4456 3154 4521 stilus

693 4558 914 4625 Curiae
947 4562 1042 4624 est
1072 4559 1452 4624 consuetudo
1499 4560 1895 4644 particularis
1942 4563 2005 4623 31
2049 4559 2326 4623 limitata
2358 4558 2432 4622 ad
2474 4561 2650 4622 actus
2678 4556 3022 4633 iudiciale&
3055 4556 3155 4621 do·
