3529 5158
735 358 837 411 194
1219 364 1431 405 Tssacr.
1473 363 1538 403 11.
1578 361 1663 401 mr
1700 359 2116 401 GORSCIENTIA.
2157 360 2357 405 CAPUT
2394 362 2458 401 11.
2498 362 2640 403 Due.
2682 363 2745 403 11.
3053 348 3199 423 [192]

737 494 773 526 «
806 486 946 530 cum
995 483 1108 528 sua
1146 461 1450 526 sententia
1499 457 1876 522 descenderit
1907 476 1979 519 ex
2011 456 2345 522 traditione
2392 459 2733 541 apostolica
2775 460 2971 541 (quod
3000 461 3200 544 gratis

738 598 770 629 «
806 568 1118 651 supponit,
1169 564 1274 629 sed
1321 563 1492 627 nullo
1542 560 1767 625 indicio
1816 560 2095 643 probat),
2134 560 2292 623 unde
2326 561 2435 639 ait,
2472 562 2638 643 quod
2684 563 2736 626 si
2785 563 3033 646 antiqui
3062 583 3201 629 con-

736 698 770 729 «
804 670 1064 735 trariam
1095 666 1440 732 doctrinam
1475 662 1835 746 suppositae
1867 661 2194 726 traditioni
2219 662 2541 726 adversam
2579 663 2953 740 docuissent,
2982 668 3197 730 contra

738 798 771 829 «
805 792 908 836 eos
940 768 1412 834 insurrexissent
1442 765 1768 841 innumeri,
1796 764 1905 844 qui
1936 764 2112 826 illam
2144 764 2633 848 impugnassent.
2672 765 2841 831 Idem
2875 786 3201 851 argumen-

739 875 943 937 «tum
976 872 1119 955 apte
1165 870 1484 949 retorquet
1508 866 1775 930 Terillus
1821 866 2038 929 contra
2084 865 2455 941 Mereorum‚
2496 866 2735 931 dicens:
2779 866 2843 932 Si
2891 870 3199 933 sententia

739 975 1072 1058 «benigna
1118 971 1338 1036 fuisset
1386 969 1670 1051 opposita
1719 968 2045 1032 traditioni
2094 969 2472 1049 apostolicae
2520 972 2583 1034 et
2628 972 2942 1036 communi
2992 972 3200 1037 sensui

740 1103 774 1135 «ι
807 1078 1134 1140 doctorum
1171 1073 1277 1154 qui
1310 1071 1625 1136 Medinam
1649 1070 2130 1152 praecesserunt,
2167 1070 2476 1150 quomodo
2510 1071 2682 1136 mille
2714 1072 3201 1139 contradictores

621 1168 646 1193 ’
739 1206 774 1236 «
807 1197 929 1241 non
963 1174 1436 1240 insurrexissent
1482 1191 1618 1236 eam
1667 1174 1731 1235 et
1778 1172 2222 1235 damnassent?
2255 1172 2456 1236 Tanto
2491 1174 2693 1257 magis
2725 1174 2890 1255 quod
2920 1175 3200 1240 fautores

739 1307 772 1339 «
805 1280 1104 1363 benignae
1137 1276 1477 1341 sententiae
1503 1275 1882 1357 scripserunt
1906 1275 2090 1357 paulo
2118 1276 2259 1356 post
2284 1275 2521 1339 editum
2553 1276 3005 1353 Tridentinum,
3033 1279 3197 1360 quod

740 1408 776 1440 «
809 1382 944 1446 ideo
993 1382 1278 1446 coactum
1314 1377 1454 1451 fuit,
1493 1382 1564 1439 ut
1602 1395 1849 1441 morum
1882 1376 2275 1458 pravitatem,
2310 1396 2468 1459 quae
2516 1396 2621 1459 per
2669 1379 2877 1443 orbem
2917 1380 3200 1446 christia-

739 1518 772 1550 «
805 1511 957 1555 uum
995 1489 1344 1572 irrepserat,
1386 1485 1768 1559 eliminaret;
1813 1485 1971 1549 unde
2004 1486 2317 1567 praesules
2354 1488 2419 1548 et
2449 1486 2798 1562 Pontifices,
2839 1485 2892 1549 si
2916 1485 3095 1549 illam
3127 1486 3198 1548 ut

738 1621 772 1652 «
806 1594 1172 1656 damnosam
1203 1590 1550 1654 doctrinam
1582 1571 1973 1663 habuissent,
2001 1588 2154 1651 totis
2200 1589 2363 1651 certe
2412 1589 2647 1652 viribus
2695 1607 2804 1670 pro
2850 1588 3050 1670 ipsius
3096 1588 3198 1652 eli-

737 1723 772 1753 «
805 1696 1143 1760 minatione
1190 1692 1646 1766 incubuissent;
1697 1710 1853 1754 anne
1900 1690 2278 1773 putabimuS,
2327 1692 2530 1754 Deum
2577 1693 2724 1755 tunc
2758 1693 3053 1774 temporis
3092 1693 3199 1756 Ec-

736 1827 770 1858 «
803 1801 1056 1864 clesiam
1094 1797 1452 1869 deseruisse,
1495 1793 1926 1876 permittendo,
1967 1794 2083 1857 hoc
2121 1812 2323 1858 errore
2357 1796 2489 1857 tam
2538 1795 2878 1876 pernicioso
2926 1798 3032 1876 (ut
3078 1795 3197 1878 ipsi

736 1930 770 1961 «
804 1901 1158 1984 clamitant)
1195 1899 1404 1963 fideles
1442 1897 1713 1977 undique
1743 1897 1983 1978 decipi?
2016 1922 2048 1953 »

825 2034 858 2063 «
901 2006 1112 2068 Dices:
1164 2001 1434 2065 Ecclesia
1473 2019 1594 2064 non
1628 2000 1835 2063 omnia
1871 1999 2175 2081 approbat
2211 2019 2369 2080 quae
2408 2019 2531 2065 non
2570 2000 2845 2075 damnat,
2874 2002 2980 2066 sed
3015 2020 3196 2086 saepe

737 2133 770 2165 «
804 2128 874 2171 ex
907 2104 1234 2189 prudentia
1282 2102 1528 2167 tolerat.
1571 2102 2019 2184 Respondetur,
2069 2102 2185 2165 1100
2233 2102 2479 2167 00110οᾱ1
2527 2103 2730 2183 quoad
2779 2104 3023 2185 aliquas
3074 2106 3197 2187 opi-

736 2235 772 2268 «
805 2210 1016 2273 niones
1064 2205 1489 2289 particulareS,
1526 2204 1630 2267 sed
1660 2222 1783 2268 non
1822 2202 2027 2284 quoad
2059 2202 2235 2280 alias,
2276 2222 2435 2284 quae
2461 2203 2808 2269 doctrinam
2843 2208 3196 2290 generalem

734 2338 768 2370 «
803 2311 1139 2386 continent,
1174 2310 1249 2372 ut
1294 2308 1388 2372 est
1433 2307 1738 2371 sententia
1788 2306 2072 2389 benigna,
2107 2324 2264 2385 quae
2309 2306 2612 2387 importat
2646 2309 3013 2372 cunctarum
3061 2329 3199 2374 con-

735 2442 768 2473 «
804 2413 1205 2478 scientiarum
1229 2410 1628 2475 directionem
1653 2409 1814 2471 circa
1849 2426 2059 2472 omnes
2084 2407 2490 2489 particulares
2514 2424 2727 2485 casus;
2763 2409 2924 2474 unde
2958 2411 3013 2475 si
3037 2414 3198 2477 esset

733 2542 768 2574 «
799 2517 978 2592 falsa,
1015 2514 1286 2577 universi
1317 2512 1531 2596 populi
1561 2510 1884 2574 christiani
1921 2509 2195 2592 deceptio
2229 2509 2469 2572 invecta
2500 2508 2741 2575 fuisset.
2784 2511 2859 2576 D.
2894 2512 3197 2598 Augusti-

733 2645 769 2676 «
801 2637 918 2682 uus
957 2618 1020 2680 in
1052 2616 1229 2698 epist.
1270 2616 1414 2678 119.
1455 2613 1637 2676 dicit:
1681 2612 1967 2676 Ecclesia
2014 2611 2142 2675 Dei
2185 2611 2383 2674 onusta
2431 2611 2655 2675 tolerat
2690 2617 2751 2676 et
2787 2618 2993 2679 tamen
3040 2638 3197 2699 qnae

727 2747 768 2779 <c
800 2723 953 2783 sunt
994 2722 1212 2781 contra
1257 2717 1444 2795 fidem
1474 2719 1756 2778 sanctam
1792 2714 1884 2777 vel
1917 2714 2137 2777 bonam
2170 2715 2380 2788 vitam,
2415 2735 2525 2778 nec
2554 2716 2862 2795 approbat
2896 2738 3006 2782 nec
3043 2724 3203 2783 tacet

731 2847 768 2880 «
801 2840 912 2884 nec
934 2818 1106 2898 facit.
1128 2820 1288 2882 Item
1319 2818 1378 2880 d.
1406 2818 1677 2881 Thomas
1711 2818 1775 2880 111
1809 2816 2138 2896 Quodlibet
2168 2820 2227 2881 9.
2258 2837 2311 2880 a.
2346 2818 2468 2893 15„
2497 2820 2839 2900 expressius
2873 2821 2952 2885 ad
2983 2842 3198 2887 casum

731 2949 767 2981 «
799 2923 1085 2987 nostrum
1130 2921 1339 2985 docet:
1386 2918 1564 2999 Quod
1591 2921 1793 2999 vcryit
1829 2921 1895 2981 ‘in
1928 2937 2243 2981 conmczme
2267 2918 2644 2997 periculum,
2681 2940 2805 2984 non
2838 2927 2933 2985 est
2965 2923 3047 2986 ab
3080 2925 3201 2988 Ec-

727 3052 762 3084 «
795 3025 986 3089 alesia
1030 3021 1486 3088 sustinendum.
1524 3021 1650 3084 Sed
1677 3020 1965 3084 Ecclesia
2004 3021 2290 3084 sustinet.
2332 3020 2512 3101 Eryo
2552 3042 2677 3084 non
2716 3027 2809 3086 est
2838 3026 3201 3103 periculum

729 3153 762 3186 «
786 3127 1030 3207 peccati
1074 3124 1383 3190 mortalis,
1424 3122 1715 3188 Clamant
1761 3123 2098 3186 adversarii
2145 3142 2215 3186 ex
2264 3123 2529 3207 benigna
2592 3125 2897 3189 sententia
2946 3129 3199 3195 minam

728 3256 764 3290 «
797 3231 1074 3295 fidelium
1118 3246 1438 3304 emanare3
1489 3245 1633 3310 ergo
1683 3226 1734 3289 si
1783 3225 2051 3288 Ecclesia
2084 3243 2222 3288 eam
2260 3225 2545 3300 sustinet,
2579 3228 2693 3289 aut
2728 3226 3003 3293 Ecclesia
3029 3233 3198 3295 errat

730 3360 765 3391 «
807 3335 936 3406 aut,
979 3331 1030 3396 si
1079 3331 1326 3404 tolerat,
1369 3348 1489 3394 non
1530 3328 1704 3392 adest
1735 3327 1970 3410 peccati
2010 3325 2350 3408 periculum
2386 3352 2444 3387 ».

820 3461 852 3491 «
887 3432 1176 3497 Ceterum
1236 3430 1626 3495 Christianus
1674 3429 1888 3511 Lupus
1934 3427 2194 3492 eximius
2255 3426 2469 3491 doctor
2524 3429 2951 3512 professorque
3000 3432 3198 3498 Lova·

731 3562 765 3593 «
803 3536 1051 3608 niensis,
1100 3534 1235 3598 loco
1283 3552 1468 3615 supra
1508 3533 1612 3595 cit.
1664 3533 1751 3595 to.
1801 3533 1860 3594 9.
1911 3551 1970 3613 p.
2012 3532 2066 3593 1.
2108 3529 2251 3593 diss.
2310 3531 2364 3592 1.
2400 3549 2451 3592 0.
2493 3532 2569 3608 1.,
2612 3532 2800 3596 refert
2845 3534 2909 3597 et
2944 3537 3193 3617 probat,

731 3664 764 3694 «
798 3658 844 3701 s.
881 3637 1354 3719 Hieronymum,
1395 3633 1871 3708 Theodoretum‚
1907 3652 1956 3696 s.
1992 3631 2414 3714 Fulgentium,
2467 3652 2513 3697 s.
2554 3634 2979 3700 Alexandrum
3013 3639 3196 3704 alios-

729 3765 763 3796 «
796 3758 914 3820 que
975 3738 1180 3820 plures
1220 3757 1320 3819 pp.
1360 3736 1639 3800 docuisse
1686 3737 1751 3799 et
1797 3753 1942 3798 usos
1989 3733 2178 3797 fuisse
2225 3732 2617 3815 opinionibus
2655 3736 2862 3801 minus
2909 3740 3196 3821 probabi-

728 3867 762 3900 «
794 3841 978 3918 libus,
1013 3839 1353 3905 tutioribus
1379 3858 1449 3902 ac
1473 3836 1990 3921 probabilioribus
2017 3834 2260 3898 omissis
2286 3835 2349 3897 et
2371 3854 2503 3918 cap.
2538 3837 2598 3898 4.
2637 3838 2696 3898 5.
2736 3838 2800 3901 et
2832 3835 2892 3900 6.
2922 3843 3197 3907 ostendit

726 3970 760 4003 «
795 3944 994 4009 adhuc
1032 3961 1308 4008 summos
1341 3940 1671 4006 Pontifices
1711 3940 1774 4002 et
1806 3937 2141 4000 Ecclesiam
2166 3935 2540 4000 catholicam
2565 3956 2803 4021 semper
2834 3943 3193 4023 permisisse

725 4074 759 4106 «
792 4066 975 4111 usum
1025 4043 1382 4128 probabilis,
1424 4040 1825 4126 probabiliori
1856 4039 2090 4104 relicta.
2119 4038 2375 4120 Insuper
2405 4037 2558 4102 dicit
2593 4038 2782 4123 Moya
2820 4048 3067 4123 quaest.
3109 4067 3195 4112 se-

725 4175 760 4209 «
792 4150 932 4212 1001.
982 4167 1041 4228 q.
1093 4148 1175 4221 6.,
1226 4147 1507 4209 nostram
1553 4142 1926 4208 sententiam
1974 4140 2243 4204 tenuisse
2294 4138 2728 4204 universitates
2772 4160 3006 4222 omneS,
3057 4150 3196 4214 reli-

724 4277 758 4308 «
791 4251 1026 4334 giones,
1076 4247 1392 4330 episcopos
1441 4251 1504 4312 et
1550 4263 1827 4310 summos
1876 4244 2065 4308 etiam
2111 4242 2477 4319 Pontifices;
2513 4262 2658 4307 nam
2697 4245 2904 4326 plures
2942 4252 3193 4332 probati

728 4377 761 4410 «
796 4371 890 4415 aa.
933 4352 1265 4428 testantur,
1315 4350 1646 4415 Pontifices
1695 4347 1927 4431 pluries
1959 4349 2203 4411 secutos
2235 4364 2367 4409 esse
2415 4345 2766 4427 opinionem
2803 4349 3013 4415 minus
3053 4375 3190 4438 pro·

728 4479 762 4509 «
797 4453 1082 4529 habilem,
1125 4453 1488 4536 praesertim
1535 4450 1941 4534 dispensando
1988 4450 2053 4512 in
2084 4447 2485 4512 matrimonio
2524 4450 2663 4512 rato
2702 4454 2919 4516 contra
2952 4461 3195 4524 senten-

728 4583 761 4615 «
797 4558 952 4622 tiam
1014 4558 1071 4623 d.
1136 4560 1630 4632 Bonaventurae,
1693 4557 1864 4620 Scoti
1925 4558 1988 4619 et
2048 4572 2437 4619 communem
2506 4552 2942 4637 Scotistarum,
2999 4567 3191 4645 prout
