3529 5158
707 350 819 405 220
1175 362 1385 404 TRAcr.
1424 362 1489 403 11.
1527 363 1613 403 nn:
1650 360 2068 403 couscrmvrm.
2106 359 2305 401 carm·
2341 360 2405 400 11.
2445 359 2587 400 nun.
2628 359 2692 399 11.
3017 344 3164 419 [196]

789 485 825 519 «
855 459 984 524 Nec
1016 460 1186 523 valet
1231 460 1448 537 dicere,
1483 459 1650 541 quod
1686 457 1992 540 sequendo
2041 456 2370 540 benignam
2402 454 2793 527 sententiam,
2827 454 3018 517 etiam
3049 453 3159 518 dif-

700 587 734 621 «
767 561 1053 626 formitas
1087 560 1460 626 intercedere
1491 561 1715 643 potest,
1744 579 1886 623 cum
1918 558 2130 623 eadem
2155 558 2362 641 opinio
2388 557 2575 621 alicui
2600 556 2935 639 probabilis
2967 555 3159 620 videri

701 691 736 724 «
770 665 985 748 possit,
1038 665 1221 729 alteri
1276 665 1721 747 improbabilis.
1772 663 1830 727 N
1834 683 1911 728 on
1967 664 2232 747 negatur
2289 663 2403 727 hoc
2459 660 2728 725 accidere
2784 678 2996 743 posse;
3056 659 3158 723 sed

701 794 734 825 «
769 787 1009 851 semper
1034 787 1249 833 verum
1274 769 1411 845 erit,
1441 768 1606 850 quod
1630 787 1774 832 cum
1808 767 2015 848 aliqua
2043 766 2249 848 opinio
2282 765 2476 848 pollet
2499 764 2697 829 solida
2722 763 3160 847 probabilitate

702 895 736 927 «
770 870 834 935 et
865 871 1030 934 certo
1081 870 1261 954 gravi
1298 869 1699 936 fundamento
1739 870 1983 945 nititur,
2017 870 2151 951 ipsa
2201 867 2364 951 apud
2402 868 2737 932 maximam
2784 866 3027 949 partem
3063 886 3161 929 sa-

702 995 738 1030 «
772 971 1050 1053 pientum
1091 972 1428 1054 probabilis
1459 972 1945 1047 existimabitur;
1986 971 2169 1054 idque
2199 971 2327 1036 iam
2359 971 2512 1034 satis
2544 970 2664 1034 erit
2695 968 2772 1033 ad
2803 986 3164 1034 conservan-

703 1098 738 1131 «
772 1072 918 1136 dam
944 1074 1358 1138 universalem
1383 1075 1878 1139 uniformitatem
1903 1073 2329 1139 observantiae
2351 1073 2529 1157 legis,
2546 1091 2670 1136 non
2697 1071 2983 1136 obstante
2999 1068 3164 1152 quod

704 1199 739 1233 «
774 1175 932 1256 apud
971 1175 1244 1257 aliquem
1268 1176 1708 1258 particularem
1734 1177 1843 1240 illa
1875 1195 1997 1241 non
2024 1176 2107 1239 sit
2145 1175 2508 1259 probabilis3
2541 1174 2606 1238 id
2636 1174 2800 1238 enim
2825 1172 2990 1255 quod
3022 1190 3161 1237 raro

706 1300 739 1333 «
775 1275 1016 1354 accidit,
1052 1277 1464 1341 universalem
1495 1278 1988 1344 uniformitatem
2016 1298 2140 1344 non
2180 1278 2400 1342 aufert.
2434 1278 2571 1343 Hoc
2602 1277 2810 1341 tamen
2843 1277 3006 1339 certe
3042 1293 3164 1338 non

705 1400 741 1435 «ι
773 1378 977 1441 evenit
1000 1378 1158 1441 circa
1186 1380 1681 1444 aestimationem
1705 1380 2064 1462 opinionum
2082 1380 2593 1462 probabiliorum3
2621 1379 2788 1461 quia,
2806 1398 2950 1442 cum
2966 1377 3165 1442 maior

706 1503 742 1537 «
776 1479 873 1542 vel
909 1479 1112 1543 minor
1159 1498 1371 1545 earum
1410 1482 1815 1563 probabilitas
1863 1482 2124 1565 pendeat
2170 1502 2205 1545 a
2251 1482 2592 1546 moralibus
2638 1481 2913 1557 motiviS,
2949 1499 3163 1562 nempe

708 1606 742 1638 «
776 1599 812 1643 a
843 1581 1070 1646 iudicio
1104 1584 1168 1646 et
1197 1583 1636 1665 ponderatione
1668 1584 2004 1659 rationum,
2039 1603 2194 1666 quas
2227 1584 2337 1647 alii
2382 1583 2693 1648 deducunt
2730 1603 2800 1647 ex
2846 1601 2973 1646 uno
3007 1581 3166 1665 prin-

708 1709 742 1740 «
776 1684 955 1767 cipio,
996 1684 1103 1748 alii
1152 1704 1224 1750 ex
1272 1686 1416 1761 alio,
1451 1705 1572 1751 non
1605 1705 1745 1750 raro
1780 1686 1885 1751 sed
1917 1687 2327 1751 communiter
2359 1685 2599 1762 accidit,
2640 1686 2805 1767 quod
2851 1704 3012 1767 quae
3057 1684 3164 1748 uni

708 1810 743 1843 «
777 1788 872 1850 est
901 1788 1185 1865 validior,
1228 1789 1409 1854 alteri
1439 1789 1697 1854 debilior
1735 1790 1993 1872 apparet
2023 1814 2083 1852 ».

1896 1995 1971 2059 V.

1503 2132 1870 2213 Emponitur
1915 2132 2079 2195 ratio
2126 2136 2373 2215 quarta.

1093 2320 1276 2401 Quia,
1310 2322 1442 2385 nisi
1478 2319 1689 2385 licitus
1721 2324 1882 2386 esset
1909 2341 2065 2385 usus
2104 2320 2407 2403 bem'ynae
2434 2341 2538 2384 sen
2550 2322 2775 2384 tentiae

933 2424 1184 2486 omn-ino
1237 2422 1598 2487 turbaretur
1634 2423 1784 2487 ordo
1818 2422 2067 2487 obedien
2078 2424 2199 2486 tiae
2227 2423 2655 2503 superioribus
2684 2422 2943 2487 debitae.

803 2641 836 2674 «
876 2615 1101 2679 Omnes
1149 2615 1428 2698 theologi
1475 2615 1607 2677 tam
1654 2615 1926 2678 recentes
1973 2633 2165 2695 quam
2213 2613 2454 2695 antiqui
2493 2613 2731 2690 docent,
2782 2614 2846 2676 'm
2894 2613 3170 2678 obscuris

717 2743 752 2774 «
790 2736 922 2781 esse
971 2715 1377 2781 obediendum
1424 2716 1864 2797 superioribus,
1914 2716 2022 2778 ubi
2071 2735 2192 2779 non
2241 2717 2337 2779 est
2382 2716 2620 2779 certum
2667 2717 3034 2798 peccatum:
3083 2717 3171 2780 ita

713 2844 747 2877 «ι
781 2839 829 2882 s.
856 2819 1298 2883 Bonaventura
1329 2819 1392 2881 in
1421 2819 1482 2881 2.
1516 2817 1575 2881 d.
1610 2818 1712 2881 39.
1753 2837 1808 2880 a.
1840 2818 1896 2880 1.
1931 2836 2034 2899 qu.
2062 2818 2121 2880 3.
2151 2816 2387 2882 Gerson
2421 2817 2495 2879 de
2518 2815 2691 2881 Poll.
2726 2820 2884 2880 noct.
2912 2836 3079 2882 cons,
3107 2818 3165 2881 3.

713 2947 747 2978 «
773 2921 844 2985 N
846 2922 994 3006 yder
1016 2922 1086 2983 in
1119 2918 1433 2984 Consolat.
1460 2941 1518 3003 p.
1561 2921 1620 2983 3.
1656 2939 1788 3002 cap.
1835 2920 1959 2996 17„
1993 2919 2100 2982 ubi
2139 2919 2295 2983 citat
2325 2919 2675 3005 Raymund.
2694 2921 2758 2983 et
2788 2919 2982 2983 Henr.
3009 2919 3171 2984 Gan·

713 3050 747 3084 «
781 3025 948 3089 dens,
985 3024 1320 3088 Halensem
1352 3043 1411 3106 p.
1448 3025 1507 3086 2.
1543 3042 1601 3104 q.
1634 3023 1780 3086 121.
1815 3022 2071 3086 membr.
2095 3023 2154 3086 3.
2184 3041 2239 3086 a.
2270 3024 2329 3086 2.
2365 3024 2428 3086 et
2459 3024 2545 3086 sic
2582 3022 2928 3087 docuerunt
2959 3041 3170 3088 omnes

714 3153 748 3185 «
782 3126 987 3209 quide
1019 3127 1136 3190 hac
1172 3145 1237 3190 re
1275 3126 1554 3210 egerunt.
1596 3126 1696 3189 Ita
1743 3125 1934 3189 etiam
1982 3143 2191 3189 omnes
2238 3125 2537 3208 mysticae
2583 3124 2937 3209 theologiae
2976 3125 3172 3210 magi·

715 3255 751 3288 «
785 3230 900 3294 stri
947 3248 1091 3293 cum
1139 3248 1188 3292 s,
1229 3229 1479 3313 Ignatio
1503 3227 1740 3312 Loyola
1789 3228 1859 3288 in
1891 3227 2066 3306 em'st.
2108 3225 2183 3289 de
2233 3226 2390 3290 Vv'rt.
2424 3224 2617 3300 obed„
2642 3227 2777 3290 ubi:
2819 3226 2947 3290 Est
2976 3227 3174 3309 igitur

713 3358 748 3390 «
781 3332 929 3396 haee
946 3333 1112 3395 ratio
1135 3329 1510 3395 subiiciendi
1525 3330 1783 3410 promi
1809 3328 2052 3402 iudicii,
2078 3349 2205 3392 non
2235 3327 2435 3393 solum
2466 3330 2704 3393 sanetis
2734 3330 2893 3392 m‘ris
2916 3331 3175 3404 usitata,

716 3461 746 3491 «
783 3434 896 3497 sed
915 3436 1104 3496 etiam
1125 3431 1437 3512 perfectae
1468 3431 1849 3496 obedientiae
1880 3431 2178 3495 studiosis
2201 3429 2531 3508 imitanda,
2566 3430 2853 3495 ommbus
2890 3433 2960 3494 in
2993 3433 3177 3496 rebus

718 3563 751 3593 «
786 3556 944 3616 quae
968 3555 1106 3597 cum
1123 3538 1371 3614 peceato
1395 3532 1725 3613 manifesto
1749 3536 2112 3598 coniunctae
2148 3554 2273 3596 non
2306 3537 2471 3596 sunt.
2508 3521 2820 3598 Audiatu‘r
2851 3536 3174 3619 praecipue

715 3663 748 3694 «
782 3637 840 3700 d.
882 3636 1236 3701 Bernardus
1282 3635 1357 3700 de
1393 3635 1724 3716 Praecept.
1760 3641 1823 3700 et
1864 3635 2161 3716 Dispens,
2211 3656 2261 3701 c.
2312 3638 2450 3699 12.:
2509 3635 2833 3718 Quidquid
2874 3638 3002 3700 viee
3047 3636 3175 3702 Dei

715 3765 748 3796 «
772 3740 1088 3819 praecipit
1129 3737 1325 3813 homo,
1387 3739 1554 3821 quod
1595 3759 1722 3803 non
1774 3741 1863 3802 sit
1913 3743 2147 3802 eertum
2201 3737 2527 3818 displicere
2583 3736 2741 3812 Dec,
2796 3737 2971 3801 haud
3002 3757 3175 3804 secu-s

716 3867 750 3899 «
784 3843 1035 3906 omnino
1079 3842 1507 3922 aeeifflendum
1553 3846 1663 3916 est,
1705 3862 1893 3923 quam-
1924 3843 1983 3904 εἰ
2003 3841 2363 3922 praecipiat
2390 3839 2587 3905 Deus.
2620 3841 2853 3905 Deinde
2877 3841 2996 3906 sibi
3029 3842 3176 3907 obii·

716 3970 749 4004 «
784 3946 896 4010 cit:
939 3943 1068 4009 Sed
1109 3944 1386 4009 homines
1429 3943 1615 4024 facile
1645 3942 1794 4023 falli
1820 3948 2103 4024 possvmt.
2139 3945 2221 4008 Et
2251 3943 2611 4027 respondet:
2648 3943 2776 4007 Sed
2802 3945 2989 4017 enim,
3024 3943 3178 4025 quid

715 4075 748 4106 «
781 4047 891 4112 hoc
922 4047 1118 4128 refert
1163 4053 1289 4122 tua,
1328 4049 1440 4130 qui
1467 4049 1749 4113 conscius
1794 4068 1921 4110 non.
1952 4047 2065 4112 es?
2082 4048 2463 4127 praesertim
2493 4067 2628 4109 cum
2658 4050 2866 4110 teneas
2897 4045 2972 4109 de
3011 4047 3173 4110 Scri-

715 4176 748 4208 «
771 4153 1007 4230 pturis,
1040 4151 1188 4231 quia
1223 4149 1396 4214 labia
1441 4150 1782 4214 sacerdotis
1827 4150 2185 4215 mtstodiunt
2226 4150 2549 4213 scientia-m
2598 4149 2758 4212 eta?
2788 4149 3011 4229 Ipsum
3031 4169 3174 4230 pro-

719 4278 750 4310 «
787 4252 954 4324 inde,
994 4271 1174 4332 quem
1197 4272 1317 4330 pro
1341 4250 1478 4316 Deo
1502 4253 1817 4326 habemus,
1847 4257 2147 4333 tanquam
2176 4251 2383 4316 Deum
2422 4253 2491 4314 m
2528 4250 2647 4325 his,
2680 4271 2838 4332 quae
2870 4271 2996 4314 non
3028 4254 3178 4316 sunt

716 4381 750 4412 ⁴1(
782 4358 995 4434 aperte
1040 4359 1257 4418 eontra
1296 4356 1522 4430 Deum,
1560 4357 1785 4420 audire
1818 4357 2120 4420 debemus.
2161 4358 2321 4420 Item
2359 4356 2481 4420 Leo
2522 4356 2599 4420 X.
2634 4356 2737 4438 (ut
2773 4357 2961 4420 refert
2991 4356 3175 4422 Casa-

715 4483 749 4514 «
789 4457 1002 4520 rubius
1041 4478 1099 4521 v,
1141 4456 1488 4523 Declarare
1535 4480 1594 4524 n.
1637 4461 1697 4523 4.
1749 4461 1812 4524 et
1859 4461 1950 4544 5.)
1998 4459 2297 4524 concessit
2341 4459 2639 4523 fratribus
2684 4460 3050 4538 minoribuS‚
3099 4462 3170 4524 ut

715 4584 748 4616 «
781 4558 1023 4642 possint
1068 4560 1129 4623 in
1180 4561 1462 4626 omnibus
1510 4561 1714 4626 dubiis
1761 4581 1973 4626 secura
2021 4561 2393 4626 conscientia
2442 4563 2606 4625 stare
2668 4560 3165 4626 determinationi
