<?xml version="1.0" encoding="UTF-8"?>
<!DOCTYPE html PUBLIC "-//W3C//DTD XHTML 1.0 Transitional//EN"
    "http://www.w3.org/TR/xhtml1/DTD/xhtml1-transitional.dtd">
<html xmlns="http://www.w3.org/1999/xhtml" xml:lang="en" lang="en">
 <head>
  <title>
</title>
<meta http-equiv="Content-Type" content="text/html;charset=utf-8" />
  <meta name='ocr-system' content='tesseract 3.04.00' />
  <meta name='ocr-capabilities' content='ocr_page ocr_carea ocr_par ocr_line ocrx_word'/>
</head>
<body>
  <div class='ocr_page' id='page_1' title='image "./opustheologicum00palmgoog_0577.png"; bbox 0 0 3529 5158; ppageno 0'>
   <div class='ocr_carea' id='block_1_1' title="bbox 730 338 3200 408">
    <p class='ocr_par' dir='ltr' id='par_1_1' title="bbox 730 338 3200 408">
     <span class='ocr_line' id='line_1_1' title="bbox 730 338 3200 408; baseline -0.002 -11"><span class='ocrx_word' id='word_1_1' title='bbox 730 343 840 397; x_wconf 72' lang='grc'>484</span> <span class='ocrx_word' id='word_1_2' title='bbox 1126 353 1339 406; x_wconf 58' lang='lat' dir='ltr'>rarior.</span> <span class='ocrx_word' id='word_1_3' title='bbox 1379 355 1459 395; x_wconf 82' lang='grc' dir='ltr'>ιν.</span> <span class='ocrx_word' id='word_1_4' title='bbox 1493 353 1580 393; x_wconf 73' lang='lat' dir='ltr'>nn</span> <span class='ocrx_word' id='word_1_5' title='bbox 1615 352 1923 395; x_wconf 69' lang='lat' dir='ltr'>moeurs.</span> <span class='ocrx_word' id='word_1_6' title='bbox 1960 353 2158 396; x_wconf 65' lang='lat' dir='ltr'>cunr</span> <span class='ocrx_word' id='word_1_7' title='bbox 2193 354 2234 396; x_wconf 87' lang='lat'>1.</span> <span class='ocrx_word' id='word_1_8' title='bbox 2272 353 2416 397; x_wconf 77' lang='lat' dir='ltr'>nnn.</span> <span class='ocrx_word' id='word_1_9' title='bbox 2457 354 2524 395; x_wconf 87' lang='grc'>11.</span> <span class='ocrx_word' id='word_1_10' title='bbox 2562 354 2703 394; x_wconf 64' lang='lat' dir='ltr'>aar.</span> <span class='ocrx_word' id='word_1_11' title='bbox 2741 354 2780 393; x_wconf 86' lang='lat'>1.</span> <span class='ocrx_word' id='word_1_12' title='bbox 3039 338 3200 408; x_wconf 83' lang='grc'>[522]</span> 
     </span>
    </p>
   </div>
   <div class='ocr_carea' id='block_1_2' title="bbox 704 447 3203 4638">
    <p class='ocr_par' dir='ltr' id='par_1_2' title="bbox 718 447 3203 2568">
     <span class='ocr_line' id='line_1_2' title="bbox 821 447 3199 533; baseline -0.003 -15"><span class='ocrx_word' id='word_1_13' title='bbox 821 455 905 518; x_wconf 86' lang='lat' dir='ltr'>Et</span> <span class='ocrx_word' id='word_1_14' title='bbox 946 454 1253 518; x_wconf 87' lang='lat' dir='ltr'>rationem</span> <span class='ocrx_word' id='word_1_15' title='bbox 1296 469 1442 516; x_wconf 88' lang='lat' dir='ltr'>mox</span> <span class='ocrx_word' id='word_1_16' title='bbox 1471 451 1560 516; x_wconf 91' lang='lat' dir='ltr'>sic</span> <span class='ocrx_word' id='word_1_17' title='bbox 1586 449 1793 515; x_wconf 80' lang='lat' dir='ltr'><strong>reddit</strong></span> <span class='ocrx_word' id='word_1_18' title='bbox 1819 449 1999 514; x_wconf 88' lang='lat' dir='ltr'>ibid.:</span> <span class='ocrx_word' id='word_1_19' title='bbox 2029 475 2065 508; x_wconf 81' lang='lat'>«</span> <span class='ocrx_word' id='word_1_20' title='bbox 2096 450 2186 515; x_wconf 86' lang='lat' dir='ltr'>At</span> <span class='ocrx_word' id='word_1_21' title='bbox 2212 469 2310 516; x_wconf 91' lang='lat' dir='ltr'>res</span> <span class='ocrx_word' id='word_1_22' title='bbox 2356 449 2717 533; x_wconf 89' lang='lat' dir='ltr'>posterioris</span> <span class='ocrx_word' id='word_1_23' title='bbox 2754 447 2998 533; x_wconf 90' lang='lat' dir='ltr'>generis</span> <span class='ocrx_word' id='word_1_24' title='bbox 3051 449 3199 511; x_wconf 88' lang='lat' dir='ltr'>sunt</span> 
     </span>
     <span class='ocr_line' id='line_1_3' title="bbox 728 548 3194 637; baseline -0.004 -17"><span class='ocrx_word' id='word_1_25' title='bbox 728 557 1055 620; x_wconf 88' lang='lat' dir='ltr'>intrinsece</span> <span class='ocrx_word' id='word_1_26' title='bbox 1077 556 1142 618; x_wconf 90' lang='lat' dir='ltr'>et</span> <span class='ocrx_word' id='word_1_27' title='bbox 1163 556 1384 637; x_wconf 83' lang='lat' dir='ltr'>suapte</span> <span class='ocrx_word' id='word_1_28' title='bbox 1407 555 1634 618; x_wconf 88' lang='lat' dir='ltr'>natura</span> <span class='ocrx_word' id='word_1_29' title='bbox 1654 552 1859 617; x_wconf 88' lang='lat' dir='ltr'>malae</span> <span class='ocrx_word' id='word_1_30' title='bbox 1883 571 1957 616; x_wconf 89' lang='lat' dir='ltr'>ac</span> <span class='ocrx_word' id='word_1_31' title='bbox 1980 552 2234 635; x_wconf 83' lang='lat' dir='ltr'>proinde</span> <span class='ocrx_word' id='word_1_32' title='bbox 2255 553 2490 634; x_wconf 83' lang='lat' dir='ltr'>absque</span> <span class='ocrx_word' id='word_1_33' title='bbox 2512 572 2631 617; x_wconf 88' lang='lat' dir='ltr'>sua</span> <span class='ocrx_word' id='word_1_34' title='bbox 2651 550 2900 615; x_wconf 82' lang='lat' dir='ltr'>malitia</span> <span class='ocrx_word' id='word_1_35' title='bbox 2921 548 3194 632; x_wconf 85' lang='lat' dir='ltr'>intelligi</span> 
     </span>
     <span class='ocr_line' id='line_1_4' title="bbox 730 650 3198 739; baseline -0.003 -17"><span class='ocrx_word' id='word_1_36' title='bbox 730 659 1044 739; x_wconf 88' lang='lat' dir='ltr'>nequeunt</span> <span class='ocrx_word' id='word_1_37' title='bbox 1072 659 1137 719; x_wconf 90' lang='lat' dir='ltr'>et</span> <span class='ocrx_word' id='word_1_38' title='bbox 1165 655 1438 720; x_wconf 92' lang='lat' dir='ltr'>conditio</span> <span class='ocrx_word' id='word_1_39' title='bbox 1469 655 1580 719; x_wconf 86' lang='lat' dir='ltr'>illa</span> <span class='ocrx_word' id='word_1_40' title='bbox 1626 672 1860 736; x_wconf 87' lang='lat' dir='ltr'>negans</span> <span class='ocrx_word' id='word_1_41' title='bbox 1896 654 2164 719; x_wconf 83' lang='lat' dir='ltr'>involvit</span> <span class='ocrx_word' id='word_1_42' title='bbox 2206 654 2778 719; x_wconf 78' lang='lat' dir='ltr'>contradictionem.</span> <span class='ocrx_word' id='word_1_43' title='bbox 2814 650 3024 732; x_wconf 82' lang='lat' dir='ltr'>Quare</span> <span class='ocrx_word' id='word_1_44' title='bbox 3055 669 3198 715; x_wconf 91' lang='lat' dir='ltr'>cum</span> 
     </span>
     <span class='ocr_line' id='line_1_5' title="bbox 728 753 3201 839; baseline -0.004 -14"><span class='ocrx_word' id='word_1_45' title='bbox 728 761 1020 825; x_wconf 85' lang='lat' dir='ltr'>voluntas</span> <span class='ocrx_word' id='word_1_46' title='bbox 1065 757 1372 823; x_wconf 73' lang='lat' dir='ltr'>desiderio</span> <span class='ocrx_word' id='word_1_47' title='bbox 1418 757 1660 839; x_wconf 74' lang='lat' dir='ltr'>efficaci</span> <span class='ocrx_word' id='word_1_48' title='bbox 1688 757 1751 819; x_wconf 89' lang='lat' dir='ltr'>in</span> <span class='ocrx_word' id='word_1_49' title='bbox 1799 756 1970 820; x_wconf 87' lang='lat' dir='ltr'>illius</span> <span class='ocrx_word' id='word_1_50' title='bbox 2002 757 2181 821; x_wconf 87' lang='lat' dir='ltr'>actus</span> <span class='ocrx_word' id='word_1_51' title='bbox 2210 756 2629 821; x_wconf 73' lang='lat' dir='ltr'>substantiam</span> <span class='ocrx_word' id='word_1_52' title='bbox 2675 753 2938 831; x_wconf 86' lang='lat' dir='ltr'>feratur,</span> <span class='ocrx_word' id='word_1_53' title='bbox 2975 753 3042 816; x_wconf 90' lang='lat' dir='ltr'>in</span> <span class='ocrx_word' id='word_1_54' title='bbox 3073 771 3201 834; x_wconf 87' lang='lat' dir='ltr'>qua</span> 
     </span>
     <span class='ocr_line' id='line_1_6' title="bbox 726 856 3203 942; baseline -0.004 -15"><span class='ocrx_word' id='word_1_55' title='bbox 726 862 972 927; x_wconf 88' lang='lat' dir='ltr'>malitia</span> <span class='ocrx_word' id='word_1_56' title='bbox 1017 862 1304 927; x_wconf 84' lang='lat' dir='ltr'>imbibita</span> <span class='ocrx_word' id='word_1_57' title='bbox 1336 865 1432 926; x_wconf 87' lang='lat' dir='ltr'>est</span> <span class='ocrx_word' id='word_1_58' title='bbox 1477 879 1587 924; x_wconf 91' lang='lat' dir='ltr'>nec</span> <span class='ocrx_word' id='word_1_59' title='bbox 1618 860 1696 923; x_wconf 90' lang='lat' dir='ltr'>ab</span> <span class='ocrx_word' id='word_1_60' title='bbox 1727 858 1839 923; x_wconf 91' lang='lat' dir='ltr'>illo</span> <span class='ocrx_word' id='word_1_61' title='bbox 1877 860 2151 941; x_wconf 88' lang='lat' dir='ltr'>separari</span> <span class='ocrx_word' id='word_1_62' title='bbox 2181 859 2409 942; x_wconf 57' lang='lat' dir='ltr'>potest„</span> <span class='ocrx_word' id='word_1_63' title='bbox 2441 858 2641 923; x_wconf 87' lang='lat' dir='ltr'>fertur</span> <span class='ocrx_word' id='word_1_64' title='bbox 2677 858 2741 921; x_wconf 92' lang='lat' dir='ltr'>in</span> <span class='ocrx_word' id='word_1_65' title='bbox 2790 875 2921 920; x_wconf 92' lang='lat' dir='ltr'>rem</span> <span class='ocrx_word' id='word_1_66' title='bbox 2959 856 3203 919; x_wconf 87' lang='lat' dir='ltr'>morta·</span> 
     </span>
     <span class='ocr_line' id='line_1_7' title="bbox 726 957 3201 1047; baseline -0.004 -18"><span class='ocrx_word' id='word_1_67' title='bbox 726 965 871 1030; x_wconf 90' lang='lat' dir='ltr'>liter</span> <span class='ocrx_word' id='word_1_68' title='bbox 914 965 1147 1029; x_wconf 91' lang='lat' dir='ltr'>malam</span> <span class='ocrx_word' id='word_1_69' title='bbox 1179 984 1251 1028; x_wconf 87' lang='lat' dir='ltr'>ac</span> <span class='ocrx_word' id='word_1_70' title='bbox 1281 963 1535 1047; x_wconf 87' lang='lat' dir='ltr'>proinde</span> <span class='ocrx_word' id='word_1_71' title='bbox 1580 962 1932 1026; x_wconf 81' lang='lat' dir='ltr'>mortaliter</span> <span class='ocrx_word' id='word_1_72' title='bbox 1962 962 2258 1044; x_wconf 84' lang='lat' dir='ltr'>peccabit.</span> <span class='ocrx_word' id='word_1_73' title='bbox 2293 961 2375 1025; x_wconf 85' lang='lat' dir='ltr'>Et</span> <span class='ocrx_word' id='word_1_74' title='bbox 2419 960 2848 1037; x_wconf 87' lang='lat' dir='ltr'>confirmatur,</span> <span class='ocrx_word' id='word_1_75' title='bbox 2882 957 3036 1040; x_wconf 88' lang='lat' dir='ltr'>quia</span> <span class='ocrx_word' id='word_1_76' title='bbox 3082 957 3201 1020; x_wconf 91' lang='lat' dir='ltr'>hoc</span> 
     </span>
     <span class='ocr_line' id='line_1_8' title="bbox 728 1062 3199 1147; baseline -0.004 -15"><span class='ocrx_word' id='word_1_77' title='bbox 728 1067 883 1132; x_wconf 89' lang='lat' dir='ltr'>nihil</span> <span class='ocrx_word' id='word_1_78' title='bbox 928 1067 1099 1131; x_wconf 90' lang='lat' dir='ltr'>aliud</span> <span class='ocrx_word' id='word_1_79' title='bbox 1146 1070 1260 1143; x_wconf 90' lang='lat' dir='ltr'>est,</span> <span class='ocrx_word' id='word_1_80' title='bbox 1294 1083 1484 1147; x_wconf 88' lang='lat' dir='ltr'>quam</span> <span class='ocrx_word' id='word_1_81' title='bbox 1531 1066 1706 1141; x_wconf 90' lang='lat' dir='ltr'>velle,</span> <span class='ocrx_word' id='word_1_82' title='bbox 1750 1066 1826 1128; x_wconf 92' lang='lat' dir='ltr'>ut</span> <span class='ocrx_word' id='word_1_83' title='bbox 1868 1064 2002 1129; x_wconf 88' lang='lat' dir='ltr'>iure</span> <span class='ocrx_word' id='word_1_84' title='bbox 2049 1065 2310 1129; x_wconf 86' lang='lat' dir='ltr'>naturae</span> <span class='ocrx_word' id='word_1_85' title='bbox 2359 1064 2554 1128; x_wconf 89' lang='lat' dir='ltr'>vetita</span> <span class='ocrx_word' id='word_1_86' title='bbox 2600 1063 2832 1127; x_wconf 88' lang='lat' dir='ltr'>liceant</span> <span class='ocrx_word' id='word_1_87' title='bbox 2877 1062 2942 1125; x_wconf 89' lang='lat' dir='ltr'>et</span> <span class='ocrx_word' id='word_1_88' title='bbox 2989 1079 3199 1124; x_wconf 88' lang='lat' dir='ltr'>rerum</span> 
     </span>
     <span class='ocr_line' id='line_1_9' title="bbox 727 1165 3201 1250; baseline -0.003 -17"><span class='ocrx_word' id='word_1_89' title='bbox 727 1171 988 1233; x_wconf 86' lang='lat' dir='ltr'>naturae</span> <span class='ocrx_word' id='word_1_90' title='bbox 1030 1169 1460 1244; x_wconf 84' lang='lat' dir='ltr'>immutentur,</span> <span class='ocrx_word' id='word_1_91' title='bbox 1494 1168 1660 1250; x_wconf 90' lang='lat' dir='ltr'>quod</span> <span class='ocrx_word' id='word_1_92' title='bbox 1691 1170 1790 1232; x_wconf 89' lang='lat' dir='ltr'>est</span> <span class='ocrx_word' id='word_1_93' title='bbox 1816 1167 1883 1231; x_wconf 93' lang='lat' dir='ltr'>in</span> <span class='ocrx_word' id='word_1_94' title='bbox 1913 1168 2136 1233; x_wconf 89' lang='lat' dir='ltr'>maiori</span> <span class='ocrx_word' id='word_1_95' title='bbox 2175 1168 2343 1232; x_wconf 90' lang='lat' dir='ltr'>malo</span> <span class='ocrx_word' id='word_1_96' title='bbox 2381 1168 2783 1250; x_wconf 87' lang='lat' dir='ltr'>complacere,</span> <span class='ocrx_word' id='word_1_97' title='bbox 2817 1184 3014 1248; x_wconf 90' lang='lat' dir='ltr'>quam</span> <span class='ocrx_word' id='word_1_98' title='bbox 3050 1165 3201 1227; x_wconf 90' lang='lat' dir='ltr'>sunt</span> 
     </span>
     <span class='ocr_line' id='line_1_10' title="bbox 725 1267 3196 1354; baseline -0.002 -20"><span class='ocrx_word' id='word_1_99' title='bbox 725 1271 1129 1336; x_wconf 84' lang='lat' dir='ltr'>homicidium</span> <span class='ocrx_word' id='word_1_100' title='bbox 1161 1270 1259 1334; x_wconf 88' lang='lat' dir='ltr'>vel</span> <span class='ocrx_word' id='word_1_101' title='bbox 1290 1270 1617 1334; x_wconf 84' lang='lat' dir='ltr'>fornicatio</span> <span class='ocrx_word' id='word_1_102' title='bbox 1649 1270 1840 1334; x_wconf 92' lang='lat' dir='ltr'>semel</span> <span class='ocrx_word' id='word_1_103' title='bbox 1875 1269 2240 1346; x_wconf 83' lang='lat' dir='ltr'>commissa3</span> <span class='ocrx_word' id='word_1_104' title='bbox 2276 1271 2451 1354; x_wconf 90' lang='lat' dir='ltr'>peius</span> <span class='ocrx_word' id='word_1_105' title='bbox 2483 1270 2648 1334; x_wconf 91' lang='lat' dir='ltr'>enim</span> <span class='ocrx_word' id='word_1_106' title='bbox 2681 1272 2777 1334; x_wconf 88' lang='lat' dir='ltr'>est</span> <span class='ocrx_word' id='word_1_107' title='bbox 2806 1269 2961 1332; x_wconf 89' lang='lat' dir='ltr'>haec</span> <span class='ocrx_word' id='word_1_108' title='bbox 2991 1267 3196 1344; x_wconf 88' lang='lat' dir='ltr'>licere,</span> 
     </span>
     <span class='ocr_line' id='line_1_11' title="bbox 724 1371 3197 1456; baseline -0.003 -17"><span class='ocrx_word' id='word_1_109' title='bbox 724 1393 915 1456; x_wconf 83' lang='lat' dir='ltr'>quam</span> <span class='ocrx_word' id='word_1_110' title='bbox 961 1373 1152 1439; x_wconf 88' lang='lat' dir='ltr'>semel</span> <span class='ocrx_word' id='word_1_111' title='bbox 1180 1371 1510 1438; x_wconf 86' lang='lat' dir='ltr'>committi.</span> <span class='ocrx_word' id='word_1_112' title='bbox 1544 1371 1819 1436; x_wconf 84' lang='lat' dir='ltr'>Tandem</span> <span class='ocrx_word' id='word_1_113' title='bbox 1850 1371 2001 1453; x_wconf 88' lang='lat' dir='ltr'>quia</span> <span class='ocrx_word' id='word_1_114' title='bbox 2029 1391 2208 1437; x_wconf 89' lang='lat' dir='ltr'>nemo</span> <span class='ocrx_word' id='word_1_115' title='bbox 2241 1371 2574 1450; x_wconf 85' lang='lat' dir='ltr'>dubitabit,</span> <span class='ocrx_word' id='word_1_116' title='bbox 2607 1371 2774 1436; x_wconf 92' lang='lat' dir='ltr'>hunc</span> <span class='ocrx_word' id='word_1_117' title='bbox 2815 1371 3032 1435; x_wconf 87' lang='lat' dir='ltr'>actum</span> <span class='ocrx_word' id='word_1_118' title='bbox 3065 1387 3197 1433; x_wconf 89' lang='lat' dir='ltr'>esse</span> 
     </span>
     <span class='ocr_line' id='line_1_12' title="bbox 725 1473 3198 1559; baseline -0.002 -18"><span class='ocrx_word' id='word_1_119' title='bbox 725 1477 973 1559; x_wconf 87' lang='lat' dir='ltr'>culpam</span> <span class='ocrx_word' id='word_1_120' title='bbox 1017 1475 1302 1551; x_wconf 87' lang='lat' dir='ltr'>letalem;</span> <span class='ocrx_word' id='word_1_121' title='bbox 1334 1476 1395 1539; x_wconf 80' lang='lat' dir='ltr'>si</span> <span class='ocrx_word' id='word_1_122' title='bbox 1439 1477 1598 1540; x_wconf 78' lang='lat' dir='ltr'>essct</span> <span class='ocrx_word' id='word_1_123' title='bbox 1627 1473 1890 1548; x_wconf 70' lang='lat' dir='ltr'>licitum,</span> <span class='ocrx_word' id='word_1_124' title='bbox 1921 1473 2304 1540; x_wconf 68' lang='lat' dir='ltr'>destruerem</span> <span class='ocrx_word' id='word_1_125' title='bbox 2338 1474 2588 1552; x_wconf 80' lang='lat' dir='ltr'>Deum‚·</span> <span class='ocrx_word' id='word_1_126' title='bbox 2620 1493 2764 1539; x_wconf 91' lang='lat' dir='ltr'>cum</span> <span class='ocrx_word' id='word_1_127' title='bbox 2805 1476 3019 1538; x_wconf 85' lang='lat' dir='ltr'>tamen</span> <span class='ocrx_word' id='word_1_128' title='bbox 3060 1491 3198 1536; x_wconf 93' lang='lat' dir='ltr'>con-</span> 
     </span>
     <span class='ocr_line' id='line_1_13' title="bbox 725 1575 3196 1662; baseline -0.002 -19"><span class='ocrx_word' id='word_1_129' title='bbox 725 1579 880 1643; x_wconf 91' lang='lat' dir='ltr'>ditio</span> <span class='ocrx_word' id='word_1_130' title='bbox 911 1580 1217 1644; x_wconf 90' lang='lat' dir='ltr'>rationem</span> <span class='ocrx_word' id='word_1_131' title='bbox 1245 1578 1526 1642; x_wconf 88' lang='lat' dir='ltr'>malitiae</span> <span class='ocrx_word' id='word_1_132' title='bbox 1558 1576 1798 1642; x_wconf 89' lang='lat' dir='ltr'>auferre</span> <span class='ocrx_word' id='word_1_133' title='bbox 1831 1577 2179 1642; x_wconf 87' lang='lat' dir='ltr'>videatur...</span> <span class='ocrx_word' id='word_1_134' title='bbox 2219 1578 2278 1641; x_wconf 95' lang='lat' dir='ltr'>N</span> <span class='ocrx_word' id='word_1_135' title='bbox 2280 1598 2349 1644; x_wconf 87' lang='lat' dir='ltr'>ec</span> <span class='ocrx_word' id='word_1_136' title='bbox 2381 1579 2653 1662; x_wconf 90' lang='lat' dir='ltr'>approbo</span> <span class='ocrx_word' id='word_1_137' title='bbox 2689 1577 2857 1659; x_wconf 91' lang='lat' dir='ltr'>quod</span> <span class='ocrx_word' id='word_1_138' title='bbox 2887 1576 3045 1640; x_wconf 91' lang='lat' dir='ltr'>dicit</span> <span class='ocrx_word' id='word_1_139' title='bbox 3077 1575 3196 1639; x_wconf 90' lang='lat' dir='ltr'>Va·</span> 
     </span>
     <span class='ocr_line' id='line_1_14' title="bbox 724 1677 3189 1764; baseline -0.002 -18"><span class='ocrx_word' id='word_1_140' title='bbox 724 1700 908 1764; x_wconf 89' lang='lat' dir='ltr'>squez</span> <span class='ocrx_word' id='word_1_141' title='bbox 947 1683 1002 1745; x_wconf 91' lang='lat'>1.</span> <span class='ocrx_word' id='word_1_142' title='bbox 1037 1684 1099 1746; x_wconf 85' lang='lat'>2.</span> <span class='ocrx_word' id='word_1_143' title='bbox 1132 1680 1287 1764; x_wconf 90' lang='lat' dir='ltr'>disp.</span> <span class='ocrx_word' id='word_1_144' title='bbox 1327 1681 1473 1743; x_wconf 84' lang='lat'>116.</span> <span class='ocrx_word' id='word_1_145' title='bbox 1507 1699 1559 1744; x_wconf 90' lang='lat' dir='ltr'>c.</span> <span class='ocrx_word' id='word_1_146' title='bbox 1595 1681 1655 1743; x_wconf 90' lang='lat'>2.</span> <span class='ocrx_word' id='word_1_147' title='bbox 1690 1680 1753 1743; x_wconf 93' lang='lat' dir='ltr'>in</span> <span class='ocrx_word' id='word_1_148' title='bbox 1791 1679 1920 1758; x_wconf 90' lang='lat' dir='ltr'>fin.,</span> <span class='ocrx_word' id='word_1_149' title='bbox 1954 1700 2169 1764; x_wconf 86' lang='lat' dir='ltr'>nempe</span> <span class='ocrx_word' id='word_1_150' title='bbox 2200 1701 2322 1746; x_wconf 89' lang='lat' dir='ltr'>non</span> <span class='ocrx_word' id='word_1_151' title='bbox 2355 1700 2486 1746; x_wconf 88' lang='lat' dir='ltr'>esse</span> <span class='ocrx_word' id='word_1_152' title='bbox 2517 1681 2785 1745; x_wconf 83' lang='lat' dir='ltr'>mortale</span> <span class='ocrx_word' id='word_1_153' title='bbox 2821 1677 3189 1756; x_wconf 87' lang='lat' dir='ltr'>desiderare,</span> 
     </span>
     <span class='ocr_line' id='line_1_15' title="bbox 725 1781 3185 1867; baseline -0.002 -18"><span class='ocrx_word' id='word_1_154' title='bbox 725 1805 799 1849; x_wconf 93' lang='lat' dir='ltr'>ne</span> <span class='ocrx_word' id='word_1_155' title='bbox 822 1784 1147 1850; x_wconf 87' lang='lat' dir='ltr'>fornicatio</span> <span class='ocrx_word' id='word_1_156' title='bbox 1173 1787 1285 1848; x_wconf 89' lang='lat' dir='ltr'>aut</span> <span class='ocrx_word' id='word_1_157' title='bbox 1310 1783 1432 1847; x_wconf 89' lang='lat' dir='ltr'>alia</span> <span class='ocrx_word' id='word_1_158' title='bbox 1458 1785 1675 1847; x_wconf 89' lang='lat' dir='ltr'>contra</span> <span class='ocrx_word' id='word_1_159' title='bbox 1696 1783 1795 1846; x_wconf 89' lang='lat' dir='ltr'>ius</span> <span class='ocrx_word' id='word_1_160' title='bbox 1820 1787 2082 1848; x_wconf 84' lang='lat' dir='ltr'>naturae</span> <span class='ocrx_word' id='word_1_161' title='bbox 2104 1785 2418 1867; x_wconf 89' lang='lat' dir='ltr'>prohibita</span> <span class='ocrx_word' id='word_1_162' title='bbox 2442 1785 2586 1862; x_wconf 85' lang='lat' dir='ltr'>sint,</span> <span class='ocrx_word' id='word_1_163' title='bbox 2606 1783 2709 1848; x_wconf 90' lang='lat' dir='ltr'>sed</span> <span class='ocrx_word' id='word_1_164' title='bbox 2739 1781 3185 1848; x_wconf 87' lang='lat' dir='ltr'>attendendum</span> 
     </span>
     <span class='ocr_line' id='line_1_16' title="bbox 723 1884 3188 1963; baseline -0.002 -12"><span class='ocrx_word' id='word_1_165' title='bbox 723 1908 854 1953; x_wconf 91' lang='lat' dir='ltr'>esse</span> <span class='ocrx_word' id='word_1_166' title='bbox 899 1888 1082 1951; x_wconf 90' lang='lat' dir='ltr'>finem</span> <span class='ocrx_word' id='word_1_167' title='bbox 1129 1886 1209 1950; x_wconf 91' lang='lat' dir='ltr'>ad</span> <span class='ocrx_word' id='word_1_168' title='bbox 1244 1885 1601 1950; x_wconf 88' lang='lat' dir='ltr'>huiusmodi</span> <span class='ocrx_word' id='word_1_169' title='bbox 1647 1884 1905 1949; x_wconf 87' lang='lat' dir='ltr'>affectus</span> <span class='ocrx_word' id='word_1_170' title='bbox 1935 1891 2324 1963; x_wconf 78' lang='lat' dir='ltr'>moventem3</span> <span class='ocrx_word' id='word_1_171' title='bbox 2360 1886 2414 1951; x_wconf 91' lang='lat' dir='ltr'>si</span> <span class='ocrx_word' id='word_1_172' title='bbox 2459 1887 2623 1950; x_wconf 91' lang='lat' dir='ltr'>enim</span> <span class='ocrx_word' id='word_1_173' title='bbox 2676 1887 2730 1949; x_wconf 89' lang='lat' dir='ltr'>is</span> <span class='ocrx_word' id='word_1_174' title='bbox 2764 1887 2929 1949; x_wconf 89' lang='lat' dir='ltr'>esset</span> <span class='ocrx_word' id='word_1_175' title='bbox 2962 1884 3188 1960; x_wconf 76' lang='lat' dir='ltr'>iustuS,</span> 
     </span>
     <span class='ocr_line' id='line_1_17' title="bbox 727 1986 3188 2072; baseline -0.002 -19"><span class='ocrx_word' id='word_1_176' title='bbox 727 1991 798 2054; x_wconf 90' lang='lat' dir='ltr'>ut</span> <span class='ocrx_word' id='word_1_177' title='bbox 827 1990 994 2071; x_wconf 88' lang='lat' dir='ltr'>quia,</span> <span class='ocrx_word' id='word_1_178' title='bbox 1030 1988 1178 2069; x_wconf 91' lang='lat' dir='ltr'>quid</span> <span class='ocrx_word' id='word_1_179' title='bbox 1210 1988 1271 2052; x_wconf 91' lang='lat' dir='ltr'>id</span> <span class='ocrx_word' id='word_1_180' title='bbox 1307 1988 1504 2070; x_wconf 88' lang='lat' dir='ltr'>optat,</span> <span class='ocrx_word' id='word_1_181' title='bbox 1529 2006 1595 2052; x_wconf 90' lang='lat' dir='ltr'>se</span> <span class='ocrx_word' id='word_1_182' title='bbox 1624 1986 1915 2071; x_wconf 86' lang='lat' dir='ltr'>fragilem</span> <span class='ocrx_word' id='word_1_183' title='bbox 1945 2006 2019 2051; x_wconf 89' lang='lat' dir='ltr'>ac</span> <span class='ocrx_word' id='word_1_184' title='bbox 2047 1987 2112 2051; x_wconf 93' lang='lat' dir='ltr'>in</span> <span class='ocrx_word' id='word_1_185' title='bbox 2143 1989 2209 2052; x_wconf 91' lang='lat' dir='ltr'>id</span> <span class='ocrx_word' id='word_1_186' title='bbox 2238 1989 2468 2053; x_wconf 88' lang='lat' dir='ltr'>crimen</span> <span class='ocrx_word' id='word_1_187' title='bbox 2500 2008 2680 2072; x_wconf 89' lang='lat' dir='ltr'>saepe</span> <span class='ocrx_word' id='word_1_188' title='bbox 2710 1989 2963 2070; x_wconf 90' lang='lat' dir='ltr'>lapsum</span> <span class='ocrx_word' id='word_1_189' title='bbox 3002 1986 3188 2061; x_wconf 84' lang='lat' dir='ltr'>videt,</span> 
     </span>
     <span class='ocr_line' id='line_1_18' title="bbox 722 2087 3187 2172; baseline -0.001 -18"><span class='ocrx_word' id='word_1_190' title='bbox 722 2110 843 2154; x_wconf 91' lang='lat' dir='ltr'>non</span> <span class='ocrx_word' id='word_1_191' title='bbox 890 2093 1169 2172; x_wconf 85' lang='lat' dir='ltr'>peccaret</span> <span class='ocrx_word' id='word_1_192' title='bbox 1211 2089 1582 2155; x_wconf 87' lang='lat' dir='ltr'>mortaliter.</span> <span class='ocrx_word' id='word_1_193' title='bbox 1616 2087 1733 2154; x_wconf 88' lang='lat' dir='ltr'>Sed</span> <span class='ocrx_word' id='word_1_194' title='bbox 1768 2108 1890 2154; x_wconf 91' lang='lat' dir='ltr'>non</span> <span class='ocrx_word' id='word_1_195' title='bbox 1938 2089 2175 2171; x_wconf 80' lang='lat' dir='ltr'>placet3</span> <span class='ocrx_word' id='word_1_196' title='bbox 2216 2090 2364 2171; x_wconf 90' lang='lat' dir='ltr'>quia</span> <span class='ocrx_word' id='word_1_197' title='bbox 2401 2091 2633 2155; x_wconf 90' lang='lat' dir='ltr'>bonum</span> <span class='ocrx_word' id='word_1_198' title='bbox 2674 2091 2876 2156; x_wconf 87' lang='lat' dir='ltr'>totius</span> <span class='ocrx_word' id='word_1_199' title='bbox 2923 2092 3187 2153; x_wconf 87' lang='lat' dir='ltr'>naturae</span> 
     </span>
     <span class='ocr_line' id='line_1_19' title="bbox 723 2192 3190 2276; baseline -0.002 -18"><span class='ocrx_word' id='word_1_200' title='bbox 723 2213 796 2258; x_wconf 89' lang='lat' dir='ltr'>ac</span> <span class='ocrx_word' id='word_1_201' title='bbox 827 2193 1055 2258; x_wconf 85' lang='lat' dir='ltr'>ordinis</span> <span class='ocrx_word' id='word_1_202' title='bbox 1088 2192 1393 2257; x_wconf 87' lang='lat' dir='ltr'>naturalis</span> <span class='ocrx_word' id='word_1_203' title='bbox 1424 2211 1546 2257; x_wconf 92' lang='lat' dir='ltr'>non</span> <span class='ocrx_word' id='word_1_204' title='bbox 1578 2195 1786 2275; x_wconf 81' lang='lat' dir='ltr'>potest</span> <span class='ocrx_word' id='word_1_205' title='bbox 1818 2192 2106 2274; x_wconf 84' lang='lat' dir='ltr'>postponi</span> <span class='ocrx_word' id='word_1_206' title='bbox 2138 2192 2391 2274; x_wconf 86' lang='lat' dir='ltr'>eiusque</span> <span class='ocrx_word' id='word_1_207' title='bbox 2423 2193 2807 2271; x_wconf 80' lang='lat' dir='ltr'>immutatiO,</span> <span class='ocrx_word' id='word_1_208' title='bbox 2845 2211 3009 2274; x_wconf 86' lang='lat' dir='ltr'>quae</span> <span class='ocrx_word' id='word_1_209' title='bbox 3054 2210 3190 2276; x_wconf 87' lang='lat' dir='ltr'>gra·</span> 
     </span>
     <span class='ocr_line' id='line_1_20' title="bbox 720 2294 3188 2377; baseline -0.002 -15"><span class='ocrx_word' id='word_1_210' title='bbox 720 2297 1046 2362; x_wconf 80' lang='lat' dir='ltr'>vissimum</span> <span class='ocrx_word' id='word_1_211' title='bbox 1083 2297 1322 2360; x_wconf 88' lang='lat' dir='ltr'>malum</span> <span class='ocrx_word' id='word_1_212' title='bbox 1368 2297 1482 2371; x_wconf 90' lang='lat' dir='ltr'>est,</span> <span class='ocrx_word' id='word_1_213' title='bbox 1516 2294 1851 2359; x_wconf 89' lang='lat' dir='ltr'>desiderari</span> <span class='ocrx_word' id='word_1_214' title='bbox 1897 2295 1975 2358; x_wconf 94' lang='lat' dir='ltr'>ob</span> <span class='ocrx_word' id='word_1_215' title='bbox 2021 2295 2395 2377; x_wconf 88' lang='lat' dir='ltr'>particulare</span> <span class='ocrx_word' id='word_1_216' title='bbox 2441 2296 2630 2361; x_wconf 91' lang='lat' dir='ltr'>huius</span> <span class='ocrx_word' id='word_1_217' title='bbox 2680 2296 2934 2372; x_wconf 91' lang='lat' dir='ltr'>bonum,</span> <span class='ocrx_word' id='word_1_218' title='bbox 2972 2312 3044 2359; x_wconf 93' lang='lat' dir='ltr'>eo</span> <span class='ocrx_word' id='word_1_219' title='bbox 3096 2294 3188 2358; x_wconf 76' lang='lat' dir='ltr'>vel</span> 
     </span>
     <span class='ocr_line' id='line_1_21' title="bbox 718 2397 3182 2482; baseline -0.002 -18"><span class='ocrx_word' id='word_1_220' title='bbox 718 2399 984 2466; x_wconf 80' lang='lat' dir='ltr'>maxime</span> <span class='ocrx_word' id='word_1_221' title='bbox 1014 2399 1180 2480; x_wconf 91' lang='lat' dir='ltr'>quod</span> <span class='ocrx_word' id='word_1_222' title='bbox 1213 2401 1423 2481; x_wconf 89' lang='lat' dir='ltr'>potest</span> <span class='ocrx_word' id='word_1_223' title='bbox 1451 2397 1513 2462; x_wconf 91' lang='lat' dir='ltr'>id</span> <span class='ocrx_word' id='word_1_224' title='bbox 1551 2397 1677 2462; x_wconf 89' lang='lat' dir='ltr'>alia</span> <span class='ocrx_word' id='word_1_225' title='bbox 1710 2397 1811 2461; x_wconf 88' lang='lat' dir='ltr'>via</span> <span class='ocrx_word' id='word_1_226' title='bbox 1855 2399 2167 2478; x_wconf 86' lang='lat' dir='ltr'>consequi,</span> <span class='ocrx_word' id='word_1_227' title='bbox 2201 2399 2331 2462; x_wconf 86' lang='lat' dir='ltr'>scil.</span> <span class='ocrx_word' id='word_1_228' title='bbox 2367 2398 2578 2462; x_wconf 89' lang='lat' dir='ltr'>divina</span> <span class='ocrx_word' id='word_1_229' title='bbox 2625 2399 2834 2482; x_wconf 88' lang='lat' dir='ltr'>gratia</span> <span class='ocrx_word' id='word_1_230' title='bbox 2866 2417 2932 2463; x_wconf 90' lang='lat' dir='ltr'>se</span> <span class='ocrx_word' id='word_1_231' title='bbox 2966 2400 3182 2462; x_wconf 85' lang='lat' dir='ltr'>contra</span> 
     </span>
     <span class='ocr_line' id='line_1_22' title="bbox 721 2500 1589 2568; baseline -0.002 -2"><span class='ocrx_word' id='word_1_232' title='bbox 721 2502 1131 2568; x_wconf 84' lang='lat' dir='ltr'>tentationem</span> <span class='ocrx_word' id='word_1_233' title='bbox 1161 2500 1494 2566; x_wconf 91' lang='lat' dir='ltr'>muniendo</span> <span class='ocrx_word' id='word_1_234' title='bbox 1528 2527 1589 2564; x_wconf 83' lang='lat'>».</span> 
     </span>
    </p>

    <p class='ocr_par' dir='ltr' id='par_1_3' title="bbox 710 2600 3185 4003">
     <span class='ocr_line' id='line_1_23' title="bbox 810 2600 3181 2674; baseline -0.004 1"><span class='ocrx_word' id='word_1_235' title='bbox 810 2600 986 2674; x_wconf 82' lang='lat'>522.</span> <span class='ocrx_word' id='word_1_236' title='bbox 1012 2605 1191 2669; x_wconf 86' lang='lat' dir='ltr'>Hanc</span> <span class='ocrx_word' id='word_1_237' title='bbox 1214 2604 1428 2668; x_wconf 90' lang='lat' dir='ltr'>deinde</span> <span class='ocrx_word' id='word_1_238' title='bbox 1459 2603 1806 2668; x_wconf 88' lang='lat' dir='ltr'>doctrinam</span> <span class='ocrx_word' id='word_1_239' title='bbox 1835 2604 2230 2669; x_wconf 87' lang='lat' dir='ltr'>limitandam</span> <span class='ocrx_word' id='word_1_240' title='bbox 2254 2602 2525 2669; x_wconf 86' lang='lat' dir='ltr'>Sanchez</span> <span class='ocrx_word' id='word_1_241' title='bbox 2557 2625 2619 2669; x_wconf 91' lang='lat' dir='ltr'>n.</span> <span class='ocrx_word' id='word_1_242' title='bbox 2657 2605 2761 2667; x_wconf 82' lang='lat'>24.</span> <span class='ocrx_word' id='word_1_243' title='bbox 2796 2628 2832 2661; x_wconf 81' lang='lat'><strong>«</strong></span> <span class='ocrx_word' id='word_1_244' title='bbox 2856 2602 3015 2666; x_wconf 89' lang='lat' dir='ltr'>dicit</span> <span class='ocrx_word' id='word_1_245' title='bbox 3040 2604 3107 2666; x_wconf 74' lang='grc' dir='ltr'>1ο</span> <span class='ocrx_word' id='word_1_246' title='bbox 3132 2602 3181 2666; x_wconf 83' lang='lat' dir='ltr'>si</span> 
     </span>
     <span class='ocr_line' id='line_1_24' title="bbox 719 2705 3185 2789; baseline -0.001 -19"><span class='ocrx_word' id='word_1_247' title='bbox 719 2726 815 2772; x_wconf 94' lang='lat' dir='ltr'>res</span> <span class='ocrx_word' id='word_1_248' title='bbox 850 2708 961 2770; x_wconf 89' lang='lat' dir='ltr'>illa</span> <span class='ocrx_word' id='word_1_249' title='bbox 999 2707 1131 2771; x_wconf 90' lang='lat' dir='ltr'>iure</span> <span class='ocrx_word' id='word_1_250' title='bbox 1162 2707 1425 2771; x_wconf 89' lang='lat' dir='ltr'>naturae</span> <span class='ocrx_word' id='word_1_251' title='bbox 1470 2706 1687 2781; x_wconf 82' lang='lat' dir='ltr'>vetita,</span> <span class='ocrx_word' id='word_1_252' title='bbox 1721 2705 1899 2770; x_wconf 87' lang='lat' dir='ltr'>licita</span> <span class='ocrx_word' id='word_1_253' title='bbox 1937 2709 2100 2772; x_wconf 90' lang='lat' dir='ltr'>esset</span> <span class='ocrx_word' id='word_1_254' title='bbox 2128 2707 2192 2771; x_wconf 90' lang='lat' dir='ltr'>in</span> <span class='ocrx_word' id='word_1_255' title='bbox 2233 2707 2443 2789; x_wconf 87' lang='lat' dir='ltr'>aliquo</span> <span class='ocrx_word' id='word_1_256' title='bbox 2490 2726 2640 2773; x_wconf 89' lang='lat' dir='ltr'>casu</span> <span class='ocrx_word' id='word_1_257' title='bbox 2690 2706 2788 2771; x_wconf 90' lang='lat' dir='ltr'>vel</span> <span class='ocrx_word' id='word_1_258' title='bbox 2833 2706 3016 2770; x_wconf 87' lang='lat' dir='ltr'>statu</span> <span class='ocrx_word' id='word_1_259' title='bbox 3061 2708 3185 2770; x_wconf 80' lang='lat' dir='ltr'>etc.</span> 
     </span>
     <span class='ocr_line' id='line_1_25' title="bbox 719 2807 3183 2890; baseline 0 -19"><span class='ocrx_word' id='word_1_260' title='bbox 719 2810 895 2873; x_wconf 88' lang='lat' dir='ltr'>iuxta</span> <span class='ocrx_word' id='word_1_261' title='bbox 930 2827 1022 2883; x_wconf 89' lang='lat' dir='ltr'>ea,</span> <span class='ocrx_word' id='word_1_262' title='bbox 1056 2826 1215 2890; x_wconf 88' lang='lat' dir='ltr'>quae</span> <span class='ocrx_word' id='word_1_263' title='bbox 1262 2807 1529 2871; x_wconf 80' lang='lat' dir='ltr'>diximus</span> <span class='ocrx_word' id='word_1_264' title='bbox 1576 2826 1711 2890; x_wconf 90' lang='lat' dir='ltr'>sup.</span> <span class='ocrx_word' id='word_1_265' title='bbox 1746 2828 1806 2871; x_wconf 92' lang='lat' dir='ltr'>n.</span> <span class='ocrx_word' id='word_1_266' title='bbox 1851 2808 1954 2871; x_wconf 87' lang='lat'>64.</span> <span class='ocrx_word' id='word_1_267' title='bbox 1990 2808 2068 2872; x_wconf 89' lang='lat' dir='ltr'>ad</span> <span class='ocrx_word' id='word_1_268' title='bbox 2097 2808 2306 2873; x_wconf 86' lang='lat' dir='ltr'>Resol.</span> <span class='ocrx_word' id='word_1_269' title='bbox 2343 2810 2435 2873; x_wconf 84' lang='lat'>2.:</span> <span class='ocrx_word' id='word_1_270' title='bbox 2473 2811 2542 2873; x_wconf 84' lang='lat'>2⁰</span> <span class='ocrx_word' id='word_1_271' title='bbox 2572 2809 2812 2874; x_wconf 90' lang='lat' dir='ltr'>limitat</span> <span class='ocrx_word' id='word_1_272' title='bbox 2855 2826 2928 2873; x_wconf 89' lang='lat' dir='ltr'>eo</span> <span class='ocrx_word' id='word_1_273' title='bbox 2979 2827 3183 2885; x_wconf 89' lang='lat' dir='ltr'>sensu,</span> 
     </span>
     <span class='ocr_line' id='line_1_26' title="bbox 718 2903 3180 2996; baseline -0 -21"><span class='ocrx_word' id='word_1_274' title='bbox 718 2913 793 2976; x_wconf 91' lang='lat' dir='ltr'>ut</span> <span class='ocrx_word' id='word_1_275' title='bbox 837 2903 1045 2994; x_wconf 86' lang='lat' dir='ltr'>potius</span> <span class='ocrx_word' id='word_1_276' title='bbox 1092 2930 1283 2993; x_wconf 91' lang='lat' dir='ltr'>quam</span> <span class='ocrx_word' id='word_1_277' title='bbox 1336 2908 1714 2973; x_wconf 67' lang='lat' dir='ltr'>desiderium</span> <span class='ocrx_word' id='word_1_278' title='bbox 1759 2910 2008 2991; x_wconf 68' lang='lat' dir='ltr'>efficax,</span> <span class='ocrx_word' id='word_1_279' title='bbox 2055 2911 2360 2976; x_wconf 88' lang='lat' dir='ltr'>habeatur</span> <span class='ocrx_word' id='word_1_280' title='bbox 2419 2912 2750 2976; x_wconf 78' lang='lat' dir='ltr'>dumtaxat</span> <span class='ocrx_word' id='word_1_281' title='bbox 2803 2910 3180 2996; x_wconf 79' lang='lat' dir='ltr'>significatio</span> 
     </span>
     <span class='ocr_line' id='line_1_27' title="bbox 719 3012 3182 3096; baseline 0 -20"><span class='ocrx_word' id='word_1_282' title='bbox 719 3013 1162 3096; x_wconf 87' lang='lat' dir='ltr'>propensionis,</span> <span class='ocrx_word' id='word_1_283' title='bbox 1192 3012 1496 3095; x_wconf 90' lang='lat' dir='ltr'>inquiens,</span> <span class='ocrx_word' id='word_1_284' title='bbox 1529 3032 1588 3075; x_wconf 91' lang='lat' dir='ltr'>n.</span> <span class='ocrx_word' id='word_1_285' title='bbox 1627 3013 1761 3075; x_wconf 81' lang='lat'>25.:</span> <span class='ocrx_word' id='word_1_286' title='bbox 1797 3039 1830 3069; x_wconf 82' lang='lat'>«</span> <span class='ocrx_word' id='word_1_287' title='bbox 1856 3012 2322 3078; x_wconf 84' lang='lat' dir='ltr'>Observandum</span> <span class='ocrx_word' id='word_1_288' title='bbox 2351 3016 2474 3079; x_wconf 86' lang='lat' dir='ltr'>est:</span> <span class='ocrx_word' id='word_1_289' title='bbox 2508 3014 2903 3079; x_wconf 86' lang='lat' dir='ltr'>limitandam</span> <span class='ocrx_word' id='word_1_290' title='bbox 2934 3032 3182 3096; x_wconf 87' lang='lat' dir='ltr'>quoque</span> 
     </span>
     <span class='ocr_line' id='line_1_28' title="bbox 716 3114 3183 3200; baseline -0 -21"><span class='ocrx_word' id='word_1_291' title='bbox 716 3135 847 3180; x_wconf 89' lang='lat' dir='ltr'>esse</span> <span class='ocrx_word' id='word_1_292' title='bbox 878 3116 1258 3199; x_wconf 86' lang='lat' dir='ltr'>praedictam</span> <span class='ocrx_word' id='word_1_293' title='bbox 1294 3115 1685 3193; x_wconf 87' lang='lat' dir='ltr'>sententiam,</span> <span class='ocrx_word' id='word_1_294' title='bbox 1719 3117 1793 3180; x_wconf 90' lang='lat' dir='ltr'>ut</span> <span class='ocrx_word' id='word_1_295' title='bbox 1827 3114 2239 3200; x_wconf 84' lang='lat' dir='ltr'>intelligatur,</span> <span class='ocrx_word' id='word_1_296' title='bbox 2273 3116 2521 3199; x_wconf 88' lang='lat' dir='ltr'>quando</span> <span class='ocrx_word' id='word_1_297' title='bbox 2568 3119 2665 3181; x_wconf 89' lang='lat' dir='ltr'>est</span> <span class='ocrx_word' id='word_1_298' title='bbox 2694 3116 3073 3181; x_wconf 88' lang='lat' dir='ltr'>desiderium</span> <span class='ocrx_word' id='word_1_299' title='bbox 3104 3115 3183 3179; x_wconf 84' lang='lat' dir='ltr'>es-</span> 
     </span>
     <span class='ocr_line' id='line_1_29' title="bbox 716 3217 3177 3296; baseline -0 -14"><span class='ocrx_word' id='word_1_300' title='bbox 716 3218 871 3282; x_wconf 85' lang='lat' dir='ltr'>ficax</span> <span class='ocrx_word' id='word_1_301' title='bbox 899 3218 1071 3282; x_wconf 89' lang='lat' dir='ltr'>illius</span> <span class='ocrx_word' id='word_1_302' title='bbox 1102 3218 1254 3282; x_wconf 90' lang='lat' dir='ltr'>mali</span> <span class='ocrx_word' id='word_1_303' title='bbox 1285 3218 1418 3281; x_wconf 89' lang='lat' dir='ltr'>iure</span> <span class='ocrx_word' id='word_1_304' title='bbox 1448 3220 1709 3282; x_wconf 87' lang='lat' dir='ltr'>naturae</span> <span class='ocrx_word' id='word_1_305' title='bbox 1740 3218 1941 3294; x_wconf 87' lang='lat' dir='ltr'>vetiti,</span> <span class='ocrx_word' id='word_1_306' title='bbox 1976 3217 2092 3282; x_wconf 90' lang='lat' dir='ltr'>sub</span> <span class='ocrx_word' id='word_1_307' title='bbox 2122 3238 2196 3283; x_wconf 89' lang='lat' dir='ltr'>ea</span> <span class='ocrx_word' id='word_1_308' title='bbox 2232 3219 2603 3296; x_wconf 89' lang='lat' dir='ltr'>conditione,</span> <span class='ocrx_word' id='word_1_309' title='bbox 2638 3220 2691 3283; x_wconf 90' lang='lat' dir='ltr'>si</span> <span class='ocrx_word' id='word_1_310' title='bbox 2722 3218 2958 3283; x_wconf 81' lang='lat' dir='ltr'>liceret.</span> <span class='ocrx_word' id='word_1_311' title='bbox 2994 3217 3177 3282; x_wconf 81' lang='lat' dir='ltr'>Secus</span> 
     </span>
     <span class='ocr_line' id='line_1_30' title="bbox 714 3319 3178 3402; baseline -0.001 -17"><span class='ocrx_word' id='word_1_312' title='bbox 714 3322 767 3385; x_wconf 94' lang='lat' dir='ltr'>si</span> <span class='ocrx_word' id='word_1_313' title='bbox 798 3322 1047 3385; x_wconf 88' lang='lat' dir='ltr'>tantum</span> <span class='ocrx_word' id='word_1_314' title='bbox 1079 3322 1241 3385; x_wconf 90' lang='lat' dir='ltr'>esset</span> <span class='ocrx_word' id='word_1_315' title='bbox 1271 3319 1575 3402; x_wconf 85' lang='lat' dir='ltr'>quaedam</span> <span class='ocrx_word' id='word_1_316' title='bbox 1622 3320 2044 3402; x_wconf 85' lang='lat' dir='ltr'>propensionis</span> <span class='ocrx_word' id='word_1_317' title='bbox 2093 3321 2440 3387; x_wconf 87' lang='lat' dir='ltr'>voluntatis</span> <span class='ocrx_word' id='word_1_318' title='bbox 2486 3323 2552 3386; x_wconf 92' lang='lat' dir='ltr'>in</span> <span class='ocrx_word' id='word_1_319' title='bbox 2588 3321 2650 3386; x_wconf 93' lang='lat' dir='ltr'>id</span> <span class='ocrx_word' id='word_1_320' title='bbox 2686 3321 3021 3398; x_wconf 85' lang='lat' dir='ltr'>obiectum,</span> <span class='ocrx_word' id='word_1_321' title='bbox 3061 3321 3178 3384; x_wconf 88' lang='lat' dir='ltr'>nisi</span> 
     </span>
     <span class='ocr_line' id='line_1_31' title="bbox 713 3422 3179 3505; baseline -0.001 -18"><span class='ocrx_word' id='word_1_322' title='bbox 713 3423 950 3487; x_wconf 90' lang='lat' dir='ltr'>malum</span> <span class='ocrx_word' id='word_1_323' title='bbox 982 3425 1162 3500; x_wconf 87' lang='lat' dir='ltr'>esset,</span> <span class='ocrx_word' id='word_1_324' title='bbox 1201 3422 1607 3505; x_wconf 88' lang='lat' dir='ltr'>significatio;</span> <span class='ocrx_word' id='word_1_325' title='bbox 1649 3424 1724 3486; x_wconf 87' lang='lat' dir='ltr'>ut</span> <span class='ocrx_word' id='word_1_326' title='bbox 1759 3422 1811 3485; x_wconf 91' lang='lat' dir='ltr'>si</span> <span class='ocrx_word' id='word_1_327' title='bbox 1852 3441 2065 3487; x_wconf 88' lang='lat' dir='ltr'>sensus</span> <span class='ocrx_word' id='word_1_328' title='bbox 2102 3422 2273 3487; x_wconf 88' lang='lat' dir='ltr'>illius</span> <span class='ocrx_word' id='word_1_329' title='bbox 2319 3423 2755 3489; x_wconf 88' lang='lat' dir='ltr'>conditionalis</span> <span class='ocrx_word' id='word_1_330' title='bbox 2798 3423 3179 3496; x_wconf 72' lang='lat' dir='ltr'>vindicaret,</span> 
     </span>
     <span class='ocr_line' id='line_1_32' title="bbox 714 3524 3174 3607; baseline 0 -20"><span class='ocrx_word' id='word_1_331' title='bbox 714 3525 773 3587; x_wconf 76' lang='lat' dir='ltr'>si</span> <span class='ocrx_word' id='word_1_332' title='bbox 801 3528 961 3586; x_wconf 79' lang='lat' dir='ltr'>esset</span> <span class='ocrx_word' id='word_1_333' title='bbox 990 3524 1249 3597; x_wconf 72' lang='lat' dir='ltr'>licitum,</span> <span class='ocrx_word' id='word_1_334' title='bbox 1275 3524 1385 3587; x_wconf 89' lang='lat' dir='ltr'>sit:</span> <span class='ocrx_word' id='word_1_335' title='bbox 1412 3524 1756 3588; x_wconf 88' lang='lat' dir='ltr'>voluntatis</span> <span class='ocrx_word' id='word_1_336' title='bbox 1788 3525 2112 3607; x_wconf 85' lang='lat' dir='ltr'>propensio</span> <span class='ocrx_word' id='word_1_337' title='bbox 2146 3527 2222 3590; x_wconf 86' lang='lat' dir='ltr'>ad</span> <span class='ocrx_word' id='word_1_338' title='bbox 2255 3526 2618 3591; x_wconf 85' lang='lat' dir='ltr'>sumendam</span> <span class='ocrx_word' id='word_1_339' title='bbox 2654 3526 2994 3591; x_wconf 83' lang='lat' dir='ltr'>vindictam</span> <span class='ocrx_word' id='word_1_340' title='bbox 3019 3526 3174 3589; x_wconf 88' lang='lat' dir='ltr'>mihi</span> 
     </span>
     <span class='ocr_line' id='line_1_33' title="bbox 714 3625 3179 3712; baseline 0 -21"><span class='ocrx_word' id='word_1_341' title='bbox 714 3627 827 3701; x_wconf 90' lang='lat' dir='ltr'>est,</span> <span class='ocrx_word' id='word_1_342' title='bbox 860 3628 930 3688; x_wconf 80' lang='lat' dir='ltr'>at</span> <span class='ocrx_word' id='word_1_343' title='bbox 972 3625 1115 3689; x_wconf 73' lang='lat' dir='ltr'>nolo</span> <span class='ocrx_word' id='word_1_344' title='bbox 1133 3629 1396 3706; x_wconf 77' lang='lat' dir='ltr'>propter</span> <span class='ocrx_word' id='word_1_345' title='bbox 1426 3625 1555 3690; x_wconf 75' lang='lat' dir='ltr'>Dei</span> <span class='ocrx_word' id='word_1_346' title='bbox 1585 3626 1797 3708; x_wconf 72' lang='lat' dir='ltr'>leyem.</span> <span class='ocrx_word' id='word_1_347' title='bbox 1832 3626 2070 3710; x_wconf 82' lang='lat' dir='ltr'>Quippe</span> <span class='ocrx_word' id='word_1_348' title='bbox 2114 3628 2168 3692; x_wconf 91' lang='lat' dir='ltr'>is</span> <span class='ocrx_word' id='word_1_349' title='bbox 2201 3630 2378 3692; x_wconf 86' lang='lat' dir='ltr'>actus</span> <span class='ocrx_word' id='word_1_350' title='bbox 2422 3629 2694 3712; x_wconf 89' lang='lat' dir='ltr'>optimus</span> <span class='ocrx_word' id='word_1_351' title='bbox 2733 3632 2850 3707; x_wconf 87' lang='lat' dir='ltr'>est,</span> <span class='ocrx_word' id='word_1_352' title='bbox 2884 3649 3030 3694; x_wconf 89' lang='lat' dir='ltr'>cum</span> <span class='ocrx_word' id='word_1_353' title='bbox 3077 3647 3179 3692; x_wconf 78' lang='lat' dir='ltr'>vo-</span> 
     </span>
     <span class='ocr_line' id='line_1_34' title="bbox 710 3728 3178 3814; baseline 0.001 -21"><span class='ocrx_word' id='word_1_354' title='bbox 710 3730 921 3794; x_wconf 87' lang='lat' dir='ltr'>luntas</span> <span class='ocrx_word' id='word_1_355' title='bbox 969 3728 1047 3793; x_wconf 92' lang='lat' dir='ltr'>ad</span> <span class='ocrx_word' id='word_1_356' title='bbox 1077 3729 1167 3792; x_wconf 88' lang='lat' dir='ltr'>nil</span> <span class='ocrx_word' id='word_1_357' title='bbox 1212 3729 1365 3793; x_wconf 88' lang='lat' dir='ltr'>mali</span> <span class='ocrx_word' id='word_1_358' title='bbox 1399 3728 1843 3793; x_wconf 86' lang='lat' dir='ltr'>determinetur</span> <span class='ocrx_word' id='word_1_359' title='bbox 1888 3747 1997 3793; x_wconf 90' lang='lat' dir='ltr'>nec</span> <span class='ocrx_word' id='word_1_360' title='bbox 2027 3729 2090 3792; x_wconf 91' lang='lat' dir='ltr'>id</span> <span class='ocrx_word' id='word_1_361' title='bbox 2124 3730 2292 3807; x_wconf 87' lang='lat' dir='ltr'>velit,</span> <span class='ocrx_word' id='word_1_362' title='bbox 2328 3731 2433 3795; x_wconf 89' lang='lat' dir='ltr'>sed</span> <span class='ocrx_word' id='word_1_363' title='bbox 2470 3732 2946 3814; x_wconf 88' lang='lat' dir='ltr'>propensionem</span> <span class='ocrx_word' id='word_1_364' title='bbox 2994 3750 3178 3797; x_wconf 90' lang='lat' dir='ltr'>suam</span> 
     </span>
     <span class='ocr_line' id='line_1_35' title="bbox 712 3831 3180 3917; baseline 0 -18"><span class='ocrx_word' id='word_1_365' title='bbox 712 3836 775 3899; x_wconf 92' lang='lat' dir='ltr'>in</span> <span class='ocrx_word' id='word_1_366' title='bbox 822 3833 1059 3897; x_wconf 90' lang='lat' dir='ltr'>malum</span> <span class='ocrx_word' id='word_1_367' title='bbox 1091 3835 1342 3917; x_wconf 87' lang='lat' dir='ltr'>propter</span> <span class='ocrx_word' id='word_1_368' title='bbox 1375 3832 1650 3896; x_wconf 87' lang='lat' dir='ltr'>divinam</span> <span class='ocrx_word' id='word_1_369' title='bbox 1684 3831 1886 3915; x_wconf 86' lang='lat' dir='ltr'>legem</span> <span class='ocrx_word' id='word_1_370' title='bbox 1924 3831 2239 3915; x_wconf 88' lang='lat' dir='ltr'>reprimat.</span> <span class='ocrx_word' id='word_1_371' title='bbox 2275 3832 2356 3896; x_wconf 88' lang='lat' dir='ltr'>Et</span> <span class='ocrx_word' id='word_1_372' title='bbox 2385 3833 2501 3898; x_wconf 90' lang='lat' dir='ltr'>hoc</span> <span class='ocrx_word' id='word_1_373' title='bbox 2541 3834 2725 3899; x_wconf 90' lang='lat' dir='ltr'>modo</span> <span class='ocrx_word' id='word_1_374' title='bbox 2759 3853 2941 3917; x_wconf 85' lang='lat' dir='ltr'>saepe</span> <span class='ocrx_word' id='word_1_375' title='bbox 2976 3836 3180 3900; x_wconf 88' lang='lat' dir='ltr'>Deum</span> 
     </span>
     <span class='ocr_line' id='line_1_36' title="bbox 712 3935 2209 4003; baseline -0.002 0"><span class='ocrx_word' id='word_1_376' title='bbox 712 3939 1000 4003; x_wconf 90' lang='lat' dir='ltr'>timentes</span> <span class='ocrx_word' id='word_1_377' title='bbox 1032 3938 1288 4002; x_wconf 90' lang='lat' dir='ltr'>eliciunt</span> <span class='ocrx_word' id='word_1_378' title='bbox 1318 3956 1423 4001; x_wconf 93' lang='lat' dir='ltr'>eos</span> <span class='ocrx_word' id='word_1_379' title='bbox 1455 3939 1632 4000; x_wconf 87' lang='lat' dir='ltr'>actus</span> <span class='ocrx_word' id='word_1_380' title='bbox 1670 3935 2115 4001; x_wconf 89' lang='lat' dir='ltr'>conditionales</span> <span class='ocrx_word' id='word_1_381' title='bbox 2149 3963 2209 4000; x_wconf 86' lang='lat'>».</span> 
     </span>
    </p>

    <p class='ocr_par' dir='ltr' id='par_1_4' title="bbox 704 4041 3186 4638">
     <span class='ocr_line' id='line_1_37' title="bbox 799 4041 3179 4127; baseline 0 -19"><span class='ocrx_word' id='word_1_382' title='bbox 799 4044 901 4108; x_wconf 90' lang='lat' dir='ltr'>Ita</span> <span class='ocrx_word' id='word_1_383' title='bbox 946 4046 1009 4108; x_wconf 89' lang='lat' dir='ltr'>et</span> <span class='ocrx_word' id='word_1_384' title='bbox 1054 4043 1375 4127; x_wconf 87' lang='lat' dir='ltr'>Laymann</span> <span class='ocrx_word' id='word_1_385' title='bbox 1420 4041 1528 4105; x_wconf 86' lang='lat' dir='ltr'>lib.</span> <span class='ocrx_word' id='word_1_386' title='bbox 1584 4043 1639 4103; x_wconf 90' lang='lat'>1.</span> <span class='ocrx_word' id='word_1_387' title='bbox 1676 4042 1858 4105; x_wconf 86' lang='lat' dir='ltr'>tract.</span> <span class='ocrx_word' id='word_1_388' title='bbox 1899 4042 1959 4105; x_wconf 87' lang='lat'>3.</span> <span class='ocrx_word' id='word_1_389' title='bbox 1995 4060 2128 4124; x_wconf 92' lang='lat' dir='ltr'>cap.</span> <span class='ocrx_word' id='word_1_390' title='bbox 2171 4045 2231 4105; x_wconf 80' lang='lat'>5.</span> <span class='ocrx_word' id='word_1_391' title='bbox 2267 4063 2323 4105; x_wconf 89' lang='lat' dir='ltr'>n.</span> <span class='ocrx_word' id='word_1_392' title='bbox 2381 4044 2480 4105; x_wconf 92' lang='grc'>11.</span> <span class='ocrx_word' id='word_1_393' title='bbox 2523 4068 2557 4099; x_wconf 67' lang='grc' dir='ltr'><strong>α</strong></span> <span class='ocrx_word' id='word_1_394' title='bbox 2590 4043 2766 4122; x_wconf 72' lang='lat' dir='ltr'>Quod</span> <span class='ocrx_word' id='word_1_395' title='bbox 2815 4042 3179 4119; x_wconf 75' lang='lat' dir='ltr'>CaietanuS,</span> 
     </span>
     <span class='ocr_line' id='line_1_38' title="bbox 707 4132 3186 4228; baseline 0 -17"><span class='ocrx_word' id='word_1_396' title='bbox 707 4146 1036 4212; x_wconf 82' lang='lat' dir='ltr'>Armilla...</span> <span class='ocrx_word' id='word_1_397' title='bbox 1071 4146 1262 4210; x_wconf 92' lang='lat' dir='ltr'>talem</span> <span class='ocrx_word' id='word_1_398' title='bbox 1293 4163 1538 4226; x_wconf 90' lang='lat' dir='ltr'>quoque</span> <span class='ocrx_word' id='word_1_399' title='bbox 1571 4132 1781 4208; x_wconf 83' lang='lat' dir='ltr'>actum</span> <span class='ocrx_word' id='word_1_400' title='bbox 1814 4144 2068 4209; x_wconf 89' lang='lat' dir='ltr'>mortali</span> <span class='ocrx_word' id='word_1_401' title='bbox 2103 4146 2354 4228; x_wconf 83' lang='lat' dir='ltr'>peccato</span> <span class='ocrx_word' id='word_1_402' title='bbox 2392 4145 2690 4210; x_wconf 86' lang='lat' dir='ltr'>liberant:</span> <span class='ocrx_word' id='word_1_403' title='bbox 2727 4144 2948 4210; x_wconf 77' lang='lat' dir='ltr'>vellem</span> <span class='ocrx_word' id='word_1_404' title='bbox 2976 4146 3186 4226; x_wconf 76' lang='lat' dir='ltr'>forni-</span> 
     </span>
     <span class='ocr_line' id='line_1_39' title="bbox 704 4245 3186 4330; baseline 0.002 -18"><span class='ocrx_word' id='word_1_405' title='bbox 704 4250 861 4322; x_wconf 80' lang='lat' dir='ltr'>cari,</span> <span class='ocrx_word' id='word_1_406' title='bbox 886 4250 945 4313; x_wconf 81' lang='lat' dir='ltr'>si</span> <span class='ocrx_word' id='word_1_407' title='bbox 974 4248 1248 4312; x_wconf 77' lang='lat' dir='ltr'>liceret...</span> <span class='ocrx_word' id='word_1_408' title='bbox 1274 4245 1669 4310; x_wconf 88' lang='lat' dir='ltr'>distinctione</span> <span class='ocrx_word' id='word_1_409' title='bbox 1692 4245 1949 4330; x_wconf 89' lang='lat' dir='ltr'>indiget.</span> <span class='ocrx_word' id='word_1_410' title='bbox 1977 4246 2043 4311; x_wconf 88' lang='lat' dir='ltr'>Si</span> <span class='ocrx_word' id='word_1_411' title='bbox 2067 4248 2230 4312; x_wconf 89' lang='lat' dir='ltr'>enim</span> <span class='ocrx_word' id='word_1_412' title='bbox 2257 4248 2548 4313; x_wconf 80' lang='lat' dir='ltr'>voluntas</span> <span class='ocrx_word' id='word_1_413' title='bbox 2573 4246 2913 4312; x_wconf 77' lang='lat' dir='ltr'>deliberate</span> <span class='ocrx_word' id='word_1_414' title='bbox 2938 4251 3186 4316; x_wconf 83' lang='lat' dir='ltr'>feratur</span> 
     </span>
     <span class='ocr_line' id='line_1_40' title="bbox 709 4345 3184 4433; baseline 0.002 -18"><span class='ocrx_word' id='word_1_415' title='bbox 709 4351 826 4415; x_wconf 88' lang='lat' dir='ltr'>sub</span> <span class='ocrx_word' id='word_1_416' title='bbox 861 4351 977 4415; x_wconf 88' lang='lat' dir='ltr'>tali</span> <span class='ocrx_word' id='word_1_417' title='bbox 1012 4350 1362 4416; x_wconf 89' lang='lat' dir='ltr'>conditione</span> <span class='ocrx_word' id='word_1_418' title='bbox 1392 4348 1455 4413; x_wconf 92' lang='lat' dir='ltr'>in</span> <span class='ocrx_word' id='word_1_419' title='bbox 1494 4345 1820 4414; x_wconf 89' lang='lat' dir='ltr'>obiectum</span> <span class='ocrx_word' id='word_1_420' title='bbox 1853 4368 1960 4431; x_wconf 92' lang='lat' dir='ltr'>per</span> <span class='ocrx_word' id='word_1_421' title='bbox 2005 4366 2070 4413; x_wconf 91' lang='lat' dir='ltr'>se</span> <span class='ocrx_word' id='word_1_422' title='bbox 2100 4354 2165 4414; x_wconf 89' lang='lat' dir='ltr'>et</span> <span class='ocrx_word' id='word_1_423' title='bbox 2200 4351 2421 4433; x_wconf 89' lang='lat' dir='ltr'>suapte</span> <span class='ocrx_word' id='word_1_424' title='bbox 2452 4354 2679 4414; x_wconf 89' lang='lat' dir='ltr'>natura</span> <span class='ocrx_word' id='word_1_425' title='bbox 2710 4351 2972 4427; x_wconf 89' lang='lat' dir='ltr'>malum,</span> <span class='ocrx_word' id='word_1_426' title='bbox 3008 4372 3184 4419; x_wconf 90' lang='lat' dir='ltr'>com·</span> 
     </span>
     <span class='ocr_line' id='line_1_41' title="bbox 706 4440 3180 4537; baseline 0.003 -19"><span class='ocrx_word' id='word_1_427' title='bbox 706 4440 984 4518; x_wconf 80' lang='lat' dir='ltr'>mittitur</span> <span class='ocrx_word' id='word_1_428' title='bbox 1029 4455 1211 4537; x_wconf 91' lang='lat' dir='ltr'>culpa</span> <span class='ocrx_word' id='word_1_429' title='bbox 1257 4452 1563 4529; x_wconf 78' lang='lat' dir='ltr'>mortaIiS,</span> <span class='ocrx_word' id='word_1_430' title='bbox 1598 4453 1672 4516; x_wconf 89' lang='lat' dir='ltr'>ut</span> <span class='ocrx_word' id='word_1_431' title='bbox 1716 4454 1879 4516; x_wconf 79' lang='lat' dir='ltr'>recte</span> <span class='ocrx_word' id='word_1_432' title='bbox 1913 4450 2132 4517; x_wconf 89' lang='lat' dir='ltr'>docent</span> <span class='ocrx_word' id='word_1_433' title='bbox 2165 4452 2442 4529; x_wconf 86' lang='lat' dir='ltr'>Adrian.‚</span> <span class='ocrx_word' id='word_1_434' title='bbox 2477 4454 2660 4531; x_wconf 76' lang='lat' dir='ltr'>Azor,</span> <span class='ocrx_word' id='word_1_435' title='bbox 2697 4454 2969 4519; x_wconf 84' lang='lat' dir='ltr'>Sanchez</span> <span class='ocrx_word' id='word_1_436' title='bbox 3020 4460 3180 4527; x_wconf 60' lang='lat' dir='ltr'>ete:</span> 
     </span>
     <span class='ocr_line' id='line_1_42' title="bbox 711 4555 3184 4638; baseline 0.002 -19"><span class='ocrx_word' id='word_1_437' title='bbox 711 4559 846 4621; x_wconf 89' lang='lat' dir='ltr'>tum</span> <span class='ocrx_word' id='word_1_438' title='bbox 892 4556 1039 4638; x_wconf 89' lang='lat' dir='ltr'>quia</span> <span class='ocrx_word' id='word_1_439' title='bbox 1085 4556 1232 4620; x_wconf 88' lang='lat' dir='ltr'>talis</span> <span class='ocrx_word' id='word_1_440' title='bbox 1278 4555 1550 4619; x_wconf 88' lang='lat' dir='ltr'>conditio</span> <span class='ocrx_word' id='word_1_441' title='bbox 1596 4555 1999 4637; x_wconf 80' lang='lat' dir='ltr'>impossibilis</span> <span class='ocrx_word' id='word_1_442' title='bbox 2036 4575 2157 4621; x_wconf 93' lang='lat' dir='ltr'>non</span> <span class='ocrx_word' id='word_1_443' title='bbox 2206 4556 2411 4622; x_wconf 82' lang='lat' dir='ltr'>aufert</span> <span class='ocrx_word' id='word_1_444' title='bbox 2454 4556 2764 4624; x_wconf 89' lang='lat' dir='ltr'>malitiam</span> <span class='ocrx_word' id='word_1_445' title='bbox 2813 4559 3041 4625; x_wconf 87' lang='lat' dir='ltr'>obiecti</span> <span class='ocrx_word' id='word_1_446' title='bbox 3093 4561 3184 4625; x_wconf 91' lang='lat' dir='ltr'>in-</span> 
     </span>
    </p>
   </div>
  </div>
 </body>
</html>
