3529 5158
725 334 764 374 L
1542 335 1754 376 snmus
1792 332 2262 374 CHRONOLOGIOA

814 438 920 497 99.
972 435 1375 507 Pervicacia,
1422 434 1839 511 praeventio,
1886 433 2249 494 obstinatio
2299 434 2367 493 in
2413 434 2702 495 nolendo
2747 440 2870 495 aut
2916 434 3173 510 aliquid

722 525 1101 586 examinare
1153 529 1274 584 aut
1314 539 1709 599 cognoscere
1757 540 1829 584 se
1882 523 2093 583 fuisse
2138 523 2508 600 deceptum,
2558 528 2823 584 mutant
2868 524 3172 600 quotidie

722 614 945 691 quoad
969 614 1212 673 multos
1246 614 1313 672 in
1346 613 1613 673 odorem
1646 613 1881 673 mortis
1911 611 2000 688 id,
2035 612 2214 687 quod
2250 613 2432 672 Deus
2465 612 2531 671 in
2568 630 2692 672 sua
2723 614 3024 674 Ecclesia
3060 630 3175 689 po-

722 704 879 780 suit,
914 705 990 762 nt
1034 702 1104 761 in
1153 718 1233 762 ea
1278 707 1457 763 esset
1501 702 1664 761 odor
1693 702 1896 779 vitae,
1931 702 2120 761 verbi
2164 702 2385 777 gratia
2415 702 2626 761 bonos
2664 702 2889 778 libros,
2926 703 3175 763 instru-

720 792 995 869 ctiones,
1030 796 1262 851 sancta
1291 793 1596 867 exempla
1618 795 1742 851 etc.

813 883 960 941 100.
1010 881 1299 956 Tempus
1345 881 1774 957 deplorabile,
1823 896 1955 955 qno
2008 879 2305 939 creditur
2351 879 2661 939 honorari
2711 880 2897 940 Deus
2950 897 3174 956 perse·

721 969 988 1046 quendo
1002 969 1356 1030 veritatem
1383 971 1662 1045 eiusque
1685 968 2076 1044 discipulosl
2100 969 2391 1043 Tempus
2407 969 2533 1029 hoc
2554 969 2897 1029 advenit...
2922 970 3174 1030 Haberi

720 1068 790 1121 et
832 1059 1108 1121 tractari
1156 1076 1197 1119 a
1242 1059 1615 1136 Religionis
1661 1058 1990 1118 ministris
2027 1063 2347 1132 tanquam
2394 1058 2671 1132 impium
2710 1061 2780 1117 et
2816 1057 3171 1135 indignum

720 1149 896 1210 omni
947 1148 1338 1210 commercio
1382 1165 1531 1208 cum
1580 1149 1742 1224 Deo,
1794 1152 2113 1223 tanquam
2162 1147 2528 1207 membrum
2567 1147 2914 1222 putridum
2963 1164 3173 1223 capax

719 1237 1185 1314 corrumpendi
1233 1238 1460 1297 omnia
1503 1238 1575 1296 in
1623 1236 1941 1297 societate
1987 1239 2387 1313 sanctornm,
2446 1238 2551 1296 est
2602 1236 2988 1296 hominibus
3041 1237 3173 1312 piis

719 1330 930 1386 morte
975 1327 1269 1401 corporis
1316 1344 1491 1385 mors
1539 1326 1918 1386 terribilior.
1969 1327 2250 1385 Frustra
2302 1325 2455 1400 quis
2511 1324 2640 1385 sibi
2695 1325 3043 1386 blanditur
3088 1325 3174 1385 de

718 1431 987 1475 suarum
1036 1415 1485 1475 intentionum
1530 1416 1827 1491 puritate
1874 1419 1944 1474 et
1988 1416 2128 1475 zelo
2175 1414 2458 1489 quodam
2513 1414 2905 1489 Religionis,
2951 1430 3169 1490 perse-

718 1504 987 1580 quendo
1018 1503 1282 1564 flamma
1313 1503 1621 1579 ferroque
1666 1504 1849 1564 viros
1879 1504 2142 1581 probos,
2179 1504 2233 1562 si
2268 1503 2538 1579 propria
2568 1503 2879 1578 passione
2909 1509 3014 1564 est
3057 1520 3169 1564 ex-

717 1598 1024 1654 caecatus
1043 1597 1164 1652 aut
1185 1594 1506 1668 abreptus
1529 1593 1769 1669 aliena,
1805 1597 2156 1668 propterea
2184 1592 2365 1668 quod
2400 1593 2567 1652 nihil
2590 1594 2746 1653 vult
2767 1594 3167 1653 examinare.

719 1682 1132 1758 Frequenter
1178 1682 1509 1743 credimus
1540 1682 1909 1743 sacrificare
1949 1683 2087 1741 Deo
2122 1682 2400 1756 impium
2443 1685 2513 1742 et
2544 1681 2996 1744 sacrificamus
3026 1682 3168 1763 dia-

714 1772 869 1831 bolo
902 1772 1028 1831 Dei
1060 1788 1347 1833 servum.

809 1862 957 1920 101.
988 1860 1171 1919 Nihil
1196 1860 1461 1936 spiritui
1491 1861 1617 1919 Dei
1634 1864 1707 1920 et
1728 1860 2073 1919 doctrinae
2090 1861 2246 1920 Iesu
2272 1859 2524 1920 Christi
2548 1860 2763 1937 magis
2782 1861 3165 1937 opponitur,

717 1965 918 2025 quam
951 1950 1326 2008 communia
1358 1949 1571 2009 facere
1602 1950 1979 2008 iuramenta
2004 1948 2072 2007 in
2103 1948 2430 2023 Ecclesia3
2465 1949 2627 2023 quia
2662 1950 2785 2010 hoc
2816 1953 2921 2010 est
2944 1950 3168 2010 multi-

715 2037 963 2113 plicare
994 2037 1372 2097 occasiones
1407 2038 1772 2116 peierandi,
1808 2037 2082 2112 laqueos
2118 2037 2394 2097 tendere
2425 2038 2708 2098 infirmis
2738 2043 2808 2099 et
2837 2037 3071 2099 idiotis
3098 2044 3169 2098 et

715 2126 972 2187 efficere
1026 2129 1107 2185 ut
1163 2142 1402 2185 nomen
1460 2129 1529 2187 et
1576 2128 1828 2187 veritas
1874 2127 2000 2185 Dei
2047 2125 2409 2201 aliquando
2456 2127 2844 2187 deserviant
2889 2127 3166 2187 consilio

717 2231 1092 2291 impiorum.

805 2303 1190 2363 Declaratae
1212 2309 1271 2363 et
1294 2305 1633 2364 damnatae
1654 2310 1973 2380 tanquam
2003 2305 2228 2379 falsae,
2250 2305 2604 2380 captiosae,
2631 2305 2802 2365 male
2830 2310 3165 2383 sonantes,

714 2394 975 2469 piarum
1021 2392 1283 2454 aurium
1339 2393 1721 2469 offensivae,
1771 2395 2217 2471 scandalosae,
2274 2394 2704 2471 perniciosae,
2753 2395 3164 2471 temerariae,

716 2483 1051 2544 Ecclesiae
1084 2485 1155 2543 et
1190 2483 1334 2543 eius
1375 2484 1564 2558 praxi
1611 2484 1994 2559 iniuriosae,
2035 2500 2251 2558 neque
2292 2484 2362 2543 111
2395 2483 2760 2543 Ecclesiam
2799 2485 3015 2543 solum
3048 2484 3168 2543 sed

715 2572 915 2633 etiam
950 2571 1017 2632 in
1060 2575 1427 2648 potestates
1473 2573 1678 2633 seculi
1725 2573 2261 2650 contumeliosae,
2313 2572 2690 2646 seditiosae,
2725 2572 2990 2652 impiae,
3025 2574 3169 2634 bla-

716 2662 1047 2739 sphemae,
1097 2666 1446 2737 suspectae
1491 2662 1573 2721 de
1618 2663 1876 2722 haeresi
1923 2680 2000 2722 ac
2044 2663 2370 2722 haeresim
2410 2663 2623 2738 ipsam
2657 2663 2997 2738 sapientes
3045 2680 3169 2724 1166

714 2766 851 2810 11611
875 2750 1227 2811 haereticis
1251 2755 1321 2810 et
1344 2750 1732 2811 haeresibus
1755 2768 1834 2811 ac
1856 2752 2059 2812 etiam
2092 2752 2432 2811 schismati
2468 2751 2795 2829 faventes,
2827 2768 3163 2830 erroneae,

713 2839 971 2899 haeresi
994 2841 1353 2917 proximae,
1380 2841 1630 2915 pluries
1654 2840 2008 2900 damnatae
2030 2857 2109 2900 ac
2127 2840 2390 2900 demum
2417 2841 2791 2901 haereticae
2810 2841 3167 2918 variasque

715 2928 1019 2989 haereses
1050 2932 1120 2990 et
1148 2929 1567 3005 potissimum
1603 2930 1772 3008 illas,
1820 2947 1991 3005 qnae
2027 2931 2096 2988 in
2132 2929 2404 2989 famosis
2439 2930 2734 2990 Iansenii
2765 2931 3165 3006 propositio-

714 3018 914 3078 nibus
950 3023 1019 3079 et
1049 3019 1318 3094 quidem
1367 3019 1437 3077 in
1474 3036 1551 3079 eo
1591 3036 1811 3097 sensu,
1844 3020 1913 3078 111
1954 3036 2086 3094 quo
2123 3020 2247 3078 hae
2278 3018 2634 3079 damnatae
2668 3019 2948 3079 fuerunt
2983 3036 3166 3081 acce-

716 3107 868 3186 ptis,
903 3108 1353 3185 continentur,
1394 3108 1745 3168 manifeste
1775 3108 2178 3169 innovantes
2204 3107 2597 3182 respective.

1731 3323 1952 3384 NUM.
2003 3324 2157 3385 XV.

711 3461 1181 3543 Propositiones
1214 3469 1272 3525 5.
1308 3466 1383 3526 do
1404 3467 1634 3542 duello,
1674 3468 2016 3526 damnatae
2046 3485 2088 3526 a
2118 3466 2455 3528 Benedicta
2489 3469 2604 3529 XI
2616 3469 2690 3530 V.
2722 3469 3170 3533 constitutione

901 3554 1371 3615 Detestabilem
1405 3561 1513 3615 etc.
1552 3559 1647 3615 10.
1684 3556 1845 3615 Νου.
1882 3559 2067 3616 1752.

802 3737 862 3794 1.
890 3734 1015 3795 Vir
1050 3734 1378 3808 militaris,
1414 3736 1547 3812 qui,
1589 3734 1719 3794 nisi
1751 3735 1990 3795 offerat
2019 3737 2126 3796 vel
2152 3743 2455 3814 acceptet
2486 3740 2804 3816 duellum,
2840 3746 3164 3819 tanquam

708 3823 1197 3900 formidolosus,
1238 3825 1531 3904 timidus,
1565 3825 1868 3886 abiectus
1900 3830 1970 3885 et
1999 3826 2085 3885 ad
2133 3827 2346 3888 officia
2381 3829 2701 3890 militaria
2739 3831 3013 3906 ineptus
3043 3836 3164 3896 ha-

707 3913 980 3975 beretur
1009 3915 1300 3990 indeque
1349 3915 1577 3992 officie,
1629 3932 1762 3991 quo
1797 3932 1867 3975 se
1899 3932 2190 3991 suosque
2231 3922 2586 3992 sustentat,
2621 3921 3007 3994 privaretur
3053 3926 3162 3985 vel

708 4004 1143 4078 promotionis
1174 4003 1339 4062 alias
1378 4003 1501 4062 sibi
1545 4004 1812 4065 debitae
1859 4022 1935 4064 ac
1981 4007 2379 4080 promeritae
2413 4023 2530 4083 spe
2567 4014 2893 4084 perpetuo
2940 4028 3166 4075 carere

709 4091 1002 4169 deberet,
1029 4092 1226 4167 culpa
1256 4096 1325 4152 et
1354 4108 1572 4168 poena
1596 4099 1881 4170 vacaret,
1910 4095 2051 4154 sive
2078 4097 2315 4156 offerat
2339 4097 2483 4156 sive
2506 4103 2811 4173 acceptet
2834 4100 3154 4164 duellum.

801 4183 859 4240 2.
902 4182 1218 4240 Excusari
1255 4187 1536 4258 possunt
1558 4184 1781 4259 etiam,
1815 4184 2086 4244 honoris
2117 4185 2353 4244 tuendi
2379 4187 2486 4246 vel
2525 4187 2853 4248 humanae
2875 4190 3163 4267 vilipen-

707 4270 912 4329 sionis
958 4270 1274 4332 vitandae
1321 4272 1557 4348 gratia,
1607 4272 1902 4333 duellum
1950 4277 2377 4349 acceptantes
2424 4277 2534 4335 vel
2582 4277 2668 4335 ad
2703 4277 2872 4338 illud
2921 4297 3160 4355 provo-

707 4361 965 4437 cantes5
995 4361 1264 4435 quando
1310 4367 1490 4422 certo
1537 4362 1761 4422 sciunt
1805 4380 2101 4438 pugnam
2136 4381 2269 4423 non
2304 4380 2448 4423 esse
2481 4370 2880 4443 secuturam,
2921 4372 3161 4445 utpote

708 4448 794 4508 ab
825 4447 975 4509 aliis
1013 4448 1521 4525 impediendam.

796 4539 856 4597 3.
906 4538 1055 4598 Non
1103 4539 1386 4601 incurrit
1431 4541 1914 4601 ecclesiasticas
1954 4557 2200 4616 poenas
2247 4543 2332 4602 ab
2371 4543 2671 4604 Ecclesia
2703 4549 2939 4606 contra
2968 4546 3156 4607 duel-
