3529 5158
317 362 461 437 [423]
770 376 849 416 Au
890 373 1289 416 DISPENSATIO
1329 374 1573 416 vahan
1610 374 1663 415 si
1703 375 1992 417 unum-un
2034 375 2096 415 m
2137 373 2333 416 cAnsA
2678 358 2787 413 409

321 473 486 558 apud
519 473 813 547 Palaum;
848 491 913 536 se
942 472 1155 535 tamen
1187 471 1361 554 sequi
1394 473 1771 538 sententiam
1802 473 2000 550 Palai,
2035 472 2243 555 quide
2267 472 2485 554 Leqib.
2512 474 2693 537 tract.
2721 474 2782 538 3.

318 576 477 660 disp.
513 577 574 639 2.
611 596 670 658 p.
705 576 765 638 8.
800 595 860 638 ιι.
889 575 949 638 5.
978 576 1121 657 post
1153 572 1329 638 Salas
1356 576 1418 639 et
1444 574 1751 639 Basilium
1785 575 1875 640 De
1908 576 2094 653 Leon,
2129 575 2355 657 quibus
2378 577 2441 639 et
2464 574 2785 659 Laymann

317 679 426 744 lib.
474 680 530 741 l.
571 680 755 742 tract.
796 678 859 740 4.
906 696 1039 760 cap.
1092 679 1196 741 22.
1247 697 1307 740 n.
1364 678 1463 740 12.
1505 697 1553 742 s.
1588 678 1947 761 Alphonsus
1997 679 2283 763 adiungit
2320 680 2383 743 et
2413 677 2583 755 dicit,
2610 697 2787 758 oppo-

316 782 513 847 situm
545 779 895 853 tenendum,
933 781 993 844 si
1021 778 1244 843 deinde
1279 783 1445 843 certo
1476 783 1911 861 comperiatur,
1947 801 2201 846 causam
2230 802 2358 846 non
2386 779 2645 860 affuisse
2675 786 2791 845 aut

319 903 449 948 non
481 881 679 961 fiai-sse
707 881 1140 963 sufficientem.
1181 882 1389 959 Ratio,
1425 883 1628 965 inquit
1677 904 1725 947 S.
1762 884 1948 967 Alph.
1983 887 2128 968 post
2157 885 2440 961 Palaum,
2475 886 2589 962 est,
2638 886 2785 967 quia

316 991 560 1052 certum
592 988 686 1049 est
711 985 1099 1068 principium,
1135 984 1199 1047 in
1230 984 1366 1068 lege
1391 986 1725 1068 superioris
1757 986 2028 1050 invalide
2059 986 2411 1069 dispensare
2434 987 2785 1052 inferiorem

317 1091 451 1155 sine
481 1106 672 1153 causa
708 1087 1059 1151 sufficienti.

409 1191 645 1256 Verum
689 1190 841 1254 haec
885 1189 1047 1254 ratio
1094 1207 1217 1254 non
1248 1189 1471 1254 elidere
1502 1190 1751 1255 videtur
1799 1191 1928 1254 vim
1968 1193 2481 1275 argumentorum
2513 1209 2622 1274 pro
2656 1210 2787 1256 sen-

316 1293 522 1360 tentia
547 1292 895 1357 affirmante
919 1292 1230 1357 Auctoris,
1257 1292 1378 1357 Hic
1402 1293 1566 1357 enim
1599 1294 1835 1357 tractat
1866 1293 1940 1357 de
1971 1312 2117 1358 casu
2152 1312 2273 1357 non
2303 1294 2367 1356 in
2392 1312 2516 1375 quo
2548 1294 2788 1378 dispen-

317 1416 464 1463 sans
501 1396 621 1460 scit
642 1413 895 1459 causam
928 1413 1050 1460 non
1088 1414 1218 1460 esse
1255 1395 1684 1473 sufficientem,
1719 1395 1826 1460 sed
1858 1396 1923 1459 in
1954 1414 2078 1477 quo
2114 1394 2289 1459 adest
2319 1395 2569 1476 quidem
2597 1415 2786 1461 causa

317 1500 532 1581 aliqua
564 1497 975 1580 dispensandi,
1008 1497 1114 1562 sed
1152 1516 1323 1562 error
1352 1497 1617 1580 praelati
1665 1497 1903 1563 accedit
1932 1498 1997 1562 in
2036 1516 2108 1562 eo
2143 1497 2484 1562 consistens
2517 1499 2590 1561 ut
2619 1498 2683 1562 in
2721 1517 2786 1563 re

316 1602 507 1666 dubia
541 1601 721 1683 putet
767 1599 1176 1664 sufficientem
1221 1619 1352 1664 esse
1398 1619 1671 1678 causam,
1722 1619 1883 1682 quae
1929 1600 2129 1683 reipsa
2178 1600 2325 1663 talis
2364 1618 2486 1664 non
2523 1603 2637 1663 est.
2688 1599 2787 1665 Sic

314 1705 484 1770 enim
543 1702 972 1785 quaestionem
1026 1702 1202 1786 ponit
1247 1701 1516 1766 Sanchez
1565 1703 1644 1765 ab
1690 1703 1962 1767 Auctore
2009 1701 2319 1785 allegatus
2364 1701 2440 1765 de
2486 1701 2778 1766 Matr-im.

315 1807 425 1871 lib.
470 1806 531 1869 8.
566 1804 722 1888 disp.
759 1805 861 1868 17.
902 1824 961 1868 n.
998 1806 1059 1868 8.
1093 1807 1157 1869 et
1189 1804 1428 1867 Moral.
1464 1805 1571 1868 lib.
1599 1805 1660 1868 4.
1695 1823 1829 1886 cap.
1865 1805 1970 1867 44.
2006 1825 2064 1868 n.
2106 1804 2205 1868 10.

406 1910 603 1973 Porro
628 1905 896 1971 Sanchez
923 1907 1014 1971 ita
1043 1907 1490 1972 ratiocinatur:
1526 1932 1558 1965 «
1592 1904 1752 1971 Cum
1790 1907 1853 1970 in
1891 1906 1968 1970 iis
2000 1906 2204 1971 dubiis
2236 1909 2514 1990 potestas
2546 1906 2783 1989 dispen-

313 2011 497 2078 sandi
544 2010 628 2075 sit
672 2010 951 2094 legitime
997 2028 1303 2088 concessa,
1344 2009 1625 2093 superior
1661 2028 1733 2073 ea
1763 2009 2045 2093 legitime
2077 2027 2226 2073 usus
2259 2011 2372 2074 est.
2406 2009 2573 2094 Ergo
2606 2009 2782 2074 valor

314 2116 496 2180 actus
528 2130 651 2177 non
683 2110 906 2195 pendet
952 2131 988 2175 a
1034 2111 1249 2176 futuro
1283 2114 1511 2176 eventu
1536 2137 1597 2176 ».
1637 2109 1810 2190 Quae
1843 2111 2303 2196 argumentatio
2337 2112 2434 2176 his
2466 2112 2781 2196 principiis

312 2217 698 2292 continetur3
747 2217 953 2279 certus
1001 2215 1176 2280 adest
1221 2216 1398 2279 valor
1428 2213 1906 2298 dispensationis
1953 2233 2148 2294 neque
2194 2215 2294 2277 hic
2340 2214 2516 2278 valor
2554 2215 2779 2278 idcirco

312 2322 586 2387 afuturo
603 2318 831 2382 eventu
854 2317 1111 2400 pendere
1136 2319 1361 2400 potest,
1385 2318 1631 2400 quando
1657 2317 1975 2400 praelatus
1999 2317 2251 2381 inferior
2274 2316 2553 2401 legitime
2576 2317 2782 2382 utitur

312 2424 649 2510 potestate,
677 2439 837 2503 quae
868 2420 1101 2505 pariter
1129 2421 1408 2505 legitime
1454 2438 1740 2485 concessa
1780 2420 1900 2502 ipsi
1933 2439 1967 2483 a
1999 2419 2313 2502 superiore
2344 2419 2550 2483 fuerit.
2585 2418 2781 2501 Atqui

310 2529 373 2593 in
405 2544 563 2591 casu
595 2523 847 2590 inferior
875 2524 1156 2609 legitime
1185 2524 1391 2589 utitur
1421 2524 1734 2607 potestate
1772 2522 1890 2588 sibi
1926 2522 2207 2607 legitime
2232 2522 2612 2608 absuperiore
2644 2540 2783 2587 con·

309 2648 506 2695 cessa.
543 2628 731 2712 Ergo.

397 2732 488 2794 Et
532 2731 789 2796 maioris
835 2730 1276 2813 propositionis
1322 2730 1553 2795 veritas
1600 2731 1807 2814 patet;
1858 2730 2083 2813 quippe
2131 2730 2248 2793 hae
2293 2727 2781 2812 dispensationes

310 2835 624 2912 absolute,
656 2853 778 2897 non
806 2836 1017 2899 autem
1047 2833 1465 2898 conditionate
1496 2833 1744 2910 dantur,
1786 2833 1907 2898 nisi
1937 2833 2098 2898 forte
2128 2832 2434 2896 inclusam
2462 2832 2603 2914 quis
2626 2832 2780 2896 velit

311 2939 510 3004 tacite
542 2938 656 3001 aut
687 2955 964 3019 expresse
1000 2935 1447 3012 conditionem3
1483 2937 1544 3000 si
1573 2956 1720 2999 vera
1750 2939 1904 2999 sunt
1930 2936 2209 3015 emposita
2243 2935 2430 3017 (quae
2466 2935 2623 2998 nihil
2660 2935 2780 2998 huc

308 3041 524 3124 facit);
577 3040 645 3103 at
689 3038 964 3122 profecto
1012 3057 1190 3102 nemo
1237 3038 1301 3103 in
1351 3038 1553 3102 dubiis
1593 3041 1860 3102 autnon
1892 3037 2096 3100 dubiis
2128 3036 2444 3119 dispensat
2475 3054 2618 3099 cum
2664 3036 2780 3099 hac

311 3143 705 3209 conditione:
754 3142 815 3205 si
857 3160 985 3205 non
1027 3140 1221 3221 fallor
1267 3142 1336 3204 in
1383 3139 1725 3203 iudicanda
1770 3157 1994 3202 causae
2040 3136 2424 3216 sufficientia
2462 3137 2574 3199 aut
2610 3137 2669 3198 si
2713 3137 2784 3199 in

306 3246 502 3310 dubio
534 3246 657 3309 i-sto
685 3265 878 3308 causa
909 3247 1005 3309 est
1035 3244 1374 3325 sufficiens,
1410 3243 1491 3305 Et
1520 3241 1683 3306 ratio
1722 3239 1968 3304 evidens
2002 3239 2122 3311 est;
2157 3256 2302 3300 nam
2334 3255 2508 3300 secus
2538 3236 2781 3300 infinita

306 3349 481 3413 esset
511 3348 1015 3432 scrupulosorum
1047 3365 1243 3431 seges,

403 3449 629 3530 Quoad
671 3451 974 3515 minorem
1022 3468 1186 3526 vero,
1237 3447 1367 3511 scil.
1419 3444 1770 3510 inferiorem
1809 3462 1987 3528 posse
2033 3442 2386 3525 dispensare
2416 3441 2607 3505 etiam
2639 3459 2781 3504 cum

305 3553 544 3618 dubius
599 3556 696 3617 est
746 3552 820 3616 de
873 3571 1096 3616 causae
1144 3549 1535 3625 sufficientia,
1592 3547 1873 3612 doctrina
1941 3546 2287 3610 communis
2341 3546 2436 3609 est
2481 3543 2779 3627 (Sanc-hez

305 3655 558 3720 Moral.
609 3655 716 3719 lib.
765 3657 828 3719 4.
876 3674 1009 3737 cap.
1060 3655 1165 3717 45.
1217 3674 1276 3717 n.
1331 3653 1484 3735 10.)‚
1520 3668 1708 3732 quam
1755 3650 1978 3733 probat
2010 3650 2074 3713 et
2106 3647 2388 3713 admittit
2431 3647 2563 3731 ipse
2595 3667 2643 3710 S.
2678 3645 2782 3710 Al-

306 3762 591 3844 phonsus
628 3759 737 3823 lib.
781 3760 839 3822 1.
875 3777 934 3821 n.
981 3758 1126 3822 192.

393 3864 754 3937 Praeterea,
805 3863 878 3926 ut
924 3861 1106 3924 notat
1153 3858 1421 3944 Sanchez
1469 3857 1575 3921 lib.
1618 3858 1677 3920 4.
1719 3875 1851 3939 cap.
1893 3856 1999 3918 44.
2033 3877 2092 3920 ιι.
2140 3855 2240 3917 10.
2276 3855 2443 3918 recta
2475 3851 2782 3916 Ecclesiae

307 3963 783 4032 administratio
831 3961 1132 4045 postulat,
1190 3963 1263 4025 ut
1316 3959 1621 4043 scrupulis
1670 3959 1957 4024 obvietur
2010 3975 2119 4021 nec
2166 3954 2485 4020 ferendum
2538 3956 2651 4030 est,
2709 3954 2782 4016 ut

301 4070 548 4153 passim
584 4067 1028 4151 infringantur,
1078 4083 1237 4147 quae
1285 4064 1445 4129 bona
1493 4061 1609 4126 fide
1657 4080 1693 4124 a
1741 4061 1869 4125 suis
1917 4058 2214 4144 praelatis
2260 4057 2457 4141 petita
2495 4059 2557 4120 et
2603 4059 2781 4142 gesta

301 4171 565 4238 fuerint.

390 4273 583 4356 Quod
615 4291 763 4337 vero
795 4272 946 4336 dicit
993 4290 1041 4335 S.
1095 4271 1300 4354 Alph„
1352 4271 1674 4355 Laymann
1705 4269 1771 4332 in
1805 4265 2089 4350 opposita
2123 4283 2252 4330 esse
2284 4263 2609 4341 sententia,
2660 4281 2780 4327 non

301 4376 635 4452 subsistit3
655 4375 804 4458 quia
816 4374 1135 4458 Laymann
1162 4375 1224 4438 et
1240 4373 1347 4437 alii
1373 4372 1451 4437 ab
1475 4391 1545 4438 eo
1570 4371 1771 4448 citati,
1796 4369 1958 4434 inter
1981 4388 2138 4451 quos
2163 4371 2258 4433 est
2280 4370 2472 4432 etiam
2489 4366 2779 4445 Sanchez‚

300 4481 377 4546 de
427 4481 563 4545 alio
614 4498 768 4542 casu
813 4477 1136 4561 disputant
1182 4479 1244 4540 et
1293 4477 1420 4559 ipse
1453 4495 1502 4539 s.
1543 4475 1726 4557 Ajph.
1768 4473 1875 4536 lib.
1917 4474 1972 4535 1.
2006 4493 2066 4535 n.
2106 4472 2251 4535 180.
2286 4471 2605 4555 Laymann
2640 4470 2784 4533 alle-

294 4585 486 4668 gavit
519 4601 637 4667 pro
664 4579 972 4645 sententia
1003 4576 1291 4642 Sanchez.
1321 4579 1400 4642 Et
1431 4577 1572 4641 hinc
1603 4575 1865 4660 petenda
1888 4577 1985 4640 est
2009 4573 2457 4638 sententiarum
2481 4590 2782 4656 apparens
