<?xml version="1.0" encoding="UTF-8"?>
<!DOCTYPE html PUBLIC "-//W3C//DTD XHTML 1.0 Transitional//EN"
    "http://www.w3.org/TR/xhtml1/DTD/xhtml1-transitional.dtd">
<html xmlns="http://www.w3.org/1999/xhtml" xml:lang="en" lang="en">
 <head>
  <title>
</title>
<meta http-equiv="Content-Type" content="text/html;charset=utf-8" />
  <meta name='ocr-system' content='tesseract 3.04.00' />
  <meta name='ocr-capabilities' content='ocr_page ocr_carea ocr_par ocr_line ocrx_word'/>
</head>
<body>
  <div class='ocr_page' id='page_1' title='image "./opustheologicum00palmgoog_0808.png"; bbox 0 0 3529 5158; ppageno 0'>
   <div class='ocr_carea' id='block_1_1' title="bbox 1031 331 2921 386">
    <p class='ocr_par' dir='ltr' id='par_1_1' title="bbox 1031 331 2921 386">
     <span class='ocr_line' id='line_1_1' title="bbox 1031 331 2921 386; baseline 0.002 -4"><span class='ocrx_word' id='word_1_1' title='bbox 1031 343 1117 383; x_wconf 74' lang='grc'><strong>11111</strong></span> <span class='ocrx_word' id='word_1_2' title='bbox 1152 343 1673 386; x_wconf 65' lang='lat' dir='ltr'>monuwa-noun</span> <span class='ocrx_word' id='word_1_3' title='bbox 1708 345 1890 386; x_wconf 69' lang='lat' dir='ltr'>mens</span> <span class='ocrx_word' id='word_1_4' title='bbox 1923 343 2320 386; x_wconf 66' lang='lat' dir='ltr'>Pon&#39;nrlclaun</span> <span class='ocrx_word' id='word_1_5' title='bbox 2811 331 2921 386; x_wconf 83' lang='lat'>715</span> 
     </span>
    </p>
   </div>
   <div class='ocr_carea' id='block_1_2' title="bbox 422 439 2951 4416">
    <p class='ocr_par' dir='ltr' id='par_1_2' title="bbox 463 439 2928 1245">
     <span class='ocr_line' id='line_1_2' title="bbox 463 439 2924 527; baseline -0 -20"><span class='ocrx_word' id='word_1_6' title='bbox 463 442 591 507; x_wconf 84' lang='lat' dir='ltr'>tius</span> <span class='ocrx_word' id='word_1_7' title='bbox 636 443 1121 526; x_wconf 83' lang='lat' dir='ltr'>praesumuntur</span> <span class='ocrx_word' id='word_1_8' title='bbox 1163 441 1381 505; x_wconf 81' lang='lat' dir='ltr'>seire...</span> <span class='ocrx_word' id='word_1_9' title='bbox 1430 442 1501 505; x_wconf 91' lang='lat' dir='ltr'>In</span> <span class='ocrx_word' id='word_1_10' title='bbox 1546 439 2009 506; x_wconf 70' lang='lat' dir='ltr'>Constitutione</span> <span class='ocrx_word' id='word_1_11' title='bbox 2055 443 2458 527; x_wconf 63' lang='lat' dir='ltr'>Immratoris</span> <span class='ocrx_word' id='word_1_12' title='bbox 2505 443 2924 526; x_wconf 81' lang='lat' dir='ltr'>praesumitur</span> 
     </span>
     <span class='ocr_line' id='line_1_3' title="bbox 464 542 2924 629; baseline -0.001 -19"><span class='ocrx_word' id='word_1_13' title='bbox 464 544 722 610; x_wconf 77' lang='lat' dir='ltr'>scientia</span> <span class='ocrx_word' id='word_1_14' title='bbox 766 544 910 627; x_wconf 90' lang='lat' dir='ltr'>post</span> <span class='ocrx_word' id='word_1_15' title='bbox 952 542 1110 608; x_wconf 90' lang='lat' dir='ltr'>duos</span> <span class='ocrx_word' id='word_1_16' title='bbox 1154 561 1393 608; x_wconf 88' lang='lat' dir='ltr'>menses</span> <span class='ocrx_word' id='word_1_17' title='bbox 1450 562 1486 607; x_wconf 88' lang='lat' dir='ltr'>a</span> <span class='ocrx_word' id='word_1_18' title='bbox 1532 543 1950 626; x_wconf 80' lang='lat' dir='ltr'>publicatione</span> <span class='ocrx_word' id='word_1_19' title='bbox 1997 544 2163 609; x_wconf 84' lang='lat' dir='ltr'>facta</span> <span class='ocrx_word' id='word_1_20' title='bbox 2208 545 2272 610; x_wconf 92' lang='lat' dir='ltr'>in</span> <span class='ocrx_word' id='word_1_21' title='bbox 2320 544 2702 629; x_wconf 84' lang='lat' dir='ltr'>provincia...</span> <span class='ocrx_word' id='word_1_22' title='bbox 2753 544 2924 608; x_wconf 80' lang='lat' dir='ltr'>Idem</span> 
     </span>
     <span class='ocr_line' id='line_1_4' title="bbox 464 644 2924 730; baseline -0.001 -19"><span class='ocrx_word' id='word_1_23' title='bbox 464 647 633 712; x_wconf 82' lang='lat' dir='ltr'>dieas</span> <span class='ocrx_word' id='word_1_24' title='bbox 677 646 751 710; x_wconf 89' lang='lat' dir='ltr'>de</span> <span class='ocrx_word' id='word_1_25' title='bbox 796 644 1256 711; x_wconf 83' lang='lat' dir='ltr'>Constitutione</span> <span class='ocrx_word' id='word_1_26' title='bbox 1301 645 1508 729; x_wconf 82' lang='lat' dir='ltr'>Papae</span> <span class='ocrx_word' id='word_1_27' title='bbox 1537 648 1817 729; x_wconf 87' lang='lat' dir='ltr'>respectu</span> <span class='ocrx_word' id='word_1_28' title='bbox 1866 647 2234 730; x_wconf 84' lang='lat' dir='ltr'>provinciae,</span> <span class='ocrx_word' id='word_1_29' title='bbox 2267 647 2333 711; x_wconf 91' lang='lat' dir='ltr'>in</span> <span class='ocrx_word' id='word_1_30' title='bbox 2378 665 2504 729; x_wconf 86' lang='lat' dir='ltr'>qua</span> <span class='ocrx_word' id='word_1_31' title='bbox 2549 646 2924 730; x_wconf 83' lang='lat' dir='ltr'>publicatur.</span> 
     </span>
     <span class='ocr_line' id='line_1_5' title="bbox 466 747 2924 833; baseline -0 -18"><span class='ocrx_word' id='word_1_32' title='bbox 466 750 533 815; x_wconf 88' lang='lat' dir='ltr'>Si</span> <span class='ocrx_word' id='word_1_33' title='bbox 579 751 790 815; x_wconf 88' lang='lat' dir='ltr'>autem</span> <span class='ocrx_word' id='word_1_34' title='bbox 835 748 1189 833; x_wconf 82' lang='lat' dir='ltr'>publicatur</span> <span class='ocrx_word' id='word_1_35' title='bbox 1232 748 1490 824; x_wconf 81' lang='lat' dir='ltr'>Romae,</span> <span class='ocrx_word' id='word_1_36' title='bbox 1528 747 1741 811; x_wconf 85' lang='lat' dir='ltr'>dicit...</span> <span class='ocrx_word' id='word_1_37' title='bbox 1776 747 2006 826; x_wconf 83' lang='lat' dir='ltr'>Abbas‚</span> <span class='ocrx_word' id='word_1_38' title='bbox 2039 752 2287 832; x_wconf 84' lang='lat' dir='ltr'>tempus</span> <span class='ocrx_word' id='word_1_39' title='bbox 2333 749 2461 814; x_wconf 80' lang='lat' dir='ltr'>fore</span> <span class='ocrx_word' id='word_1_40' title='bbox 2499 749 2924 827; x_wconf 87' lang='lat' dir='ltr'>arbitrarium,</span> 
     </span>
     <span class='ocr_line' id='line_1_6' title="bbox 464 849 2927 933; baseline -0.001 -15"><span class='ocrx_word' id='word_1_41' title='bbox 464 871 611 918; x_wconf 85' lang='grc'><strong>011111</strong></span> <span class='ocrx_word' id='word_1_42' title='bbox 638 851 867 916; x_wconf 89' lang='lat' dir='ltr'>durum</span> <span class='ocrx_word' id='word_1_43' title='bbox 895 850 981 915; x_wconf 85' lang='lat' dir='ltr'>sit</span> <span class='ocrx_word' id='word_1_44' title='bbox 1009 850 1330 915; x_wconf 80' lang='lat' dir='ltr'>extendere</span> <span class='ocrx_word' id='word_1_45' title='bbox 1364 850 1542 915; x_wconf 89' lang='lat' dir='ltr'>illam</span> <span class='ocrx_word' id='word_1_46' title='bbox 1571 850 2018 917; x_wconf 82' lang='lat' dir='ltr'>Authenticam</span> <span class='ocrx_word' id='word_1_47' title='bbox 2047 850 2127 915; x_wconf 88' lang='lat' dir='ltr'>ad</span> <span class='ocrx_word' id='word_1_48' title='bbox 2158 849 2689 917; x_wconf 84' lang='lat' dir='ltr'>Constitutionem</span> <span class='ocrx_word' id='word_1_49' title='bbox 2718 851 2927 933; x_wconf 83' lang='lat' dir='ltr'>Papae</span> 
     </span>
     <span class='ocr_line' id='line_1_7' title="bbox 467 952 2928 1038; baseline -0 -19"><span class='ocrx_word' id='word_1_50' title='bbox 467 956 702 1020; x_wconf 90' lang='lat' dir='ltr'>Romae</span> <span class='ocrx_word' id='word_1_51' title='bbox 733 954 1134 1037; x_wconf 90' lang='lat' dir='ltr'>publicatam,</span> <span class='ocrx_word' id='word_1_52' title='bbox 1167 973 1309 1018; x_wconf 92' lang='lat' dir='ltr'>cum</span> <span class='ocrx_word' id='word_1_53' title='bbox 1344 953 1574 1018; x_wconf 89' lang='lat' dir='ltr'>habeat</span> <span class='ocrx_word' id='word_1_54' title='bbox 1605 952 1988 1038; x_wconf 86' lang='lat' dir='ltr'>adstringere</span> <span class='ocrx_word' id='word_1_55' title='bbox 2019 954 2366 1037; x_wconf 88' lang='lat' dir='ltr'>provincias</span> <span class='ocrx_word' id='word_1_56' title='bbox 2400 954 2693 1018; x_wconf 83' lang='lat' dir='ltr'>universi.</span> <span class='ocrx_word' id='word_1_57' title='bbox 2727 954 2809 1017; x_wconf 83' lang='lat' dir='ltr'>Et</span> <span class='ocrx_word' id='word_1_58' title='bbox 2837 954 2928 1018; x_wconf 88' lang='lat' dir='ltr'>sic</span> 
     </span>
     <span class='ocr_line' id='line_1_8' title="bbox 465 1055 2926 1140; baseline -0.002 -17"><span class='ocrx_word' id='word_1_59' title='bbox 465 1058 779 1123; x_wconf 83' lang='lat' dir='ltr'>limitatur</span> <span class='ocrx_word' id='word_1_60' title='bbox 808 1056 1047 1122; x_wconf 84' lang='lat' dir='ltr'>dictum</span> <span class='ocrx_word' id='word_1_61' title='bbox 1078 1056 1167 1121; x_wconf 92' lang='lat' dir='ltr'>Io.</span> <span class='ocrx_word' id='word_1_62' title='bbox 1201 1055 1569 1134; x_wconf 82' lang='lat' dir='ltr'>Andreae...,</span> <span class='ocrx_word' id='word_1_63' title='bbox 1598 1056 1779 1121; x_wconf 86' lang='lat' dir='ltr'>cuius</span> <span class='ocrx_word' id='word_1_64' title='bbox 1810 1056 1997 1121; x_wconf 87' lang='lat' dir='ltr'>verba</span> <span class='ocrx_word' id='word_1_65' title='bbox 2034 1055 2290 1121; x_wconf 79' lang='lat' dir='ltr'>inducas</span> <span class='ocrx_word' id='word_1_66' title='bbox 2320 1056 2400 1121; x_wconf 84' lang='lat' dir='ltr'>ad</span> <span class='ocrx_word' id='word_1_67' title='bbox 2430 1056 2926 1140; x_wconf 85' lang='lat' dir='ltr'>Extravagantes</span> 
     </span>
     <span class='ocr_line' id='line_1_9' title="bbox 465 1156 2591 1245; baseline -0.001 -20"><span class='ocrx_word' id='word_1_68' title='bbox 465 1163 527 1225; x_wconf 90' lang='lat' dir='ltr'>et</span> <span class='ocrx_word' id='word_1_69' title='bbox 562 1159 840 1245; x_wconf 83' lang='lat' dir='ltr'>Regulas</span> <span class='ocrx_word' id='word_1_70' title='bbox 885 1156 1322 1236; x_wconf 75' lang='lat' dir='ltr'>cancellariae,</span> <span class='ocrx_word' id='word_1_71' title='bbox 1355 1177 1514 1239; x_wconf 85' lang='lat' dir='ltr'>quae</span> <span class='ocrx_word' id='word_1_72' title='bbox 1560 1157 1958 1241; x_wconf 82' lang='lat' dir='ltr'>publicantur</span> <span class='ocrx_word' id='word_1_73' title='bbox 2003 1158 2208 1223; x_wconf 92' lang='lat' dir='ltr'>solum</span> <span class='ocrx_word' id='word_1_74' title='bbox 2254 1159 2491 1223; x_wconf 85' lang='lat' dir='ltr'>Romae</span> <span class='ocrx_word' id='word_1_75' title='bbox 2529 1183 2591 1222; x_wconf 81' lang='lat'>».</span> 
     </span>
    </p>

    <p class='ocr_par' dir='ltr' id='par_1_3' title="bbox 467 1258 2928 1550">
     <span class='ocr_line' id='line_1_10' title="bbox 554 1258 2928 1343; baseline -0.001 -17"><span class='ocrx_word' id='word_1_76' title='bbox 554 1259 787 1326; x_wconf 85' lang='lat' dir='ltr'>Caecus</span> <span class='ocrx_word' id='word_1_77' title='bbox 825 1263 1037 1326; x_wconf 90' lang='lat' dir='ltr'>autem</span> <span class='ocrx_word' id='word_1_78' title='bbox 1067 1261 1154 1326; x_wconf 89' lang='lat' dir='ltr'>sit</span> <span class='ocrx_word' id='word_1_79' title='bbox 1186 1260 1450 1343; x_wconf 83' lang='lat' dir='ltr'>oportet,</span> <span class='ocrx_word' id='word_1_80' title='bbox 1484 1260 1593 1341; x_wconf 89' lang='lat' dir='ltr'>qui</span> <span class='ocrx_word' id='word_1_81' title='bbox 1623 1278 1746 1324; x_wconf 88' lang='lat' dir='ltr'>non</span> <span class='ocrx_word' id='word_1_82' title='bbox 1785 1258 1954 1324; x_wconf 83' lang='lat' dir='ltr'>videt</span> <span class='ocrx_word' id='word_1_83' title='bbox 1985 1258 2057 1323; x_wconf 87' lang='lat' dir='ltr'>de</span> <span class='ocrx_word' id='word_1_84' title='bbox 2090 1260 2216 1324; x_wconf 84' lang='lat' dir='ltr'>alia</span> <span class='ocrx_word' id='word_1_85' title='bbox 2255 1260 2504 1326; x_wconf 90' lang='lat' dir='ltr'>omnino</span> <span class='ocrx_word' id='word_1_86' title='bbox 2543 1279 2608 1325; x_wconf 91' lang='lat' dir='ltr'>re</span> <span class='ocrx_word' id='word_1_87' title='bbox 2640 1259 2776 1324; x_wconf 88' lang='lat' dir='ltr'>heic</span> <span class='ocrx_word' id='word_1_88' title='bbox 2807 1258 2928 1323; x_wconf 91' lang='lat' dir='ltr'>dis·</span> 
     </span>
     <span class='ocr_line' id='line_1_11' title="bbox 467 1361 2928 1450; baseline -0.003 -20"><span class='ocrx_word' id='word_1_89' title='bbox 467 1364 677 1450; x_wconf 82' lang='lat' dir='ltr'>putari</span> <span class='ocrx_word' id='word_1_90' title='bbox 723 1383 796 1429; x_wconf 86' lang='lat' dir='ltr'>ao</span> <span class='ocrx_word' id='word_1_91' title='bbox 840 1362 916 1427; x_wconf 90' lang='lat' dir='ltr'>de</span> <span class='ocrx_word' id='word_1_92' title='bbox 950 1362 1315 1428; x_wconf 82' lang='lat' dir='ltr'>necessitate</span> <span class='ocrx_word' id='word_1_93' title='bbox 1350 1361 1881 1444; x_wconf 72' lang='lat' dir='ltr'>promulyatz&#39;onis</span> <span class='ocrx_word' id='word_1_94' title='bbox 1925 1362 1990 1426; x_wconf 89' lang='lat' dir='ltr'>in</span> <span class='ocrx_word' id='word_1_95' title='bbox 2021 1361 2287 1448; x_wconf 82' lang='lat' dir='ltr'>singulis</span> <span class='ocrx_word' id='word_1_96' title='bbox 2317 1361 2670 1445; x_wconf 83' lang='lat' dir='ltr'>provinciis,</span> <span class='ocrx_word' id='word_1_97' title='bbox 2710 1362 2785 1425; x_wconf 90' lang='lat' dir='ltr'>ut</span> <span class='ocrx_word' id='word_1_98' title='bbox 2821 1361 2928 1423; x_wconf 89' lang='lat' dir='ltr'>ha-</span> 
     </span>
     <span class='ocr_line' id='line_1_12' title="bbox 467 1466 982 1550; baseline -0.008 -17"><span class='ocrx_word' id='word_1_99' title='bbox 467 1468 613 1533; x_wconf 85' lang='lat' dir='ltr'>beat</span> <span class='ocrx_word' id='word_1_100' title='bbox 641 1466 771 1531; x_wconf 84' lang='lat' dir='ltr'>vim</span> <span class='ocrx_word' id='word_1_101' title='bbox 805 1466 982 1550; x_wconf 89' lang='lat' dir='ltr'>legis.</span> 
     </span>
    </p>

    <p class='ocr_par' dir='ltr' id='par_1_4' title="bbox 468 1565 2933 2164">
     <span class='ocr_line' id='line_1_13' title="bbox 564 1565 2926 1649; baseline -0.001 -17"><span class='ocrx_word' id='word_1_102' title='bbox 564 1570 668 1632; x_wconf 87' lang='grc'>17.</span> <span class='ocrx_word' id='word_1_103' title='bbox 699 1567 1100 1631; x_wconf 85' lang='lat' dir='ltr'>Reiffenstuel</span> <span class='ocrx_word' id='word_1_104' title='bbox 1137 1565 1329 1643; x_wconf 80' lang='lat' dir='ltr'>addit,</span> <span class='ocrx_word' id='word_1_105' title='bbox 1368 1567 1533 1629; x_wconf 87' lang='lat' dir='ltr'>stare</span> <span class='ocrx_word' id='word_1_106' title='bbox 1579 1583 1689 1648; x_wconf 92' lang='lat' dir='ltr'>pro</span> <span class='ocrx_word' id='word_1_107' title='bbox 1736 1565 1955 1649; x_wconf 87' lang='lat' dir='ltr'>Regal.</span> <span class='ocrx_word' id='word_1_108' title='bbox 1991 1566 2276 1649; x_wconf 86' lang='lat' dir='ltr'>opinione</span> <span class='ocrx_word' id='word_1_109' title='bbox 2306 1567 2497 1631; x_wconf 82' lang='lat' dir='ltr'>etiam</span> <span class='ocrx_word' id='word_1_110' title='bbox 2527 1566 2926 1631; x_wconf 90' lang='lat' dir='ltr'>Dominicum</span> 
     </span>
     <span class='ocr_line' id='line_1_14' title="bbox 472 1665 2929 1752; baseline -0.002 -16"><span class='ocrx_word' id='word_1_111' title='bbox 472 1670 661 1746; x_wconf 72' lang='lat' dir='ltr'>Sot03</span> <span class='ocrx_word' id='word_1_112' title='bbox 691 1668 799 1734; x_wconf 89' lang='lat' dir='ltr'>sed</span> <span class='ocrx_word' id='word_1_113' title='bbox 844 1686 1181 1752; x_wconf 89' lang='lat' dir='ltr'>perperam.</span> <span class='ocrx_word' id='word_1_114' title='bbox 1214 1665 1379 1731; x_wconf 86' lang='lat' dir='ltr'>Nam</span> <span class='ocrx_word' id='word_1_115' title='bbox 1425 1665 1576 1731; x_wconf 88' lang='lat' dir='ltr'>Soto</span> <span class='ocrx_word' id='word_1_116' title='bbox 1623 1666 1699 1730; x_wconf 82' lang='lat' dir='ltr'>de</span> <span class='ocrx_word' id='word_1_117' title='bbox 1729 1666 1893 1731; x_wconf 76' lang='lat' dir='ltr'>Iust.</span> <span class='ocrx_word' id='word_1_118' title='bbox 1931 1672 1993 1730; x_wconf 80' lang='lat' dir='ltr'>et</span> <span class='ocrx_word' id='word_1_119' title='bbox 2027 1666 2149 1730; x_wconf 78' lang='lat' dir='ltr'>Im·</span> <span class='ocrx_word' id='word_1_120' title='bbox 2176 1667 2282 1732; x_wconf 90' lang='lat' dir='ltr'>lib.</span> <span class='ocrx_word' id='word_1_121' title='bbox 2327 1669 2385 1731; x_wconf 89' lang='lat'>1.</span> <span class='ocrx_word' id='word_1_122' title='bbox 2424 1688 2484 1750; x_wconf 91' lang='lat' dir='ltr'>q.</span> <span class='ocrx_word' id='word_1_123' title='bbox 2524 1670 2580 1732; x_wconf 91' lang='lat'>1.</span> <span class='ocrx_word' id='word_1_124' title='bbox 2616 1669 2736 1732; x_wconf 86' lang='lat' dir='ltr'>art.</span> <span class='ocrx_word' id='word_1_125' title='bbox 2769 1670 2831 1731; x_wconf 87' lang='grc'>4.</span> <span class='ocrx_word' id='word_1_126' title='bbox 2865 1668 2929 1731; x_wconf 89' lang='grc'>111</span> 
     </span>
     <span class='ocr_line' id='line_1_15' title="bbox 468 1767 2927 1859; baseline -0.002 -22"><span class='ocrx_word' id='word_1_127' title='bbox 468 1772 686 1859; x_wconf 86' lang='lat' dir='ltr'>primis</span> <span class='ocrx_word' id='word_1_128' title='bbox 730 1770 883 1836; x_wconf 84' lang='lat' dir='ltr'>facit</span> <span class='ocrx_word' id='word_1_129' title='bbox 927 1770 1354 1852; x_wconf 79' lang='lat' dir='ltr'>quaestionem</span> <span class='ocrx_word' id='word_1_130' title='bbox 1400 1767 1474 1833; x_wconf 91' lang='lat' dir='ltr'>de</span> <span class='ocrx_word' id='word_1_131' title='bbox 1520 1768 1760 1853; x_wconf 87' lang='lat' dir='ltr'>legibus</span> <span class='ocrx_word' id='word_1_132' title='bbox 1799 1769 2192 1834; x_wconf 86' lang='lat' dir='ltr'>irritantibus</span> <span class='ocrx_word' id='word_1_133' title='bbox 2225 1771 2288 1834; x_wconf 91' lang='lat' dir='ltr'>et</span> <span class='ocrx_word' id='word_1_134' title='bbox 2319 1770 2469 1834; x_wconf 86' lang='lat' dir='ltr'>tunc</span> <span class='ocrx_word' id='word_1_135' title='bbox 2507 1770 2705 1834; x_wconf 88' lang='lat' dir='ltr'>solum</span> <span class='ocrx_word' id='word_1_136' title='bbox 2756 1770 2927 1847; x_wconf 86' lang='lat' dir='ltr'>dicit,</span> 
     </span>
     <span class='ocr_line' id='line_1_16' title="bbox 469 1871 2932 1955; baseline -0.002 -13"><span class='ocrx_word' id='word_1_137' title='bbox 469 1876 756 1942; x_wconf 85' lang='lat' dir='ltr'>effectum</span> <span class='ocrx_word' id='word_1_138' title='bbox 792 1891 914 1937; x_wconf 90' lang='lat' dir='ltr'>non</span> <span class='ocrx_word' id='word_1_139' title='bbox 946 1872 1169 1937; x_wconf 88' lang='lat' dir='ltr'>habere</span> <span class='ocrx_word' id='word_1_140' title='bbox 1205 1871 1326 1937; x_wconf 88' lang='lat' dir='ltr'>nisi</span> <span class='ocrx_word' id='word_1_141' title='bbox 1362 1871 1837 1955; x_wconf 86' lang='lat' dir='ltr'>promulgentur</span> <span class='ocrx_word' id='word_1_142' title='bbox 1881 1872 1946 1935; x_wconf 92' lang='lat' dir='ltr'>in</span> <span class='ocrx_word' id='word_1_143' title='bbox 1991 1872 2327 1955; x_wconf 84' lang='lat' dir='ltr'>provincia,</span> <span class='ocrx_word' id='word_1_144' title='bbox 2362 1872 2606 1954; x_wconf 86' lang='lat' dir='ltr'>quando</span> <span class='ocrx_word' id='word_1_145' title='bbox 2646 1872 2932 1937; x_wconf 80' lang='lat' dir='ltr'>Pontifex</span> 
     </span>
     <span class='ocr_line' id='line_1_17' title="bbox 468 1971 2933 2063; baseline -0.002 -20"><span class='ocrx_word' id='word_1_146' title='bbox 468 1978 531 2043; x_wconf 91' lang='lat' dir='ltr'>id</span> <span class='ocrx_word' id='word_1_147' title='bbox 568 1976 774 2041; x_wconf 89' lang='lat' dir='ltr'>innuit</span> <span class='ocrx_word' id='word_1_148' title='bbox 821 1993 934 2040; x_wconf 89' lang='lat' dir='ltr'>suo</span> <span class='ocrx_word' id='word_1_149' title='bbox 982 1974 1249 2039; x_wconf 87' lang='lat' dir='ltr'>silentio.</span> <span class='ocrx_word' id='word_1_150' title='bbox 1283 1973 1444 2037; x_wconf 90' lang='lat' dir='ltr'>Hinc</span> <span class='ocrx_word' id='word_1_151' title='bbox 1476 1971 1702 2038; x_wconf 86' lang='lat' dir='ltr'>Suarez</span> <span class='ocrx_word' id='word_1_152' title='bbox 1741 1972 1816 2036; x_wconf 84' lang='lat' dir='ltr'>de</span> <span class='ocrx_word' id='word_1_153' title='bbox 1848 1972 2000 2056; x_wconf 75' lang='lat' dir='ltr'>Ley.</span> <span class='ocrx_word' id='word_1_154' title='bbox 2035 1974 2144 2038; x_wconf 90' lang='lat' dir='ltr'>lib.</span> <span class='ocrx_word' id='word_1_155' title='bbox 2178 1976 2239 2038; x_wconf 88' lang='grc'>4.</span> <span class='ocrx_word' id='word_1_156' title='bbox 2276 1993 2409 2057; x_wconf 82' lang='lat' dir='ltr'>cap.</span> <span class='ocrx_word' id='word_1_157' title='bbox 2448 1975 2553 2063; x_wconf 82' lang='lat'>15.-</span> <span class='ocrx_word' id='word_1_158' title='bbox 2587 1995 2647 2039; x_wconf 92' lang='lat' dir='ltr'>n.</span> <span class='ocrx_word' id='word_1_159' title='bbox 2684 1976 2746 2039; x_wconf 85' lang='lat'>3.</span> <span class='ocrx_word' id='word_1_160' title='bbox 2779 1972 2933 2040; x_wconf 87' lang='lat' dir='ltr'>Soto</span> 
     </span>
     <span class='ocr_line' id='line_1_18' title="bbox 472 2075 1559 2164; baseline -0.006 -19"><span class='ocrx_word' id='word_1_161' title='bbox 472 2098 581 2164; x_wconf 92' lang='lat' dir='ltr'>pro</span> <span class='ocrx_word' id='word_1_162' title='bbox 613 2076 929 2144; x_wconf 88' lang='lat' dir='ltr'>communi</span> <span class='ocrx_word' id='word_1_163' title='bbox 966 2076 1273 2142; x_wconf 86' lang='lat' dir='ltr'>sententia</span> <span class='ocrx_word' id='word_1_164' title='bbox 1305 2075 1559 2160; x_wconf 87' lang='lat' dir='ltr'>allegat.</span> 
     </span>
    </p>

    <p class='ocr_par' dir='ltr' id='par_1_5' title="bbox 422 2176 2951 4416">
     <span class='ocr_line' id='line_1_19' title="bbox 561 2176 2935 2246; baseline -0.001 -1"><span class='ocrx_word' id='word_1_165' title='bbox 561 2180 909 2246; x_wconf 83' lang='lat' dir='ltr'>Audiamus</span> <span class='ocrx_word' id='word_1_166' title='bbox 954 2197 1129 2243; x_wconf 86' lang='lat' dir='ltr'>eum:</span> <span class='ocrx_word' id='word_1_167' title='bbox 1157 2203 1193 2237; x_wconf 65' lang='grc' dir='ltr'><strong><em>α</em></strong></span> <span class='ocrx_word' id='word_1_168' title='bbox 1229 2178 1317 2243; x_wconf 84' lang='lat' dir='ltr'>At</span> <span class='ocrx_word' id='word_1_169' title='bbox 1360 2197 1503 2243; x_wconf 87' lang='lat' dir='ltr'>vero</span> <span class='ocrx_word' id='word_1_170' title='bbox 1542 2178 1615 2243; x_wconf 90' lang='lat' dir='ltr'>de</span> <span class='ocrx_word' id='word_1_171' title='bbox 1663 2176 1919 2244; x_wconf 88' lang='lat' dir='ltr'>Summo</span> <span class='ocrx_word' id='word_1_172' title='bbox 1958 2178 2257 2244; x_wconf 87' lang='lat' dir='ltr'>Pontifioe</span> <span class='ocrx_word' id='word_1_173' title='bbox 2303 2179 2571 2244; x_wconf 86' lang='lat' dir='ltr'>asseruit</span> <span class='ocrx_word' id='word_1_174' title='bbox 2616 2179 2935 2245; x_wconf 89' lang='lat' dir='ltr'>Panormi-</span> 
     </span>
     <span class='ocr_line' id='line_1_20' title="bbox 473 2280 2931 2365; baseline -0.001 -17"><span class='ocrx_word' id='word_1_175' title='bbox 473 2285 746 2359; x_wconf 83' lang='lat' dir='ltr'>tanus...,</span> <span class='ocrx_word' id='word_1_176' title='bbox 795 2281 950 2346; x_wconf 86' lang='lat' dir='ltr'>satis</span> <span class='ocrx_word' id='word_1_177' title='bbox 995 2298 1147 2357; x_wconf 88' lang='lat' dir='ltr'>esse,</span> <span class='ocrx_word' id='word_1_178' title='bbox 1181 2280 1235 2344; x_wconf 90' lang='lat' dir='ltr'>si</span> <span class='ocrx_word' id='word_1_179' title='bbox 1279 2281 1411 2345; x_wconf 87' lang='lat' dir='ltr'>eius</span> <span class='ocrx_word' id='word_1_180' title='bbox 1457 2280 1623 2364; x_wconf 89' lang='lat' dir='ltr'>leges</span> <span class='ocrx_word' id='word_1_181' title='bbox 1670 2281 1907 2346; x_wconf 84' lang='lat' dir='ltr'>Romae</span> <span class='ocrx_word' id='word_1_182' title='bbox 1953 2282 2364 2365; x_wconf 85' lang='lat' dir='ltr'>publicentur,</span> <span class='ocrx_word' id='word_1_183' title='bbox 2414 2301 2599 2364; x_wconf 87' lang='lat' dir='ltr'>quem</span> <span class='ocrx_word' id='word_1_184' title='bbox 2649 2281 2931 2347; x_wconf 89' lang='lat' dir='ltr'>nonnulli</span> 
     </span>
     <span class='ocr_line' id='line_1_21' title="bbox 474 2380 2933 2468; baseline -0.002 -17"><span class='ocrx_word' id='word_1_185' title='bbox 474 2386 837 2468; x_wconf 86' lang='lat' dir='ltr'>sequuntur,</span> <span class='ocrx_word' id='word_1_186' title='bbox 871 2382 1159 2459; x_wconf 81' lang='lat' dir='ltr'>dicenteS,</span> <span class='ocrx_word' id='word_1_187' title='bbox 1193 2381 1558 2446; x_wconf 90' lang='lat' dir='ltr'>Pontificem</span> <span class='ocrx_word' id='word_1_188' title='bbox 1592 2380 1923 2448; x_wconf 87' lang='lat' dir='ltr'>Summum</span> <span class='ocrx_word' id='word_1_189' title='bbox 1959 2383 2279 2466; x_wconf 89' lang='lat' dir='ltr'>plumbeos</span> <span class='ocrx_word' id='word_1_190' title='bbox 2309 2384 2535 2448; x_wconf 89' lang='lat' dir='ltr'>habere</span> <span class='ocrx_word' id='word_1_191' title='bbox 2565 2383 2766 2467; x_wconf 90' lang='lat' dir='ltr'>pedes,</span> <span class='ocrx_word' id='word_1_192' title='bbox 2801 2383 2933 2465; x_wconf 88' lang='lat' dir='ltr'>qui-</span> 
     </span>
     <span class='ocr_line' id='line_1_22' title="bbox 473 2482 2933 2570; baseline -0.002 -16"><span class='ocrx_word' id='word_1_193' title='bbox 473 2490 589 2554; x_wconf 88' lang='lat' dir='ltr'>bus</span> <span class='ocrx_word' id='word_1_194' title='bbox 635 2486 973 2552; x_wconf 86' lang='lat' dir='ltr'>discurrere</span> <span class='ocrx_word' id='word_1_195' title='bbox 1003 2484 1236 2566; x_wconf 84' lang='lat' dir='ltr'>nequit.</span> <span class='ocrx_word' id='word_1_196' title='bbox 1271 2484 1352 2548; x_wconf 81' lang='lat' dir='ltr'>Et</span> <span class='ocrx_word' id='word_1_197' title='bbox 1388 2482 1764 2568; x_wconf 81' lang='lat' dir='ltr'>Sylvester...</span> <span class='ocrx_word' id='word_1_198' title='bbox 1800 2484 1951 2549; x_wconf 87' lang='lat' dir='ltr'>dicit</span> <span class='ocrx_word' id='word_1_199' title='bbox 1997 2486 2085 2550; x_wconf 88' lang='lat' dir='ltr'>sic</span> <span class='ocrx_word' id='word_1_200' title='bbox 2130 2486 2364 2550; x_wconf 86' lang='lat' dir='ltr'>servari</span> <span class='ocrx_word' id='word_1_201' title='bbox 2392 2486 2458 2550; x_wconf 84' lang='lat' dir='ltr'>in</span> <span class='ocrx_word' id='word_1_202' title='bbox 2490 2486 2783 2570; x_wconf 85' lang='lat' dir='ltr'>practica.</span> <span class='ocrx_word' id='word_1_203' title='bbox 2817 2485 2933 2549; x_wconf 88' lang='lat' dir='ltr'>Ve-</span> 
     </span>
     <span class='ocr_line' id='line_1_23' title="bbox 475 2587 2932 2665; baseline -0.002 -9"><span class='ocrx_word' id='word_1_204' title='bbox 475 2611 616 2656; x_wconf 85' lang='lat' dir='ltr'>rum</span> <span class='ocrx_word' id='word_1_205' title='bbox 645 2592 741 2656; x_wconf 89' lang='lat' dir='ltr'>est</span> <span class='ocrx_word' id='word_1_206' title='bbox 772 2591 1002 2665; x_wconf 89' lang='lat' dir='ltr'>tamen,</span> <span class='ocrx_word' id='word_1_207' title='bbox 1037 2587 1299 2653; x_wconf 90' lang='lat' dir='ltr'>eundem</span> <span class='ocrx_word' id='word_1_208' title='bbox 1329 2587 1908 2653; x_wconf 83' lang='lat' dir='ltr'>Panormitanum...</span> <span class='ocrx_word' id='word_1_209' title='bbox 1936 2587 2025 2654; x_wconf 91' lang='lat' dir='ltr'>sic</span> <span class='ocrx_word' id='word_1_210' title='bbox 2054 2606 2140 2665; x_wconf 89' lang='lat' dir='ltr'>se,</span> <span class='ocrx_word' id='word_1_211' title='bbox 2173 2589 2509 2654; x_wconf 84' lang='lat' dir='ltr'>secundum</span> <span class='ocrx_word' id='word_1_212' title='bbox 2541 2607 2932 2655; x_wconf 88' lang='lat' dir='ltr'>communem</span> 
     </span>
     <span class='ocr_line' id='line_1_24' title="bbox 478 2691 2936 2780; baseline -0.002 -19"><span class='ocrx_word' id='word_1_213' title='bbox 478 2695 846 2780; x_wconf 87' lang='lat' dir='ltr'>opinionem,</span> <span class='ocrx_word' id='word_1_214' title='bbox 894 2709 1210 2774; x_wconf 83' lang='lat' dir='ltr'>exponere,</span> <span class='ocrx_word' id='word_1_215' title='bbox 1260 2692 1333 2754; x_wconf 90' lang='lat' dir='ltr'>ut</span> <span class='ocrx_word' id='word_1_216' title='bbox 1379 2693 1633 2768; x_wconf 83' lang='lat' dir='ltr'>asserat,</span> <span class='ocrx_word' id='word_1_217' title='bbox 1681 2691 1886 2776; x_wconf 87' lang='lat' dir='ltr'>legem</span> <span class='ocrx_word' id='word_1_218' title='bbox 1930 2710 2053 2755; x_wconf 91' lang='lat' dir='ltr'>non</span> <span class='ocrx_word' id='word_1_219' title='bbox 2100 2692 2405 2773; x_wconf 89' lang='lat' dir='ltr'>quantum</span> <span class='ocrx_word' id='word_1_220' title='bbox 2451 2691 2530 2756; x_wconf 87' lang='lat' dir='ltr'>ad</span> <span class='ocrx_word' id='word_1_221' title='bbox 2576 2692 2826 2776; x_wconf 80' lang='lat' dir='ltr'>culpam</span> <span class='ocrx_word' id='word_1_222' title='bbox 2872 2694 2936 2756; x_wconf 89' lang='lat' dir='ltr'>et</span> 
     </span>
     <span class='ocr_line' id='line_1_25' title="bbox 477 2792 2935 2882; baseline -0.002 -19"><span class='ocrx_word' id='word_1_223' title='bbox 477 2816 756 2882; x_wconf 86' lang='lat' dir='ltr'>poenam,</span> <span class='ocrx_word' id='word_1_224' title='bbox 791 2794 895 2859; x_wconf 90' lang='lat' dir='ltr'>sed</span> <span class='ocrx_word' id='word_1_225' title='bbox 941 2795 1247 2876; x_wconf 85' lang='lat' dir='ltr'>quantum</span> <span class='ocrx_word' id='word_1_226' title='bbox 1293 2792 1369 2856; x_wconf 86' lang='lat' dir='ltr'>ad</span> <span class='ocrx_word' id='word_1_227' title='bbox 1416 2793 1838 2858; x_wconf 86' lang='lat' dir='ltr'>rescissionem</span> <span class='ocrx_word' id='word_1_228' title='bbox 1883 2794 2240 2858; x_wconf 84' lang='lat' dir='ltr'>contractus</span> <span class='ocrx_word' id='word_1_229' title='bbox 2276 2795 2356 2859; x_wconf 87' lang='lat' dir='ltr'>ab</span> <span class='ocrx_word' id='word_1_230' title='bbox 2401 2794 2666 2859; x_wconf 89' lang='lat' dir='ltr'>articulo</span> <span class='ocrx_word' id='word_1_231' title='bbox 2714 2794 2935 2858; x_wconf 86' lang='lat' dir='ltr'>statim</span> 
     </span>
     <span class='ocr_line' id='line_1_26' title="bbox 463 2894 2938 2981; baseline -0.002 -18"><span class='ocrx_word' id='word_1_232' title='bbox 463 2897 996 2981; x_wconf 76' lang='lat' dir='ltr'>promulyaticmis</span> <span class='ocrx_word' id='word_1_233' title='bbox 1044 2897 1320 2980; x_wconf 87' lang='lat' dir='ltr'>vigorem</span> <span class='ocrx_word' id='word_1_234' title='bbox 1366 2895 1609 2959; x_wconf 89' lang='lat' dir='ltr'>habere.</span> <span class='ocrx_word' id='word_1_235' title='bbox 1648 2894 1739 2960; x_wconf 83' lang='lat' dir='ltr'>Ut</span> <span class='ocrx_word' id='word_1_236' title='bbox 1784 2896 1837 2959; x_wconf 91' lang='lat' dir='ltr'>si</span> <span class='ocrx_word' id='word_1_237' title='bbox 1882 2896 1949 2961; x_wconf 90' lang='lat' dir='ltr'>in</span> <span class='ocrx_word' id='word_1_238' title='bbox 1994 2894 2270 2961; x_wconf 84' lang='lat' dir='ltr'>Concilio</span> <span class='ocrx_word' id='word_1_239' title='bbox 2317 2896 2450 2960; x_wconf 83' lang='lat' dir='ltr'>lata</span> <span class='ocrx_word' id='word_1_240' title='bbox 2498 2897 2661 2960; x_wconf 88' lang='lat' dir='ltr'>esset</span> <span class='ocrx_word' id='word_1_241' title='bbox 2704 2896 2821 2972; x_wconf 81' lang='lat' dir='ltr'>lex,</span> <span class='ocrx_word' id='word_1_242' title='bbox 2860 2914 2938 2959; x_wconf 93' lang='lat' dir='ltr'>ne</span> 
     </span>
     <span class='ocr_line' id='line_1_27' title="bbox 474 2998 2938 3086; baseline -0.003 -16"><span class='ocrx_word' id='word_1_243' title='bbox 474 3003 755 3086; x_wconf 87' lang='lat' dir='ltr'>deinceps</span> <span class='ocrx_word' id='word_1_244' title='bbox 785 2999 1110 3084; x_wconf 85' lang='lat' dir='ltr'>illegitime</span> <span class='ocrx_word' id='word_1_245' title='bbox 1140 2999 1275 3063; x_wconf 86' lang='lat' dir='ltr'>nati</span> <span class='ocrx_word' id='word_1_246' title='bbox 1298 2998 1642 3064; x_wconf 85' lang='lat' dir='ltr'>sacerdotia</span> <span class='ocrx_word' id='word_1_247' title='bbox 1670 3000 2012 3082; x_wconf 83' lang='lat' dir='ltr'>reciperent</span> <span class='ocrx_word' id='word_1_248' title='bbox 2042 3002 2154 3064; x_wconf 87' lang='lat' dir='ltr'>aut</span> <span class='ocrx_word' id='word_1_249' title='bbox 2178 2998 2345 3081; x_wconf 90' lang='lat' dir='ltr'>quod</span> <span class='ocrx_word' id='word_1_250' title='bbox 2376 2999 2534 3063; x_wconf 65' lang='lat' dir='ltr'>tales</span> <span class='ocrx_word' id='word_1_251' title='bbox 2557 2999 2938 3082; x_wconf 86' lang='lat' dir='ltr'>praebendae</span> 
     </span>
     <span class='ocr_line' id='line_1_28' title="bbox 474 3098 2940 3182; baseline -0.003 -12"><span class='ocrx_word' id='word_1_252' title='bbox 474 3125 595 3170; x_wconf 90' lang='grc'><strong>11011</strong></span> <span class='ocrx_word' id='word_1_253' title='bbox 638 3104 759 3168; x_wconf 89' lang='lat' dir='ltr'>nisi</span> <span class='ocrx_word' id='word_1_254' title='bbox 804 3101 920 3166; x_wconf 87' lang='lat' dir='ltr'>tali</span> <span class='ocrx_word' id='word_1_255' title='bbox 965 3100 1289 3166; x_wconf 91' lang='lat' dir='ltr'>hominum</span> <span class='ocrx_word' id='word_1_256' title='bbox 1334 3101 1490 3165; x_wconf 87' lang='lat' dir='ltr'>sorti</span> <span class='ocrx_word' id='word_1_257' title='bbox 1536 3099 2047 3182; x_wconf 79' lang='lat' dir='ltr'>providerentur:</span> <span class='ocrx_word' id='word_1_258' title='bbox 2094 3119 2305 3165; x_wconf 79' lang='lat' dir='ltr'>omnes</span> <span class='ocrx_word' id='word_1_259' title='bbox 2350 3119 2430 3164; x_wconf 74' lang='lat' dir='ltr'>ex</span> <span class='ocrx_word' id='word_1_260' title='bbox 2478 3098 2588 3162; x_wconf 80' lang='lat' dir='ltr'>illo</span> <span class='ocrx_word' id='word_1_261' title='bbox 2635 3103 2940 3164; x_wconf 75' lang='lat' dir='ltr'>momento</span> 
     </span>
     <span class='ocr_line' id='line_1_29' title="bbox 473 3199 2937 3283; baseline -0.002 -12"><span class='ocrx_word' id='word_1_262' title='bbox 473 3211 692 3272; x_wconf 72' lang='lat' dir='ltr'>contra</span> <span class='ocrx_word' id='word_1_263' title='bbox 735 3203 935 3283; x_wconf 79' lang='lat' dir='ltr'>factae</span> <span class='ocrx_word' id='word_1_264' title='bbox 981 3202 1341 3267; x_wconf 78' lang='lat' dir='ltr'>collationes</span> <span class='ocrx_word' id='word_1_265' title='bbox 1387 3199 1767 3264; x_wconf 78' lang='lat' dir='ltr'>haberentur</span> <span class='ocrx_word' id='word_1_266' title='bbox 1803 3201 2044 3266; x_wconf 47' lang='lat' dir='ltr'>irritae.</span> <span class='ocrx_word' id='word_1_267' title='bbox 2079 3200 2260 3282; x_wconf 79' lang='lat' dir='ltr'>Quen</span> <span class='ocrx_word' id='word_1_268' title='bbox 2296 3218 2416 3266; x_wconf 74' lang='grc'><strong>1100</strong></span> <span class='ocrx_word' id='word_1_269' title='bbox 2466 3217 2677 3265; x_wconf 66' lang='lat' dir='ltr'>meist:</span> <span class='ocrx_word' id='word_1_270' title='bbox 2716 3217 2937 3266; x_wconf 77' lang='grc'><strong>01111110.</strong></span> 
     </span>
     <span class='ocr_line' id='line_1_30' title="bbox 476 3303 2941 3389; baseline -0.003 -15"><span class='ocrx_word' id='word_1_271' title='bbox 476 3309 772 3374; x_wconf 77' lang='lat' dir='ltr'>Attamen</span> <span class='ocrx_word' id='word_1_272' title='bbox 804 3307 950 3389; x_wconf 89' lang='lat' dir='ltr'>quia</span> <span class='ocrx_word' id='word_1_273' title='bbox 981 3304 1381 3370; x_wconf 86' lang='lat' dir='ltr'>matrimonia</span> <span class='ocrx_word' id='word_1_274' title='bbox 1418 3322 1541 3368; x_wconf 90' lang='lat' dir='ltr'>non</span> <span class='ocrx_word' id='word_1_275' title='bbox 1587 3305 1851 3386; x_wconf 89' lang='lat' dir='ltr'>possunt</span> <span class='ocrx_word' id='word_1_276' title='bbox 1882 3303 2134 3368; x_wconf 72' lang='lat' dir='ltr'>dissolvi</span> <span class='ocrx_word' id='word_1_277' title='bbox 2169 3303 2301 3367; x_wconf 89' lang='lat' dir='ltr'>sine</span> <span class='ocrx_word' id='word_1_278' title='bbox 2341 3303 2570 3368; x_wconf 87' lang='lat' dir='ltr'>iniuria</span> <span class='ocrx_word' id='word_1_279' title='bbox 2603 3306 2664 3367; x_wconf 89' lang='lat' dir='ltr'>et</span> <span class='ocrx_word' id='word_1_280' title='bbox 2695 3304 2749 3368; x_wconf 89' lang='lat' dir='ltr'>si</span> <span class='ocrx_word' id='word_1_281' title='bbox 2782 3322 2941 3384; x_wconf 85' lang='lat' dir='ltr'>quae</span> 
     </span>
     <span class='ocr_line' id='line_1_31' title="bbox 480 3405 2942 3495; baseline -0.002 -19"><span class='ocrx_word' id='word_1_282' title='bbox 480 3413 628 3476; x_wconf 86' lang='lat' dir='ltr'>sunt</span> <span class='ocrx_word' id='word_1_283' title='bbox 662 3411 787 3475; x_wconf 88' lang='lat' dir='ltr'>alia</span> <span class='ocrx_word' id='word_1_284' title='bbox 817 3410 881 3474; x_wconf 92' lang='lat' dir='ltr'>id</span> <span class='ocrx_word' id='word_1_285' title='bbox 912 3428 1107 3495; x_wconf 86' lang='lat' dir='ltr'>genus</span> <span class='ocrx_word' id='word_1_286' title='bbox 1138 3409 1355 3492; x_wconf 78' lang='lat' dir='ltr'>pacta3</span> <span class='ocrx_word' id='word_1_287' title='bbox 1396 3408 1558 3471; x_wconf 87' lang='lat' dir='ltr'>certe</span> <span class='ocrx_word' id='word_1_288' title='bbox 1590 3426 1717 3470; x_wconf 79' lang='lat' dir='ltr'>non</span> <span class='ocrx_word' id='word_1_289' title='bbox 1750 3405 1972 3470; x_wconf 76' lang='lat' dir='ltr'>debent</span> <span class='ocrx_word' id='word_1_290' title='bbox 2000 3407 2135 3491; x_wconf 87' lang='lat' dir='ltr'>lege</span> <span class='ocrx_word' id='word_1_291' title='bbox 2165 3405 2452 3470; x_wconf 88' lang='lat' dir='ltr'>interdici</span> <span class='ocrx_word' id='word_1_292' title='bbox 2488 3406 2590 3488; x_wconf 89' lang='lat' dir='ltr'>(en</span> <span class='ocrx_word' id='word_1_293' title='bbox 2624 3406 2942 3471; x_wconf 85' lang='lat' dir='ltr'>abstracta</span> 
     </span>
     <span class='ocr_line' id='line_1_32' title="bbox 481 3507 2944 3596; baseline -0.003 -18"><span class='ocrx_word' id='word_1_294' title='bbox 481 3513 763 3596; x_wconf 83' lang='lat' dir='ltr'>quaestio</span> <span class='ocrx_word' id='word_1_295' title='bbox 794 3511 1271 3587; x_wconf 78' lang='lat' dir='ltr'>convenientiae,</span> <span class='ocrx_word' id='word_1_296' title='bbox 1296 3527 1419 3574; x_wconf 89' lang='lat' dir='ltr'>non</span> <span class='ocrx_word' id='word_1_297' title='bbox 1450 3507 1651 3593; x_wconf 66' lang='lat' dir='ltr'>facte),</span> <span class='ocrx_word' id='word_1_298' title='bbox 1678 3507 1799 3572; x_wconf 88' lang='lat' dir='ltr'>nisi</span> <span class='ocrx_word' id='word_1_299' title='bbox 1830 3528 1987 3590; x_wconf 87' lang='lat' dir='ltr'>quae</span> <span class='ocrx_word' id='word_1_300' title='bbox 2021 3509 2226 3593; x_wconf 86' lang='lat' dir='ltr'>vigere</span> <span class='ocrx_word' id='word_1_301' title='bbox 2262 3508 2540 3591; x_wconf 88' lang='lat' dir='ltr'>incipiat,</span> <span class='ocrx_word' id='word_1_302' title='bbox 2564 3508 2716 3573; x_wconf 88' lang='lat' dir='ltr'>dum</span> <span class='ocrx_word' id='word_1_303' title='bbox 2753 3507 2944 3572; x_wconf 86' lang='lat' dir='ltr'>fuerit</span> 
     </span>
     <span class='ocr_line' id='line_1_33' title="bbox 481 3610 2937 3699; baseline -0.002 -19"><span class='ocrx_word' id='word_1_304' title='bbox 481 3616 546 3680; x_wconf 91' lang='lat' dir='ltr'>in</span> <span class='ocrx_word' id='word_1_305' title='bbox 577 3613 891 3699; x_wconf 87' lang='lat' dir='ltr'>provincia</span> <span class='ocrx_word' id='word_1_306' title='bbox 922 3613 1352 3697; x_wconf 84' lang='lat' dir='ltr'>promulgata:</span> <span class='ocrx_word' id='word_1_307' title='bbox 1389 3611 1545 3676; x_wconf 85' lang='lat' dir='ltr'>alias</span> <span class='ocrx_word' id='word_1_308' title='bbox 1577 3612 1740 3676; x_wconf 90' lang='lat' dir='ltr'>esset</span> <span class='ocrx_word' id='word_1_309' title='bbox 1776 3611 2064 3694; x_wconf 88' lang='lat' dir='ltr'>periculis</span> <span class='ocrx_word' id='word_1_310' title='bbox 2096 3611 2296 3694; x_wconf 87' lang='lat' dir='ltr'>plena.</span> <span class='ocrx_word' id='word_1_311' title='bbox 2329 3611 2421 3675; x_wconf 89' lang='lat' dir='ltr'>De</span> <span class='ocrx_word' id='word_1_312' title='bbox 2452 3610 2671 3675; x_wconf 85' lang='lat' dir='ltr'>ceteris</span> <span class='ocrx_word' id='word_1_313' title='bbox 2704 3612 2937 3686; x_wconf 89' lang='lat' dir='ltr'>autem,</span> 
     </span>
     <span class='ocr_line' id='line_1_34' title="bbox 482 3712 2942 3800; baseline -0.002 -19"><span class='ocrx_word' id='word_1_314' title='bbox 482 3737 640 3800; x_wconf 83' lang='lat' dir='ltr'>quae</span> <span class='ocrx_word' id='word_1_315' title='bbox 684 3716 1065 3782; x_wconf 87' lang='lat' dir='ltr'>irritatoriae</span> <span class='ocrx_word' id='word_1_316' title='bbox 1109 3733 1232 3781; x_wconf 90' lang='lat' dir='ltr'>non</span> <span class='ocrx_word' id='word_1_317' title='bbox 1277 3716 1441 3790; x_wconf 89' lang='lat' dir='ltr'>sunt,</span> <span class='ocrx_word' id='word_1_318' title='bbox 1482 3734 1717 3795; x_wconf 75' lang='lat' dir='ltr'>parum</span> <span class='ocrx_word' id='word_1_319' title='bbox 1760 3712 1972 3792; x_wconf 81' lang='lat' dir='ltr'>refert,</span> <span class='ocrx_word' id='word_1_320' title='bbox 2020 3714 2080 3777; x_wconf 71' lang='lat' dir='ltr'>si</span> <span class='ocrx_word' id='word_1_321' title='bbox 2125 3713 2389 3777; x_wconf 74' lang='lat' dir='ltr'>dicimus</span> <span class='ocrx_word' id='word_1_322' title='bbox 2432 3714 2648 3777; x_wconf 79' lang='lat' dir='ltr'>statim</span> <span class='ocrx_word' id='word_1_323' title='bbox 2701 3712 2942 3777; x_wconf 84' lang='lat' dir='ltr'>Romae</span> 
     </span>
     <span class='ocr_line' id='line_1_35' title="bbox 422 3815 2946 3908; baseline -0.003 -24"><span class='ocrx_word' id='word_1_324' title='bbox 422 3903 427 3908; x_wconf 23' lang='lat'><strong>⁴</strong></span> <span class='ocrx_word' id='word_1_325' title='bbox 477 3819 644 3884; x_wconf 79' lang='lat' dir='ltr'>latas</span> <span class='ocrx_word' id='word_1_326' title='bbox 689 3817 986 3900; x_wconf 72' lang='lat' dir='ltr'>obliyare.</span> <span class='ocrx_word' id='word_1_327' title='bbox 1028 3815 1168 3881; x_wconf 85' lang='lat' dir='ltr'>Hoc</span> <span class='ocrx_word' id='word_1_328' title='bbox 1212 3815 1521 3897; x_wconf 74' lang='lat' dir='ltr'>siquidem</span> <span class='ocrx_word' id='word_1_329' title='bbox 1566 3835 1692 3879; x_wconf 76' lang='lat' dir='ltr'>non</span> <span class='ocrx_word' id='word_1_330' title='bbox 1736 3815 2019 3879; x_wconf 78' lang='lat' dir='ltr'>obstante</span> <span class='ocrx_word' id='word_1_331' title='bbox 2064 3816 2429 3897; x_wconf 58' lang='lat' dir='ltr'>ignorantes</span> <span class='ocrx_word' id='word_1_332' title='bbox 2475 3818 2858 3879; x_wconf 73' lang='lat' dir='ltr'>excusantur</span> <span class='ocrx_word' id='word_1_333' title='bbox 2902 3836 2946 3878; x_wconf 84' lang='lat' dir='ltr'>a</span> 
     </span>
     <span class='ocr_line' id='line_1_36' title="bbox 482 3916 2947 4003; baseline -0.002 -16"><span class='ocrx_word' id='word_1_334' title='bbox 482 3921 666 4003; x_wconf 78' lang='lat' dir='ltr'>eulpa</span> <span class='ocrx_word' id='word_1_335' title='bbox 710 3926 773 3985; x_wconf 76' lang='lat' dir='ltr'>et</span> <span class='ocrx_word' id='word_1_336' title='bbox 803 3940 1028 4001; x_wconf 81' lang='lat' dir='ltr'>poena.</span> <span class='ocrx_word' id='word_1_337' title='bbox 1087 3917 1478 3982; x_wconf 61' lang='lat' dir='ltr'>&amp;ediderim</span> <span class='ocrx_word' id='word_1_338' title='bbox 1529 3920 1741 3983; x_wconf 88' lang='lat' dir='ltr'>tamen</span> <span class='ocrx_word' id='word_1_339' title='bbox 1785 3917 1906 3983; x_wconf 89' lang='lat' dir='ltr'>nisi</span> <span class='ocrx_word' id='word_1_340' title='bbox 1958 3918 2128 4000; x_wconf 88' lang='lat' dir='ltr'>Papa</span> <span class='ocrx_word' id='word_1_341' title='bbox 2177 3916 2357 3981; x_wconf 87' lang='lat' dir='ltr'>aliter</span> <span class='ocrx_word' id='word_1_342' title='bbox 2410 3935 2524 3981; x_wconf 87' lang='lat' dir='ltr'>sua</span> <span class='ocrx_word' id='word_1_343' title='bbox 2581 3917 2947 3999; x_wconf 83' lang='lat' dir='ltr'>expresserit</span> 
     </span>
     <span class='ocr_line' id='line_1_37' title="bbox 482 4019 2948 4111; baseline -0.003 -21"><span class='ocrx_word' id='word_1_344' title='bbox 482 4026 639 4111; x_wconf 86' lang='lat' dir='ltr'>lege,</span> <span class='ocrx_word' id='word_1_345' title='bbox 678 4042 998 4106; x_wconf 89' lang='lat' dir='ltr'>nunquam</span> <span class='ocrx_word' id='word_1_346' title='bbox 1042 4021 1356 4087; x_wconf 87' lang='lat' dir='ltr'>intendere</span> <span class='ocrx_word' id='word_1_347' title='bbox 1402 4020 1696 4105; x_wconf 89' lang='lat' dir='ltr'>obligare,</span> <span class='ocrx_word' id='word_1_348' title='bbox 1736 4020 1856 4085; x_wconf 89' lang='lat' dir='ltr'>nisi</span> <span class='ocrx_word' id='word_1_349' title='bbox 1905 4039 1942 4084; x_wconf 86' lang='lat' dir='ltr'>a</span> <span class='ocrx_word' id='word_1_350' title='bbox 1989 4022 2266 4102; x_wconf 88' lang='lat' dir='ltr'>tempore</span> <span class='ocrx_word' id='word_1_351' title='bbox 2312 4019 2835 4105; x_wconf 86' lang='lat' dir='ltr'>promulgationis</span> <span class='ocrx_word' id='word_1_352' title='bbox 2881 4020 2948 4083; x_wconf 90' lang='lat' dir='ltr'>in</span> 
     </span>
     <span class='ocr_line' id='line_1_38' title="bbox 481 4121 2950 4214; baseline -0.004 -18"><span class='ocrx_word' id='word_1_353' title='bbox 481 4129 830 4214; x_wconf 79' lang='lat' dir='ltr'>provincia3</span> <span class='ocrx_word' id='word_1_354' title='bbox 864 4126 1095 4192; x_wconf 84' lang='lat' dir='ltr'>etenim</span> <span class='ocrx_word' id='word_1_355' title='bbox 1141 4124 1387 4207; x_wconf 86' lang='lat' dir='ltr'>quando</span> <span class='ocrx_word' id='word_1_356' title='bbox 1436 4125 1514 4188; x_wconf 92' lang='lat' dir='ltr'>ob</span> <span class='ocrx_word' id='word_1_357' title='bbox 1562 4124 1813 4207; x_wconf 85' lang='lat' dir='ltr'>culpam</span> <span class='ocrx_word' id='word_1_358' title='bbox 1858 4124 1957 4188; x_wconf 83' lang='lat' dir='ltr'>vel</span> <span class='ocrx_word' id='word_1_359' title='bbox 1995 4123 2190 4187; x_wconf 88' lang='lat' dir='ltr'>alium</span> <span class='ocrx_word' id='word_1_360' title='bbox 2235 4121 2545 4188; x_wconf 86' lang='lat' dir='ltr'>defectum</span> <span class='ocrx_word' id='word_1_361' title='bbox 2593 4123 2730 4188; x_wconf 83' lang='lat' dir='ltr'>vult</span> <span class='ocrx_word' id='word_1_362' title='bbox 2776 4122 2950 4187; x_wconf 88' lang='lat' dir='ltr'>inha-</span> 
     </span>
     <span class='ocr_line' id='line_1_39' title="bbox 481 4224 2951 4314; baseline -0.002 -19"><span class='ocrx_word' id='word_1_363' title='bbox 481 4232 666 4297; x_wconf 87' lang='lat' dir='ltr'>bilem</span> <span class='ocrx_word' id='word_1_364' title='bbox 711 4248 1040 4314; x_wconf 89' lang='lat' dir='ltr'>personam</span> <span class='ocrx_word' id='word_1_365' title='bbox 1085 4227 1352 4304; x_wconf 89' lang='lat' dir='ltr'>reddere,</span> <span class='ocrx_word' id='word_1_366' title='bbox 1387 4245 1664 4309; x_wconf 81' lang='lat' dir='ltr'>expresse</span> <span class='ocrx_word' id='word_1_367' title='bbox 1713 4225 1887 4291; x_wconf 89' lang='lat' dir='ltr'>addit</span> <span class='ocrx_word' id='word_1_368' title='bbox 1918 4245 1996 4289; x_wconf 73' lang='lat' dir='ltr'>ea:</span> <span class='ocrx_word' id='word_1_369' title='bbox 2035 4245 2219 4302; x_wconf 76' lang='lat' dir='ltr'>nmw,</span> <span class='ocrx_word' id='word_1_370' title='bbox 2262 4226 2361 4290; x_wconf 83' lang='lat' dir='ltr'>vel</span> <span class='ocrx_word' id='word_1_371' title='bbox 2396 4246 2475 4289; x_wconf 74' lang='lat' dir='ltr'>ea:</span> <span class='ocrx_word' id='word_1_372' title='bbox 2524 4229 2732 4290; x_wconf 75' lang='lat' dir='ltr'>tunc...</span> <span class='ocrx_word' id='word_1_373' title='bbox 2767 4250 2802 4284; x_wconf 82' lang='lat'><strong>»</strong></span> <span class='ocrx_word' id='word_1_374' title='bbox 2833 4224 2951 4290; x_wconf 88' lang='lat' dir='ltr'>Ne-</span> 
     </span>
     <span class='ocr_line' id='line_1_40' title="bbox 484 4326 2951 4416; baseline -0.002 -19"><span class='ocrx_word' id='word_1_375' title='bbox 484 4334 837 4398; x_wconf 88' lang='lat' dir='ltr'>oessitatem</span> <span class='ocrx_word' id='word_1_376' title='bbox 888 4328 1413 4416; x_wconf 85' lang='lat' dir='ltr'>promulgationis</span> <span class='ocrx_word' id='word_1_377' title='bbox 1459 4328 1609 4393; x_wconf 79' lang='lat' dir='ltr'>Soto</span> <span class='ocrx_word' id='word_1_378' title='bbox 1671 4348 1794 4393; x_wconf 91' lang='lat' dir='ltr'>non</span> <span class='ocrx_word' id='word_1_379' title='bbox 1842 4328 2157 4392; x_wconf 86' lang='lat' dir='ltr'>affirmat:</span> <span class='ocrx_word' id='word_1_380' title='bbox 2206 4327 2312 4392; x_wconf 91' lang='lat' dir='ltr'>sed</span> <span class='ocrx_word' id='word_1_381' title='bbox 2371 4326 2702 4392; x_wconf 87' lang='lat' dir='ltr'>divinando</span> <span class='ocrx_word' id='word_1_382' title='bbox 2752 4328 2951 4392; x_wconf 84' lang='lat' dir='ltr'>veluti</span> 
     </span>
    </p>
   </div>
   <div class='ocr_carea' id='block_1_3' title="bbox 483 4428 2948 4619">
    <p class='ocr_par' dir='ltr' id='par_1_6' title="bbox 483 4428 2948 4619">
     <span class='ocr_line' id='line_1_41' title="bbox 483 4428 2948 4515; baseline -0.002 -16"><span class='ocrx_word' id='word_1_383' title='bbox 483 4434 779 4499; x_wconf 84' lang='lat' dir='ltr'>coniicere</span> <span class='ocrx_word' id='word_1_384' title='bbox 802 4434 943 4498; x_wconf 84' lang='lat' dir='ltr'>vult</span> <span class='ocrx_word' id='word_1_385' title='bbox 966 4431 1374 4498; x_wconf 86' lang='lat' dir='ltr'>intentionem</span> <span class='ocrx_word' id='word_1_386' title='bbox 1398 4429 1716 4495; x_wconf 86' lang='lat' dir='ltr'>Pontificis</span> <span class='ocrx_word' id='word_1_387' title='bbox 1748 4430 1952 4515; x_wconf 88' lang='lat' dir='ltr'>legem</span> <span class='ocrx_word' id='word_1_388' title='bbox 1974 4429 2244 4494; x_wconf 87' lang='lat' dir='ltr'>ferentis.</span> <span class='ocrx_word' id='word_1_389' title='bbox 2270 4428 2330 4494; x_wconf 89' lang='lat' dir='ltr'>N</span> <span class='ocrx_word' id='word_1_390' title='bbox 2333 4449 2412 4495; x_wconf 92' lang='lat' dir='ltr'>on</span> <span class='ocrx_word' id='word_1_391' title='bbox 2437 4429 2774 4495; x_wconf 90' lang='lat' dir='ltr'>admodum</span> <span class='ocrx_word' id='word_1_392' title='bbox 2801 4449 2948 4515; x_wconf 86' lang='lat' dir='ltr'>ergo</span> 
     </span>
     <span class='ocr_line' id='line_1_42' title="bbox 488 4533 1235 4619; baseline -0.005 -19"><span class='ocrx_word' id='word_1_393' title='bbox 488 4533 637 4601; x_wconf 83' lang='lat' dir='ltr'>Soto</span> <span class='ocrx_word' id='word_1_394' title='bbox 675 4536 845 4601; x_wconf 87' lang='lat' dir='ltr'>favet</span> <span class='ocrx_word' id='word_1_395' title='bbox 878 4534 1235 4619; x_wconf 83' lang='lat' dir='ltr'>Regalistis.</span> 
     </span>
    </p>
   </div>
  </div>
 </body>
</html>
