3529 5158
734 423 921 464 Lxxxv
1604 421 1816 463 snmus
1854 422 2322 467 ommnohooch

825 525 1223 601 Temeraria,
1257 526 1431 585 male
1475 540 1739 602 sonans,
1774 523 2167 601 perniciosa,
2200 522 2364 582 mori
2398 520 2507 596 pie
2538 536 2616 580 ac
2646 519 3033 580 salutariter
3075 536 3195 594 per

913 613 1284 674 Ecclesiam
1330 613 1758 689 frequentato
1802 619 1874 673 et
1919 613 1988 673 in
2035 613 2243 673 verbo
2290 608 2416 671 Dei
2464 610 2750 669 fundato
2796 608 3136 669 iniuriosa.

800 843 899 888 DE
948 840 1155 887 MODO
1205 841 1643 888 IUNGENDAE
1692 841 1905 889 VOCIS
1955 842 2223 889 POPULI
2272 841 2425 887 CUM
2473 839 2662 887 VOCE
2711 839 3117 887 ECCLESIAE

1531 932 1605 976 IN
1657 930 2020 977 PRECIBUS
2067 929 2406 977 PUBLICIS

825 1102 929 1159 66.
968 1097 1351 1173 Propositio
1398 1114 1717 1175 asserens,
1753 1097 1907 1174 soro
1953 1101 2175 1155 contra
2221 1095 2626 1172 apostolicam
2667 1096 2929 1171 praxim
2964 1100 3021 1153 et
3067 1095 3193 1154 Dei

733 1189 1023 1265 oonsilio,
1066 1187 1193 1246 nisi
1214 1187 1454 1264 populo
1471 1187 1811 1264 faciliores
1844 1186 1982 1244 ⁷viae
2004 1190 2400 1261 pararem-ur
2431 1201 2634 1243 vocem
2669 1201 2852 1242 suam
2899 1183 3195 1260 iungendi

734 1296 873 1337 cum
922 1293 1063 1336 voco
1110 1277 1304 1337 totius
1350 1276 1685 1350 Ecclesiae,

824 1367 1181 1426 Intellecta
1229 1366 1311 1426 de
1357 1382 1485 1425 usu
1531 1364 1836 1441 vulgaris
1881 1364 2152 1439 linguae
2204 1364 2274 1422 in
2320 1362 2670 1437 liturgicas
2716 1377 2947 1436 preces
3002 1361 3194 1420 indu·-

734 1456 1022 1515 cendae:

826 1545 1042 1621 Falsa,
1095 1543 1467 1621 temeraria,
1518 1544 1772 1603 ordinis
1821 1559 1941 1618 pro
1996 1540 2458 1618 mysteriorum
2511 1539 2956 1600 celebratione
3009 1555 3194 1613 prae-

914 1633 1149 1709 scripti
1197 1633 1682 1709 perturbativa,
1718 1632 2010 1708 plurium
2058 1632 2382 1690 malorum
2429 1629 2624 1689 facile
2671 1628 3081 1703 productrix.

1283 1863 1382 1909 DE
1428 1861 1798 1908 LECTIONE
1847 1858 2130 1907 SAORAE
2180 1856 2642 1905 SCRIPTURAE

1094 2028 1198 2087 Ea?
1244 2032 1397 2087 uota
1444 2027 1512 2085 in
1545 2028 1682 2102 fine
1728 2028 1891 2085 decr.
1928 2027 2001 2084 de
2044 2025 2278 2101 qratia.

827 2120 931 2177 67.
968 2117 1291 2177 Doctrina
1323 2115 1702 2193 perhibens,
1736 2132 1778 2174 a
1809 2114 2094 2175 lectione
2126 2130 2462 2175 sacrarum
2511 2113 3002 2188 scripturarum
3037 2130 3191 2173 mm·

734 2206 860 2265 wisi
898 2224 1107 2267 vera-m
1148 2206 1582 2282 impotentiamve
1631 2221 1944 2280 emon-sare,
1979 2203 2220 2263 subiun
2229 2219 2352 2278 gen
2362 2220 2413 2279 S,
2454 2203 2631 2263 ultro
2662 2218 2734 2263 se
2766 2201 3046 2277 prodere
3079 2202 3192 2262 ob-

733 2295 1200 2373 scurationem,
1237 2310 1409 2369 quae
1455 2310 1538 2355 ex
1585 2294 1864 2357 huiusce
1909 2293 2245 2367 praecepti
2295 2292 2608 2367 neglectu
2649 2296 2796 2353 orta
2842 2294 2947 2352 est
2994 2308 3193 2366 super

738 2384 1087 2459 primarias
1133 2385 1456 2445 veritates
1502 2382 1893 2459 Religionis,

822 2475 1038 2550 Falsa,
1073 2473 1443 2549 temeraria,
1486 2472 1732 2546 quietis
1764 2471 2136 2532 animarum
2171 2469 2653 2547 perturbativa,
2687 2471 2854 2531 alias
2894 2469 2962 2529 in
3005 2469 3191 2542 Que-

913 2564 1147 2624 snellio
1195 2563 1527 2624 damnata.

839 2777 938 2822 DE
986 2775 1463 2822 PROSCRIPTIS
1510 2775 1758 2821 LIBRIS
1807 2775 1884 2822 IN
1932 2774 2289 2820 ECCLESIA
2334 2771 2653 2819 PUBLIGE
2700 2771 3073 2819 LEGENDIS

1090 2923 1190 2982 De
1235 2928 1397 2982 orat.
1434 2923 1492 3000 ξ.
1531 2925 1634 2982 29.

822 3014 924 3072 68.
961 3012 1307 3090 laudatio,
1350 3029 1486 3087 qua
1529 3027 1945 3086 summopere
1995 3009 2305 3086 synodus
2343 3009 2773 3072 commendat
2819 3009 3185 3082 Quesnellii

731 3102 1322 3163 commentationes
1354 3102 1423 3160 in
1456 3118 1707 3161 novum
1740 3102 2236 3160 Testamentum
2272 3099 2537 3173 aliaque
2568 3099 2846 3158 aliorum
2882 3099 3190 3172 quesnel-

733 3191 930 3251 lianis
968 3190 1305 3252 erroribus
1352 3190 1727 3251 faventium
1776 3204 1977 3266 opera
2014 3189 2172 3248 licet
2202 3189 2577 3264 proscripta
2607 3187 2970 3262 eademque
3001 3205 3189 3262 paro-

733 3282 878 3341 chis
912 3279 1245 3358 proponit,
1280 3284 1359 3340 ut
1390 3296 1468 3339 ea
1504 3282 1826 3354 tanquam
1876 3277 2108 3338 solidis
2155 3276 2526 3353 Religionis
2557 3275 2906 3352 principiis
2941 3275 3189 3337 referta

731 3370 804 3429 in
830 3369 970 3429 suis
996 3370 1284 3444 quisque
1307 3369 1630 3443 paroeciis
1656 3368 1902 3443 populo
1925 3372 2078 3444 post
2105 3368 2394 3443 reliquas
2412 3365 2790 3425 functiones
2815 3365 3186 3442 perlegant,

824 3460 1041 3536 Falsa,
1078 3458 1484 3535 scandalosa‚
1520 3458 1892 3536 temera-ria,
1919 3456 2254 3534 seditiosa,
2283 3456 2619 3516 Ecclesiae
2652 3454 2988 3532 iniuriosa,
3017 3455 3190 3516 schi-

910 3563 1053 3607 sma
1089 3547 1326 3608 fovens
1363 3551 1432 3607 et
1468 3546 1812 3606 haeresim.

1504 3758 1604 3804 DE
1654 3757 1909 3803 SACRIS
1959 3756 2402 3804 IMAGINIBL'S

1090 3908 1186 3967 De
1231 3914 1394 3966 ora-t.
1437 3907 1495 3984 ξ.
1532 3909 1636 3965 17.

818 3998 925 4058 69.
968 3996 1435 4072 PraescriptiO,
1472 4011 1640 4070 quae
1674 3993 2078 4071 generaliter
2122 3999 2190 4055 et
2221 3994 2612 4056 indistincte
2652 3995 2827 4054 inter
2857 3995 3185 4071 imagines

730 4087 816 4146 ab
864 4087 1161 4147 Ecclesia
1206 4083 1624 4160 auferendaS‚
1673 4083 1864 4144 velut
1909 4083 2191 4144 rudibus
2240 4085 2479 4145 erroris
2541 4083 2952 4144 occasionem
2995 4102 3184 4160 prae-

730 4176 981 4254 bentes,
1019 4179 1209 4235 notat
1256 4172 1580 4249 imagines
1626 4173 1978 4233 Trinitatis
2026 4173 2732 4251 incomprehensibilia

818 4265 1105 4341 Propter
1151 4264 1253 4324 sui
1296 4262 1824 4339 generalitatem,
1858 4264 2212 4325 temeraria
2242 4280 2319 4324 ac
2357 4263 2472 4338 pio
2506 4280 2627 4338 per
2657 4263 3021 4323 Ecclesiam
3056 4262 3182 4323 fre-

905 4357 1230 4429 quentato
1268 4352 1435 4412 mori
1468 4352 1822 4428 contraria,
1856 4353 2050 4428 quasi
2083 4353 2308 4414 nullae
2351 4357 2623 4413 exstent
2660 4352 2985 4429 imagines
3027 4368 3182 4412 san-

903 4442 1239 4502 ctissimae
1287 4440 1639 4501 Trinitatis
1685 4443 2124 4502 communiter
2154 4441 2561 4518 approbatae
2595 4457 2685 4501 ‚ac
2724 4445 2876 4501 tuto
2907 4441 3182 4517 permit·

904 4530 1164 4592 tendae.

818 4620 919 4678 Ex
969 4619 1153 4678 brevi
1206 4618 1639 4679 Sollicitudini
1686 4627 1940 4681 metrae
1986 4620 2336 4681 Benedicti
2376 4621 2568 4680 XIV.
2602 4618 2764 4679 anni
2814 4622 3007 4679 1745.
