3529 5158
420 370 560 445 [227]
1229 386 1630 429 consororum
1667 387 2057 456 scnnrqnosa
2772 374 2880 427 255

420 481 698 565 quaestio
745 485 859 557 est,
895 501 971 546 an
1018 484 1134 548 hoc
1171 503 1318 548 casu
1352 483 1425 547 ad
1459 484 1769 568 integ-ram
1815 485 2192 550 solutionem
2237 486 2568 549 teneath
2600 485 2699 548 Ita
2745 503 2880 566 pro-

418 585 703 651 babiliter
733 584 1011 649 affirmat
1035 583 1303 650 Sanchez
1335 586 1442 650 lib.
1485 588 1539 650 l.
1573 586 1748 650 Mor.
1784 607 1916 669 cap.
1958 588 2058 650 10.
2094 606 2153 652 n.
2193 588 2294 651 12.
2321 587 2465 667 (hoc
2496 587 2722 651 falsum
2748 605 2877 650 esse

418 688 710 770 diximus)
734 690 872 751 tum
903 688 1051 769 quia
1076 687 1312 753 factum
1341 688 1405 753 in
1438 689 1625 754 dubio
1651 708 1774 755 non
1808 690 2247 772 praesumitur,
2274 691 2408 754 tum
2436 688 2582 771 quia
2614 688 2878 753 creditor

416 789 546 855 iure
569 792 634 855 et
672 790 915 854 actione
939 810 1072 865 sua,
1100 810 1283 874 quem
1309 792 1498 857 semel
1523 812 1665 856 eum
1703 792 1995 857 habuisse
2026 794 2292 868 constat,
2316 792 2382 855 in
2420 791 2607 855 dubio
2645 791 2875 874 privari

414 912 534 957 non
582 892 780 956 debet.
817 893 888 956 In
929 894 1279 976 oppositam
1311 913 1455 959 vero
1489 897 1730 978 partem
1763 895 1942 960 offert
1973 913 2037 958 se
2069 894 2231 959 ratio
2270 894 2487 958 itidem
2517 894 2874 976 probabilis,

415 995 577 1077 quod
625 995 868 1059 debitor
928 1013 1048 1059 non
1096 997 1382 1059 teneatur
1429 995 1507 1059 ad
1554 997 1929 1062 solutionem
1977 996 2306 1080 integram,
2349 996 2453 1061 sed
2499 999 2748 1061 tantum
2799 996 2876 1059 ad

412 1100 654 1181 partem
698 1097 894 1162 debiti
936 1097 1272 1161 secundum
1318 1098 1492 1162 dubii
1538 1099 2020 1181 proportionem.
2062 1098 2225 1178 Quia
2271 1099 2555 1179 aequitas
2602 1117 2725 1163 non
2771 1118 2877 1181 pa-

413 1200 589 1275 titur,
617 1200 690 1263 ut
713 1199 955 1264 debitor
986 1199 1114 1264 sine
1147 1200 1326 1283 culpa
1361 1220 1474 1264 sua
1504 1220 1732 1285 magno
1768 1201 2040 1283 periculo
2073 1200 2442 1265 subiiciatur
2472 1200 2565 1264 bis
2598 1200 2876 1264 solvendi

410 1302 725 1386 inoegrum
771 1302 1077 1366 debitum:
1127 1302 1392 1367 creditor
1425 1304 1654 1377 autem,
1689 1304 1799 1385 qui
1830 1305 1893 1367 et
1922 1303 2073 1386 ipse,
2118 1305 2193 1366 ut
2237 1321 2418 1386 pon0‚
2452 1302 2579 1367 tale
2616 1302 2873 1367 dubium

411 1422 530 1468 non
577 1403 902 1482 diffitetur,
935 1404 1093 1468 nulli
1123 1405 1437 1488 expositus
1484 1405 1568 1470 sit
1599 1405 1892 1487 periculo.
1927 1405 2213 1471 Profecto
2246 1404 2309 1468 in
2342 1405 2459 1470 hoc
2489 1424 2638 1469 casu
2676 1425 2873 1487 neque

412 1506 773 1570 creditorem
797 1506 1282 1583 condemnarem,
1318 1507 1372 1571 si
1407 1508 1715 1590 integram
1740 1506 2116 1571 solutionem
2147 1507 2447 1585 reciperet
2467 1505 2719 1589 (Sporer
2742 1526 2875 1570 mu-

413 1609 572 1672 tavit
601 1608 758 1673 illud
791 1609 1092 1689 rccimret
1124 1609 1188 1673 in
1221 1611 1452 1690 erepat,
1487 1609 1654 1690 quod
1684 1610 1747 1673 et
1781 1628 1828 1671 s.
1864 1608 2222 1689 Alphonsus
2270 1628 2305 1670 a
2354 1606 2576 1689 Sporer
2609 1607 2871 1690 accepit)

413 1732 604 1794 neque
648 1712 1009 1789 debitorem,
1045 1713 1097 1776 si
1128 1713 1437 1796 integram
1468 1710 1843 1775 solutionem
1876 1709 2071 1773 facere
2104 1708 2422 1774 omitteret
2452 1708 2636 1789 idque
2669 1709 2745 1772 ob
2777 1708 2871 1772 di-

413 1833 617 1878 versas
663 1815 1030 1897 probabiles,
1065 1815 1290 1897 quibus
1337 1816 1603 1895 utraque
1648 1832 1791 1895 pars
1824 1812 2068 1890 nititur,
2103 1812 2375 1877 rationes
2407 1836 2469 1874 ».

1416 2016 1688 2083 CAPUT
1737 2018 1853 2083 III.

1151 2172 1228 2218 Da
1270 2172 1667 2219 coxscmnrm
1701 2172 2111 2220 scaUPULoSA.

494 2330 778 2412 Quatuor
802 2330 1303 2414 responsionibus
1333 2330 1663 2394 materiam
1687 2330 1761 2395 A.
1797 2331 2101 2395 absolvit:
2133 2331 2199 2393 1⁰
2218 2330 2448 2395 Definit
2480 2332 2865 2413 scrupulum:

370 2516 376 2521 ὓ
411 2435 477 2497 20
509 2435 599 2499 De
630 2434 816 2498 'licito
851 2434 1212 2516 contemptu
1251 2432 1526 2515 scrupuli
1558 2432 1839 2497 disserit:
1875 2428 1945 2495 3⁰
1977 2430 2167 2517 Signa
2215 2432 2562 2515 scrupulosi
2598 2434 2867 2498 hominis

411 2536 614 2601 affert:
655 2537 727 2602 4⁰
761 2535 1054 2601 Remedia
1099 2534 1391 2619 proponit
1422 2534 1529 2599 ubi
1561 2537 1624 2601 et
1653 2535 1982 2620 privilegia
2012 2535 2238 2600 innuit.

518 2674 759 2727 XXXlV.
786 2675 1033 2740 Respond.
1072 2674 1111 2724 1.
1143 2673 1413 2737 scrupulus
1452 2678 1524 2724 est
1563 2671 1719 2725 inanis
1757 2672 2083 2739 apprehensio
2122 2680 2169 2726 et
2208 2672 2320 2725 hine
2357 2680 2493 2726 ortus
2519 2672 2665 2726 timor
2694 2681 2743 2726 et
2780 2688 2861 2726 an-

407 2757 577 2824 xietaS,
598 2756 782 2812 alicubi
802 2772 912 2810 esse
933 2763 1200 2823 peccalum,
1228 2755 1309 2809 ubi
1334 2769 1429 2809 non
1452 2763 1542 2809 est.
1564 2760 1631 2810 na
1653 2757 1978 2811 communiter
1997 2759 2175 2810 Navar.
2198 2758 2323 2810 Man.
2345 2771 2388 2809 c.
2413 2758 2497 2810 27.
2519 2771 2565 2810 n.
2588 2759 2709 2811 279.
2728 2759 2859 2812 Azor

408 2851 455 2898 et
478 2844 647 2899 ceteri.

490 2960 671 3034 227.
736 2963 1074 3049 Scrupulus
1121 2966 1349 3030 dicitur
1393 2966 1595 3030 inanis
1646 2967 2067 3049 apprehensio,
2131 2967 2295 3030 idest
2354 2988 2513 3049 quae
2575 2969 2866 3032 innititur

403 3086 561 3130 vana
609 3067 672 3131 et
702 3067 873 3131 inani
905 3067 1144 3133 ratione
1191 3070 1252 3133 et
1298 3068 1438 3132 inde
1469 3068 1664 3133 timor
1693 3069 1931 3151 peccati
1977 3071 2091 3131 etc.
2142 3069 2279 3144 Vel,
2310 3070 2385 3131 ut
2416 3069 2566 3132 dicit
2597 3089 2644 3133 s,
2680 3070 2863 3152 Alph.

403 3168 509 3232 lib.
549 3171 604 3232 1.
637 3190 699 3233 11.
738 3170 876 3235 11.:
919 3195 953 3227 «
986 3171 1358 3235 conscientia
1407 3171 1771 3252 scrupulosa
1819 3173 1913 3232 est
1958 3188 2050 3244 ea,
2089 3187 2247 3249 quae
2283 3170 2361 3233 ob
2398 3170 2560 3233 levia
2606 3172 2863 3240 motiva,

405 3272 632 3353 absque
679 3271 1038 3336 rationabili
1069 3292 1252 3337 causa
1304 3291 1413 3336 seu
1461 3271 1882 3344 fundamento,
1917 3287 2096 3349 saepe
2145 3269 2439 3334 formidat
2472 3270 2544 3333 de
2592 3274 2863 3353 peccato,

403 3373 507 3436 ubi
555 3392 767 3438 revera
800 3392 921 3437 non
955 3373 1148 3438 adest.

489 3474 549 3540 S.
577 3475 760 3557 Alph.
796 3474 903 3539 lib.
928 3477 983 3538 1.
1015 3496 1075 3538 n.
1108 3478 1209 3540 15.
1232 3475 1308 3540 ad
1325 3474 1646 3559 triplicem¹
1666 3475 1925 3540 classem
1950 3477 2200 3541 revocat
2225 3475 2638 3558 scrupulosos
2675 3501 2708 3534 «
2733 3475 2866 3539 Tri-

403 3577 644 3661 pliciter
674 3576 1022 3660 scrupulosi
1059 3579 1132 3642 ut
1168 3578 1507 3662 plurimum
1547 3598 1581 3641 a
1616 3579 1922 3662 scrupulis
1955 3581 2276 3643 vexantur.
2310 3579 2439 3643 Alii
2477 3582 2792 3664 anguntur
2830 3600 2863 3643 a

403 3680 607 3764 pravis
639 3680 1145 3764 cogitationibus,
1195 3681 1419 3762 quibus
1470 3682 1767 3746 assentire
1815 3702 1993 3766 saepe
2042 3702 2103 3746 se
2151 3682 2392 3746 timent.
2443 3683 2571 3746 Alii
2616 3685 2866 3766 propter

402 3782 812 3847 confessiones
844 3782 1232 3865 praeteritas,
1268 3784 1493 3864 quibus
1524 3785 1680 3849 satis
1702 3804 2023 3867 nunquam
2055 3805 2119 3849 se
2148 3785 2361 3850 fecisse
2393 3786 2704 3850 dubitant.
2738 3785 2863 3849 Alii

407 3887 660 3968 propter
689 3885 978 3949 timorem
1010 3885 1298 3968 peccandi
1328 3886 1391 3949 in
1424 3886 1702 3967 qualibet
1734 3889 2108 3970 operatione,
2144 3907 2334 3968 quam
2382 3887 2583 3950 acturi
2615 3889 2764 3950 sunt
2800 3913 2861 3950 ».

487 3986 658 4051 Dicit
691 3988 903 4052 autem
935 3987 1328 4070 scrupulosos
1378 3988 1452 4051 ad
1487 3989 1845 4071 quampiam
1892 4010 1963 4053 ex
2010 3990 2208 4052 tribus
2256 3989 2394 4053 istis
2442 3988 2744 4052 classibus
2792 3992 2863 4052 ut

387 4088 742 4169 plurimu-m
788 4090 1123 4173 pertinere3
1173 4090 1318 4171 quia
1367 4091 1720 4172 ceteroquin
1769 4092 2123 4155 innumerae
2154 4090 2461 4154 habentur
2506 4089 2860 4154 varietates.

400 4190 565 4271 Quas
601 4191 828 4257 melius
861 4193 1258 4257 recensendas
1291 4212 1694 4270 reservamuS,
1736 4193 1844 4256 ubi
1876 4193 1948 4258 de
1973 4192 2277 4258 remediis.

488 4294 780 4377 Scrupuli
829 4314 867 4358 a
923 4296 1052 4359 Deo
1085 4297 1559 4378 permittuntur;
1609 4296 1755 4378 quia
1812 4315 1990 4361 suam
2045 4297 2273 4361 habent
2318 4296 2694 4361 utilitatem:
2758 4295 2859 4359 sed

400 4395 657 4460 curandi
690 4399 864 4472 sunt3
915 4397 1061 4478 quia
1108 4400 1172 4462 et
1217 4417 1331 4461 sua
1378 4398 1601 4462 damna
1651 4417 1823 4462 secus
1870 4398 2226 4461 habebunt:
2262 4399 2322 4461 in
2356 4398 2473 4462 hoc
2518 4397 2862 4479 comparari

398 4499 664 4581 possunt
694 4517 836 4563 cum
869 4499 1008 4564 aliis
1041 4500 1512 4565 tentationibus.

489 4604 821 4671 utilitates
851 4605 1082 4671 habent
1127 4606 1338 4689 (croix
1368 4607 1476 4672 nb.
1517 4611 1573 4672 1.
1614 4629 1674 4674 n.
1711 4609 1892 4690 513.)
1945 4608 2010 4670 10
2042 4607 2191 4688 quia
2221 4611 2483 4689 prosunt
2527 4581 2615 4671 ad
2657 4624 2864 4666 emun-
