3529 5158
721 330 829 387 654
1550 343 1863 385 Appnnmx
1899 345 1939 384 1.
1978 343 2376 386 mssmnu'rro

808 445 915 507 31.
936 443 1129 525 quue
1148 442 1272 508 alia
1295 461 1541 525 quoque
1558 442 1660 506 via
1680 442 2007 506 evincitur.
2025 441 2108 505 Et
2130 461 2276 506 sane
2292 461 2342 505 s,
2363 442 2596 508 Doctor
2612 442 2778 526 Syst.
2802 444 2974 508 Mor.
2993 447 3023 509 1
3037 447 3073 509 7
3080 446 3185 511 85.

731 566 792 609 n.
821 547 924 609 84.
959 546 1110 609 haec
1138 544 1515 627 praemittit:
1548 569 1583 601 α
1621 541 2067 621 Confessarius‚
2107 545 2352 626 quoties
2384 545 2591 630 opinio
2638 564 2753 609 sua
2783 565 2906 611 non
2938 549 3038 611 est
3071 549 3189 610 evi-

732 648 951 712 denter
980 652 1171 721 certa,
1206 649 1354 712 tunc
1384 666 1508 711 non
1537 646 1741 711 solum
1773 648 1999 729 potest,
2038 646 2143 710 sed
2174 648 2365 712 etiam
2395 649 2643 714 tenetur
2678 668 2820 713 eum
2849 648 3189 731 (poeniten-

735 754 890 836 tem)
924 753 1260 829 absolvere,
1294 750 1725 835 permittendo,
1760 752 1835 814 ut
1863 750 1969 813 ille
2003 750 2351 833 opinionem
2389 769 2570 815 suam
2600 752 2916 832 sequatur,
2952 770 3190 834 semper

730 875 802 920 ac
833 856 1152 939 poenitens
1191 872 1333 918 cum
1362 852 1472 917 illa
1513 852 1798 935 opinione
1828 852 2106 917 efformet
2137 852 2256 916 sibi
2286 854 2722 917 conscientiam
2761 853 2835 917 de
2865 854 3189 919 honestate

728 959 994 1023 actionis
1024 979 1087 1021 »z
1122 955 1336 1021 deinde
1383 956 1595 1019 autem
1641 954 1884 1019 subdit:
1919 979 1951 1012 «
1986 954 2164 1018 Hanc
2194 956 2566 1020 sententiam
2596 955 2811 1020 dicunt
2846 955 3188 1040 Laymann‚

734 1062 933 1146 Lago,
968 1058 1258 1135 Sanchez‚
1292 1058 1585 1121 Valentia
1631 1060 1770 1133 etc„
1803 1056 2012 1121 locum
2054 1057 2298 1134 habere,
2331 1058 2580 1123 etiamsi
2619 1058 3030 1124 confassarius
3063 1060 3192 1142 opi-

724 1164 971 1228 nionem
1010 1161 1381 1245 poenitentis
1418 1159 1641 1224 falsam
1677 1159 1932 1224 haberet
1963 1185 2023 1222 ».

829 1265 1063 1329 Verum
1109 1265 1268 1328 hanc
1328 1263 1699 1327 sententiam
1745 1281 1794 1325 s.
1845 1264 2078 1327 Doctor
2137 1263 2230 1328 ita
2276 1263 2889 1328 circumscribendam
2938 1266 3189 1329 censet:

732 1393 772 1428 ι
811 1367 949 1432 Hoc
992 1384 1139 1431 vero
1186 1367 1337 1430 tunc
1383 1365 1586 1430 solum
1632 1364 2088 1429 admittendum
2137 1368 2309 1448 puto,
2357 1385 2501 1430 cum
2554 1366 2761 1449 opinio
2816 1368 3190 1450 poenitentis

731 1471 1067 1552 aliqualem
1090 1468 1280 1533 habet
1300 1467 1825 1551 probabilitatem,
1843 1467 1934 1531 ita
1960 1469 2032 1532 ut
2057 1468 2484 1545 confessarius,
2501 1470 2635 1533 esto
2659 1487 2796 1533 eam
2814 1488 2939 1535 non
2965 1471 3192 1535 habeat

728 1575 803 1638 ut
835 1571 1027 1638 solide
1074 1570 1475 1654 probabilem,
1511 1571 1719 1634 tamen
1752 1588 1874 1634 non
1904 1572 2153 1653 reputet
2190 1571 2436 1636 omnino
2467 1569 2693 1635 falsam
2718 1596 2778 1635 ».
2805 1572 2970 1636 Hinc
3009 1592 3189 1655 porro

727 1677 873 1740 licet
920 1677 1005 1740 sic
1053 1694 1346 1760 arguere:
1382 1693 1431 1737 s,
1469 1674 1703 1738 Doctor
1733 1673 2030 1750 concedit,
2065 1674 2304 1738 absolvi
2334 1692 2512 1758 posse
2542 1675 2982 1757 poenitentem,
3016 1677 3190 1741 cuius

728 1780 1007 1861 alioquin
1056 1778 1424 1861 opinionon
1462 1776 1583 1840 nisi
1627 1775 1988 1856 aliqualem,
2022 1780 2358 1859 utcumque
2393 1797 2520 1840 non
2565 1777 2834 1841 solidam
2865 1779 3195 1861 probabili-

732 1885 930 1947 tatem
978 1881 1184 1957 habet,
1235 1898 1422 1962 quam
1471 1880 1678 1944 tamen
1724 1878 2134 1943 confessarius
2181 1898 2300 1944 non
2348 1883 2594 1963 reputet
2650 1882 2899 1945 omnino
2946 1882 3189 1946 falsam.

731 1985 923 2066 Atqui
956 1984 1120 2048 idem
1159 2001 1206 2046 s.
1241 1984 1476 2047 Doctor
1505 1983 1695 2065 negat
1726 1980 1967 2046 absolvi
1997 1982 2410 2064 poenitentem
2443 2001 2641 2066 posse,
2674 1984 2729 2047 si
2765 1984 2953 2048 huius
2987 1986 3192 2068 opinio

728 2088 817 2151 sit
859 2084 1223 2149 notabiliter
1252 2084 1463 2147 minus
1487 2082 1860 2163 mobabilis.
1893 2083 2059 2169 Ergo
2105 2085 2281 2149 iuxta
2327 2104 2374 2148 s,
2408 2086 2741 2150 Doctorem
2774 2088 2982 2169 opinio
3012 2090 3195 2151 nota·

732 2189 943 2254 biliter
972 2174 1177 2252 minus
1210 2186 1545 2270 probabilis
1591 2204 1789 2267 neque
1828 2185 2180 2268 aliqualem,
2215 2187 2406 2250 etiam
2435 2207 2564 2251 non
2591 2187 2880 2261 solidam,
2911 2189 3196 2271 probabi·

734 2291 982 2356 litatem
1027 2289 1234 2366 habet,
1285 2287 1436 2353 adeo
1482 2291 1556 2353 ut
1610 2287 2019 2353 confessarius
2063 2288 2240 2352 illam
2292 2308 2403 2371 pro
2453 2290 2703 2354 omnino
2757 2290 2908 2354 falsa
2960 2290 3190 2353 hahere

724 2394 963 2459 debeat.

823 2497 943 2559 32„
962 2493 1140 2574 Quod
1172 2512 1314 2558 vero
1349 2494 1554 2576 opinio
1600 2498 1715 2556 aut
1741 2492 2103 2558 notabiliter
2121 2492 2514 2572 probabilior
2546 2496 2658 2558 aut
2689 2492 3053 2557 notabiliter
3081 2494 3194 2557 mi·

731 2618 854 2662 nus
886 2597 1243 2677 probabilis
1273 2616 1383 2679 pro
1416 2596 1778 2662 diversitate
1810 2615 2022 2662 sensus
2060 2597 2232 2660 nullo
2262 2596 2446 2661 modo
2479 2596 2769 2661 confundi
2800 2597 3022 2662 debeat
3051 2617 3190 2661 cum

730 2700 1017 2783 opinione
1065 2701 1177 2763 aut
1202 2698 1622 2777 probabiliori
1653 2703 1764 2764 aut
1810 2701 2019 2763 vitinus
2037 2697 2360 2778 probabili
2387 2699 2564 2763 iuxta
2594 2717 2985 2763 communem
3033 2718 3196 2764 acce-

730 2801 1025 2885 ptionem,
1060 2799 1199 2865 inde
1244 2799 1644 2865 manifestum
1690 2801 1783 2878 fit,
1819 2801 1983 2884 quod
2029 2802 2160 2884 ipse
2205 2821 2255 2866 s.
2289 2802 2541 2880 Doctor,
2582 2801 2828 2883 quando
2861 2802 2975 2865 has
3017 2820 3194 2866 voces

732 2904 997 2987 usurpat
1019 2903 1197 2967 iuxta
1222 2920 1471 2967 sensum
1495 2922 1677 2986 penes
1702 2904 2028 2989 theologos
2061 2922 2272 2969 omnes
2294 2904 2890 2978 communissimum‚
2917 2904 3193 2979 eandem,

726 3025 801 3070 ac
848 3025 1055 3089 supra,
1090 3005 1575 3070 controversiam
1605 3007 1903 3083 tractam,
1943 3025 2022 3069 an
2051 3006 2287 3071 scilicet
2323 3007 2521 3090 possit
2550 3006 2961 3072 confessarius
2999 3006 3197 3071 absol-

736 3129 873 3174 vere
919 3109 1337 3191 poenitentem
1382 3108 1788 3173 diversimode
1836 3109 2191 3191 opinantem
2239 3110 2317 3173 ab
2361 3108 2575 3174 eodem
2619 3109 3018 3185 confessari0‚
3050 3129 3196 3174 con-

730 3212 1036 3276 clusiones
1081 3229 1334 3294 prorsus
1380 3212 1723 3276 contrarias
1759 3210 2261 3295 praecedentibus
2306 3211 2512 3276 habet.
2563 3211 2662 3276 Ita
2721 3232 2779 3276 v,
2828 3231 2924 3296 gr.
2973 3212 3084 3276 lib.
3135 3212 3195 3274 6.

731 3335 792 3378 11.
828 3314 978 3376 604.
1019 3313 1108 3378 sic
1142 3313 1443 3396 legimus:
1477 3335 1514 3372 «
1546 3311 1823 3377 Secunda
1856 3314 2163 3379 sententia
2190 3315 2531 3377 commums
2559 3317 2623 3376 ct
2645 3313 2964 3395 sequenda
2992 3313 3194 3392 docet,

731 3434 855 3481 non
894 3416 1096 3480 solum
1141 3432 1339 3498 posse,
1389 3414 1494 3480 sed
1541 3416 1731 3479 etiam
1778 3416 1971 3481 teneri
2010 3417 2125 3480 sub
2170 3417 2351 3502 gravi
2395 3415 2835 3482 confessarium
2873 3418 3195 3485 absolvere

732 3518 1168 3602 poenitentem,
1203 3517 1312 3598 qui
1358 3517 1495 3582 vult
1540 3519 1712 3600 sequi
1761 3519 2107 3602 opinionem
2133 3517 2544 3600 probabilem,
2576 3519 2723 3585 licet
2768 3521 3058 3604 opposita
3107 3522 3193 3586 vi-

727 3620 949 3685 deatur
983 3618 1378 3699 probabilior
1406 3645 1469 3682 ».
1500 3620 1699 3703 Atqm
1734 3621 2111 3686 contrariam
2142 3623 2330 3688 habet
2360 3642 2408 3687 s.
2443 3623 2677 3687 Doctor
2701 3624 3104 3698 sententiam,
3135 3624 3188 3688 si

722 3725 886 3787 certe
919 3723 1031 3787 aut
1066 3720 1428 3788 notabiliter
1443 3722 1840 3802 probabilior
1875 3724 2009 3789 heic
2045 3724 2454 3810 intelligatur.

817 3826 900 3890 Et
931 3824 1146 3890 eodem
1177 3824 1283 3888 lib.
1319 3824 1380 3889 6.
1414 3845 1474 3889 ιι.
1502 3826 1686 3890 604.:
1722 3851 1757 3885 ‹
1782 3828 1973 3892 Pauci
2004 3827 2219 3893 dicunt
2246 3847 2494 3912 peccare
2524 3828 2971 3894 confessarium
3001 3829 3056 3894 si
3088 3830 3190 3894 ab·

726 3930 935 3995 solvat
980 3928 1415 4012 poenitentem,
1454 3929 1563 4010 qui
1607 3929 1745 3994 vult
1792 3930 1965 4012 sequi
2010 3930 2359 4014 opinionem
2389 3932 2600 3995 minus
2615 3930 3048 4012 probabilem,-
3082 3932 3188 3997 alii

728 4051 871 4098 vero
918 4036 1201 4095 auctores
1244 4031 1607 4112 yram-simi
1650 4035 1711 4094 et
1751 4033 2202 4113 ammplam-itm?
2243 4037 2378 4099 tam
2422 4054 2494 4099 ex
2540 4034 2836 4117 antiquiS,
2876 4054 3067 4118 qnam
3111 4055 3186 4100 ex

726 4133 1169 4200 recentioribus
1207 4133 1421 4198 dicunt
1466 4152 1731 4217 peccare,
1766 4135 1819 4199 si
1864 4154 1985 4200 non
2034 4137 2410 4201 absolvat».
2441 4137 2639 4219 Atqui
2681 4155 2732 4201 s.
2771 4138 3005 4202 Doctor
3049 4137 3185 4201 stat

725 4258 869 4303 cum
901 4236 1211 4322 prioribus
1243 4238 1478 4320 pauciS,
1517 4237 1571 4302 si
1608 4237 1925 4324 intelligas
1962 4241 2312 4320 opinionem
2341 4239 2700 4305 notabiliter
2729 4240 2944 4305 minu-s·
2959 4239 3192 4322 proba·

728 4339 954 4416 Mem,-
979 4358 1153 4405 secus
1184 4357 1319 4404 ecce
1356 4341 1665 4422 quomodo
1699 4361 1828 4407 rem
1860 4341 2133 4416 definiat,
2162 4343 2456 4408 nimirum
2485 4342 2824 4408 secundum
2852 4342 3188 4429 benignam

732 4443 1104 4507 sententiam
1148 4442 1344 4522 illam,
1379 4462 1569 4526 quam
1614 4444 1677 4508 in
1710 4445 1952 4509 dissert.
1991 4464 2133 4509 ann.
2168 4446 2359 4509 1749.
2392 4447 2456 4510 et
2495 4445 2686 4509 1755.
2721 4447 2785 4509 et
2828 4464 3024 4528 quam
3058 4447 3189 4511 heic

734 4561 982 4626 quoque
1028 4545 1440 4611 commendat.
1474 4546 1709 4611 Ibidem
1738 4547 1902 4611 enim
1949 4547 2036 4611 sic
2081 4548 2507 4630 prosequitur:
2539 4572 2575 4605 α
2606 4544 2827 4612 Stante
2857 4549 2977 4613 hac
3022 4568 3188 4614 com·
