3529 5158
745 341 817 396 84
1243 352 1453 395 mor.
1493 355 1532 394 1.
1571 354 1657 393 nn
1692 352 1955 395 AOTIBUS
1993 352 2291 395 nummis.
2331 352 2531 396 capm-
2571 354 2704 397 vm.
3095 345 3205 422 [86]

742 452 996 534 pellitur
1017 452 1095 515 ad
1127 450 1486 515 sumendam
1511 450 1969 514 Eucharistiam
1998 449 2063 514 in
2093 451 2210 513 hac
2240 450 2376 533 ipsa
2400 450 2546 517 aede
2570 455 2633 516 et
2664 452 2889 518 idcirco
2923 460 3199 541 sumptio

737 554 1164 618 Eucharistiae
1187 554 1278 635 (in
1311 553 1457 617 aede
1489 571 1538 616 S.
1565 551 1802 616 Mariae
1827 551 2113 635 Maioris)
2137 555 2232 617 est
2262 552 2401 616 finis
2434 553 2788 635 primarius,
2816 555 2957 621 finis
2990 577 3201 625 secun-

737 659 948 724 darius
986 662 1081 724 est
1115 660 1292 723 illam
1328 659 1551 723 habere
1588 658 1662 722 de
1698 677 1890 721 manu
1920 658 2147 740 Papae.

810 836 910 887 LV.
928 832 1348 894 circumstantiae,
1366 830 1521 897 inquit
1547 846 1586 883 s.
1610 832 1825 884 Thomas
1855 832 1900 883 l.
1924 833 1971 882 2.
1992 845 2039 894 q.
2061 830 2111 883 7.
2135 844 2176 882 a.
2209 832 2249 883 l.
2274 830 2500 883 dicuntur
2525 844 2864 898 quaecumque
2889 834 3196 890 conditiones

730 924 845 972 sunt
868 925 1007 972 extra
1032 916 1351 979 substantiam
1371 922 1508 968 actus
1533 920 1581 967 et
1607 921 1767 966 tamen
1798 913 2035 977 attingunt
2062 913 2223 979 aliquo
2251 917 2396 967 modo
2432 922 2594 968 actum
2623 919 2907 971 humanum.
2935 920 3074 973 Unde
3102 921 3197 974 cir-

731 1001 1049 1056 cumstantiae
1084 1009 1279 1055 actuum
1316 1003 1636 1052 humanorum
1674 997 1943 1051 accidentia
1980 1011 2153 1051 eorum
2196 998 2401 1051 dicenda
2439 1005 2566 1052 sunt.

838 1087 1047 1151 TulliuS,
1073 1085 1230 1153 pergit
1255 1100 1294 1138 s.
1320 1087 1535 1138 Thomas
1560 1085 1592 1136 l.
1620 1097 1663 1137 c.
1691 1097 1735 1136 a.
1762 1085 1832 1147 3.,
1852 1082 2065 1147 assignat
2093 1089 2278 1150 septem
2317 1082 2722 1149 circumstantiaS,
2753 1099 2879 1151 quae
2912 1089 3007 1142 hoe
3045 1102 3190 1145 versu

728 1171 1052 1226 eontinentur.

833 1255 971 1324 Quis,
995 1255 1129 1321 quid,
1156 1253 1255 1318 nbi,
1285 1253 1462 1319 quibus
1492 1251 1702 1316 auxiliis,
1731 1267 1838 1314 cur,
1864 1254 2129 1317 quomodo,
2158 1254 2368 1317 quando.

814 1374 934 1447 86.
969 1378 1041 1441 In
1072 1376 1376 1459 descripto
1413 1377 1591 1439 textu
1620 1393 1669 1438 s.
1705 1374 1980 1438 Thomae
2011 1376 2159 1436 sunt
2193 1373 2467 1438 notanda
2502 1375 2612 1438 illa
2647 1377 2870 1441 verba:
2905 1399 3063 1458 quae.
3094 1384 3188 1442 at-

725 1481 978 1561 tinyunt
1017 1478 1230 1560 aliquo
1267 1477 1443 1540 modo
1479 1479 1686 1540 actum
1715 1474 2073 1538 humanum.
2109 1473 2476 1558 Supponunt
2506 1495 2652 1561 ergo
2692 1479 2902 1543 actum
2942 1480 3072 1545 iam
3118 1482 3180 1546 in

717 1600 830 1645 sua
876 1582 1099 1645 natura
1133 1579 1547 1644 constitutum
1576 1596 1794 1659 nempe
1824 1577 2154 1641 habentem
2185 1577 2448 1659 speciem
2487 1597 2557 1641 ex
2606 1578 2866 1656 obiecto,
2903 1580 2981 1644 ad
3014 1583 3180 1664 quod

714 1683 933 1747 tendit.
953 1683 1115 1746 Hinc
1146 1701 1182 1746 a
1207 1701 1254 1746 s.
1283 1681 1523 1745 Thema
1552 1681 1609 1743 l.
1639 1682 1698 1743 2.
1724 1699 1784 1761 q.
1816 1680 1917 1743 18.
1945 1698 2001 1742 a.
2031 1680 2091 1742 3.
2119 1678 2589 1744 circumstantia
2622 1680 2851 1746 dicitur
2875 1683 3174 1750 accidens.

712 1785 1244 1865 Quemadmodum
1275 1787 1487 1849 autem
1518 1782 1858 1847 accidentia
1894 1781 2180 1846 tribuunt
2211 1781 2510 1845 essentiae
2550 1782 2828 1864 aliquam
2857 1787 3178 1867 perfectio-

712 1907 852 1951 nem
890 1890 1001 1951 aut
1044 1887 1335 1950 minuunt
1380 1884 1835 1968 perfectionem,
1867 1883 1961 1947 ita
2008 1887 2071 1947 et
2115 1884 2188 1947 de
2234 1882 2719 1949 circumstantiis
2768 1887 3174 1970 cogitandum

711 1988 885 2069 (ibid.
926 1988 1003 2052 ad
1040 1988 1097 2050 1.
1131 1990 1194 2051 et
1229 1988 1319 2069 2.)
1351 1990 1413 2051 et
1446 1987 1532 2051 sic
1569 1986 1861 2050 dicuntur
1891 1984 2198 2068 attingere
2230 1988 2440 2049 actum
2477 1986 2844 2051 humanum.

799 2090 934 2154 Iam
981 2108 1123 2154 vero
1171 2089 1326 2169 Qui-s·
1369 2106 1492 2152 non
1538 2088 1796 2151 denotat
1840 2087 2171 2163 hominem,
2213 2088 2317 2151 sed
2364 2087 2556 2151 talem
2601 2088 2934 2169 hominem,
2977 2112 3033 2155 V.
3073 2114 3167 2177 gr.

705 2192 994 2256 clericum
1040 2192 1138 2257 vel
1182 2191 1432 2267 laicum,
1466 2190 1782 2273 privatum
1814 2189 1913 2254 vel
1943 2188 2278 2271 publicum,
2313 2188 2718 2274 coniugatum
2769 2192 2868 2256 vel
2903 2193 3168 2260 liberum

705 2298 817 2360 aut
856 2297 1001 2359 voto
1038 2295 1326 2379 ligatum.
1362 2293 1670 2377 Intellige,
1712 2292 1766 2357 si
1797 2292 1944 2355 talis
1978 2294 2112 2356 erat
2148 2291 2296 2354 dum
2330 2293 2625 2374 peccavit.

799 2398 967 2478 Quid
985 2398 1236 2480 respicit
1266 2396 1705 2461 accidentalem
1735 2393 2156 2475 quantitatem
2187 2394 2284 2458 vel
2316 2395 2689 2475 qualitatem
2726 2396 2977 2462 obiecti:
3005 2399 3165 2465 hanc

699 2500 1230 2564 circumstantiam
1266 2499 1520 2581 quidam
1551 2496 1868 2581 appellant
1890 2496 2059 2559 circa
2088 2494 2244 2575 quid
2264 2495 2468 2579 (Lugo
2493 2495 2568 2558 dc
2591 2494 2843 2561 Poenit.
2870 2497 3026 2583 disp.
3058 2503 3162 2566 16.

695 2622 753 2666 n.
783 2602 982 2685 236.).
1018 2602 1339 2667 Obiectum
1378 2601 1461 2665 sit
1498 2621 1554 2664 v.
1595 2620 1687 2683 gr.
1730 2598 2040 2681 percussio
2087 2597 2388 2662 hominis:
2423 2597 2931 2665 circumstantiae
2978 2608 3161 2670 erunt

691 2703 855 2782 quod
902 2723 1224 2786 percussus
1271 2703 1354 2766 sit
1390 2703 1584 2766 laicus
1632 2701 1730 2764 vel
1777 2700 2052 2776 clericuS,
2093 2702 2418 2764 extraneus
2463 2700 2562 2763 vel
2600 2703 2779 2782 pater
2822 2704 2935 2766 aut
2981 2722 3155 2784 avua

688 2803 853 2885 quod
885 2804 1193 2885 percussio
1232 2804 1418 2867 fuerit
1457 2803 1552 2867 vel
1589 2802 1744 2867 levis
1784 2801 1881 2865 vel
1918 2801 2127 2885 gravis
2160 2821 2217 2865 v.
2251 2822 2344 2886 gr.
2384 2821 2527 2865 cum
2568 2801 2848 2867 fractura
2898 2805 3154 2872 ossium.

688 2905 769 2968 Et
815 2906 868 2970 si
913 2924 1111 2970 sermo
1159 2905 1242 2970 sit
1288 2905 1361 2968 de
1396 2905 1585 2982 furt0,
1620 2905 1738 2968 erit
1771 2903 2237 2968 circumstantia
2274 2904 2438 2985 quod
2484 2922 2582 2969 res
2621 2905 2706 2968 sit
2752 2924 2946 2984 sacra,
2988 2911 3155 2990 quod

686 3008 1005 3090 quantitas
1037 3009 1121 3072 sit
1152 3009 1359 3094 gravis
1392 3009 1490 3072 vel
1527 3007 1681 3072 levis
1715 3010 1833 3071 etc.

783 3111 924 3176 Huc
969 3111 1160 3176 etiam
1205 3111 1514 3194 pertinent
1560 3110 1832 3184 effectus,
1881 3108 1989 3189 qui
2035 3108 2232 3172 secuti
2285 3107 2533 3188 fuerint,
2583 3129 2641 3174 v.
2690 3130 2784 3194 gr.
2837 3113 3005 3193 quod
3051 3135 3154 3180 ca-

682 3213 919 3278 chinnis
951 3214 1267 3298 impuleris
1302 3213 1379 3278 ad
1409 3211 1966 3296 blasphemandum
1997 3211 2059 3275 et
2082 3210 2561 3292 imprecandum,
2589 3212 2755 3293 quod
2786 3215 3151 3283 scandalum

682 3315 918 3482 (16ᾶῦῗὲ
939 3318 1201 3480 ῐῗίξῆιιι·
1247 3417 1323 3480 ad
1370 3417 1741 3498 qualitatem
1785 3415 1927 3490 loci,
1963 3435 2021 3478 v.
2061 3435 2153 3498 gr.
2194 3414 2248 3477 si
2291 3413 2695 3479 homicidium
2740 3419 3146 3487 commissum

678 3516 866 3580 fuerit
910 3518 975 3580 in
1028 3519 1261 3599 templo
1309 3519 1409 3581 vel
1462 3516 1847 3582 coemeterio.
1897 3515 2038 3580 Non
2085 3534 2227 3579 vero
2273 3515 2394 3579 huc
2440 3516 2725 3598 pertinet,
2776 3520 3026 3600 quando
3075 3542 3145 3588 ex

676 3620 913 3684 ratione
949 3620 1070 3684 loci
1107 3621 1244 3685 tota
1276 3621 1627 3684 substantia
1662 3619 1923 3684 actionis
1971 3637 2078 3683 seu
2116 3620 2350 3701 peccati
2387 3620 2691 3702 provenit.
2733 3619 2836 3686 Sic
2869 3623 2923 3687 si
2959 3623 3144 3691 iudex

669 3741 845 3786 reum
884 3723 1207 3786 abstrahat
1253 3723 1331 3786 ab
1378 3722 1629 3786 ecclesia
1675 3722 1774 3785 vel
1819 3721 1882 3785 in
1930 3720 2184 3784 ecclesia
2240 3725 2414 3786 actus
2461 3722 2792 3788 iudiciales
2840 3732 3142 3807 exerceat,

665 3826 718 3889 si
749 3825 888 3907 quis
922 3825 1177 3889 inducat
1212 3824 1491 3889 iumenta
1522 3825 1584 3888 in
1617 3823 1955 3900 eeclesiam,
1990 3823 2164 3887 velut
2200 3823 2265 3886 in
2304 3824 2624 3888 stabulum
2666 3827 2783 3890 ete.

763 3928 1001 4008 Quibus
1021 3927 1286 3991 curtiliis
1311 3927 1646 3992 secundum
1668 3945 1715 3990 s.
1744 3926 2049 3990 Thomam
2080 3924 2342 3988 refertur
2366 3926 2443 3989 ad
2475 3945 2730 3990 causam
2766 3927 3142 3995 instrumen-

662 4031 853 4094 talem
891 4049 998 4095 seu
1035 4029 1238 4094 media
1286 4030 1582 4094 adhibita.
1618 4029 1717 4092 Ita
1752 4048 1809 4092 V.
1843 4025 1954 4111 gr!
1976 4027 2030 4090 si
2066 4045 2217 4092 usus
2258 4027 2341 4090 sit
2378 4027 2687 4110 quispiam
2729 4047 2794 4093 re
2832 4048 3010 4096 sacra
3059 4033 3135 4097 ad

658 4133 1178 4214 superstitionem,
1220 4132 1273 4197 si
1321 4151 1432 4214 ope
1478 4130 1793 4196 daemonis
1841 4148 1988 4193 usus
2036 4130 2121 4195 sit
2170 4128 2246 4193 ad
2285 4128 2678 4193 excitandum
2731 4130 3135 4198 inhonestum

661 4234 970 4298 affectum.

757 4335 888 4401 Cur
909 4337 1143 4400 indicat
1166 4336 1350 4400 finem
1373 4336 1799 4400 extrinsecum.
1819 4335 1920 4399 Ita
1943 4336 1996 4399 si
2021 4336 2472 4416 eleemosynam
2496 4333 2752 4410 dederiS‚
2781 4336 2854 4398 ut
2878 4340 3132 4402 avertas

659 4461 695 4506 a
733 4442 982 4523 peccato
1024 4438 1120 4502 vel
1152 4441 1225 4501 ut
1258 4437 1334 4501 ad
1365 4438 1593 4501 falsum
1624 4437 2054 4502 testimonium
2087 4436 2361 4500 inducas.

757 4539 1067 4620 Quomodo
1113 4538 1371 4603 refertur
1417 4538 1493 4603 ad
1526 4539 1798 4604 modum.
1832 4538 1972 4603 Huc
2009 4539 2265 4620 spectat,
2309 4554 2386 4600 an
2425 4537 2606 4619 plena
2652 4537 2750 4602 vel
2775 4538 3122 4620 semiplena
