3529 5158
333 371 480 448 [720]
1070 385 1242 428 oum
1278 384 1363 425 An
1400 383 1726 426 nonnus.
1767 385 2065 426 saumas
2692 370 2799 426 617

423 484 733 566 Loquitur
796 486 1006 549 autem
1054 482 1372 567 Laymann
1422 482 1496 546 de
1542 482 1697 565 potu
1744 482 2001 547 humani
2049 484 2389 567 sanguinis
2439 504 2621 566 quem
2669 504 2803 568 pro-

338 587 509 652 desse
533 588 763 653 caduco
796 589 1013 653 morbo
1045 585 1473 651 laborantibus
1500 586 1697 661 aiunt,
1726 589 1790 650 et
1813 586 1995 651 lactis
2019 586 2285 664 feminei,
2314 607 2496 669 quem
2522 587 2801 670 phtisicis

340 689 625 773 prodesse
662 689 889 755 Medici
924 689 1166 765 docent,
1205 691 1279 753 ut
1307 688 1437 771 ipse
1469 688 1640 753 dicit.
1675 687 1794 753 Sed
1823 689 1975 754 haec
2007 690 2156 754 sunt
2185 689 2532 771 antiquata.

427 789 605 870 Quod
630 790 703 856 de
734 791 1058 856 lictoribus
1082 791 1236 856 dicit
1259 792 1355 867 Α.,
1382 810 1544 856 nunc
1567 794 1731 855 certe
1755 794 1851 856 est
1883 793 1961 856 ab
1987 812 2104 856 usn
2129 792 2406 856 civilium
2431 791 2800 875 populorum

340 893 702 979 longissime
740 896 1069 959 remotum.

447 1048 678 1102 LXXIX.
699 1049 744 1102 t.
766 1051 838 1102 Ex
864 1063 1043 1113 genere
1070 1064 1262 1115 quoque
1290 1064 1379 1102 suo
1410 1048 1614 1103 venialia
1646 1057 1777 1115 sunt,
1805 1064 1929 1115 quae
1962 1048 2090 1102 tiliae
2127 1050 2282 1102 Gulae
2309 1048 2559 1115 dicuntur3
2578 1046 2802 1101 nimirum

338 1147 399 1186 ex
426 1138 567 1199 parte
592 1132 782 1186 animae
812 1135 855 1185 t.
886 1136 1143 1188 Hebetudo
1170 1133 1363 1196 mentis,
1385 1147 1471 1187 seu
1499 1118 1759 1200 stupiditas
1802 1141 1912 1186 nata
1939 1148 2001 1186 ex
2027 1135 2243 1200 crapula,
2274 1147 2320 1185 v.
2349 1148 2420 1197 gr.
2449 1139 2502 1186 ut
2528 1147 2623 1186 non
2648 1130 2802 1199 possit

338 1232 485 1273 orare
515 1225 625 1284 etc„
650 1233 777 1285 quae
808 1222 862 1274 m
889 1220 1126 1285 mortalis,
1152 1222 1345 1285 quando
1370 1219 1481 1285 quis
1513 1219 1790 1273 inordinate
1818 1220 2030 1273 bibendo
2065 1221 2144 1272 vel
2184 1222 2485 1273 comedendo
2513 1217 2804 1285 voluntarie,

338 1305 394 1357 tlt
428 1303 626 1370 ineptus
663 1306 725 1358 ad
760 1303 1071 1369 intelligenda
1098 1308 1177 1358 vel
1214 1307 1501 1371 praestanda
1533 1319 1607 1366 ea,
1634 1319 1759 1371 quae
1801 1306 1860 1358 ad
1900 1305 2106 1358 salutem
2146 1303 2219 1359 illi
2257 1310 2371 1358 aunt
2407 1302 2684 1358 necessaria
2724 1305 2805 1357 vel

339 1388 401 1442 ad
438 1402 565 1454 quae
601 1404 663 1443 ex
700 1389 863 1443 officio
902 1396 986 1443 aut
1025 1389 1147 1443 alias
1182 1391 1274 1442 sub
1312 1388 1447 1453 gravi
1487 1395 1686 1456 peccato
1730 1397 1940 1444 tenetur.
1970 1391 2108 1443 Bald.
2141 1391 2187 1443 d.
2216 1391 2300 1442 29.
2331 1392 2360 1441 Ι.
2389 1392 2439 1442 3.
2466 1403 2512 1441 n.
2544 1388 2623 1441 45.

446 1476 494 1526 2.
525 1475 687 1541 inepta
718 1473 915 1538 laetitia,
947 1487 1035 1541 per
1061 1488 1203 1540 quam
1229 1472 1518 1536 intelligitur
1559 1488 1653 1527 non
1680 1473 1884 1539 quaevis
1911 1472 2202 1534 inordinata,
2231 1488 2355 1539 quae
2383 1487 2524 1526 omne
2552 1478 2803 1538 peccatum

340 1554 578 1621 sequitur,
607 1558 694 1610 sed
732 1571 856 1623 quae
894 1564 1061 1611 movet
1087 1559 1148 1609 ad
1176 1556 1427 1610 cantiones
1456 1560 1711 1621 obscenas,
1738 1566 1877 1611 actus
1919 1566 2104 1623 turpes,
2134 1561 2287 1610 saltus
2318 1558 2397 1610 vel
2427 1562 2633 1611 choreas
2669 1556 2806 1610 inbo-

340 1647 502 1693 nestas
527 1650 620 1695 etc.
644 1642 792 1706 litque
819 1640 1053 1705 mortaliS,
1080 1642 1275 1706 quando
1308 1649 1382 1694 est
1409 1641 1660 1694 inductiva
1690 1641 1894 1695 alterius
1923 1644 1981 1695 ad
2011 1656 2300 1695 consensum
2328 1644 2404 1694 vel
2434 1640 2802 1695 delectationem

339 1727 595 1779 mortalem
635 1727 715 1780 vel
752 1726 817 1778 ad
852 1739 960 1779 eam
997 1726 1268 1779 ordinatur.
1296 1725 1416 1780 lbid.

451 1813 501 1864 3.
528 1810 682 1866 lltultil
752 1810 919 1865 uiam..

452 1897 501 1950 4.
526 1826 826 1961 scurrilitas,
853 1910 977 1962 quae
1002 1898 1064 1949 ab
1090 1894 1254 1963 inepta
1280 1896 1461 1950 laetitia
1490 1903 1539 1950 et
1579 1896 1888 1963 multiloquio
1929 1896 2106 1959 differt,
2133 1901 2265 1964 quod
2293 1897 2376 1949 illa
2404 1896 2467 1950 sit
2492 1895 2539 1949 in
2567 1895 2804 1963 appetitu,

336 1978 472 2034 istud
510 1979 560 2033 in
597 1980 777 2044 verbis,
805 1984 925 2034 baec
962 1979 1013 2033 in
1041 1979 1204 2033 verbis
1243 1987 1291 2034 et
1329 1981 1547 2046 gestibus
1576 1980 1790 2047 dicitque
1819 1996 2012 2049 semper
2051 1982 2260 2049 aliquam
2292 1981 2665 2044 inhonestatem,
2692 1979 2807 2035 licet

340 2078 432 2132 per
469 2079 522 2118 se
561 2071 611 2117 et
647 2065 841 2119 secluso
880 2065 1125 2127 scandale,
1155 2064 1409 2129 venialem,
1438 2079 1486 2117 v.
1515 2081 1583 2130 gr.
1618 2064 1843 2119 scurrilia
1886 2065 2050 2120 dicere
2090 2068 2166 2119 vel
2206 2080 2397 2128 canere,
2436 2072 2632 2119 ventum
2671 2063 2807 2118 emit-

337 2162 443 2209 tere
466 2162 560 2208 etc.
587 2169 651 2208 ex
678 2154 877 2208 levitate
904 2156 964 2207 ad
1003 2153 1156 2208 risum
1196 2154 1533 2208 excitandum:
1565 2159 1771 2209 mortale
1812 2163 1971 2209 tamen
2012 2163 2155 2219 esset,
2189 2155 2228 2208 si
2258 2158 2398 2209 fleret
2423 2169 2568 2207 causa
2597 2155 2804 2208 delecta-

334 2239 487 2295 tionis
524 2253 782 2295 venereae.
808 2242 947 2293 Bald.
973 2241 1007 2294 l.
1037 2254 1081 2293 c.
1110 2243 1288 2294 Escob.
1316 2245 1351 2293 t.
1384 2243 1431 2293 2,
1454 2255 1496 2293 e.
1526 2242 1573 2293 2.
1600 2255 1643 2293 c.
1675 2241 1725 2293 t.

448 2329 522 2380 Ex
562 2333 695 2393 parte
733 2324 960 2392 corporis
980 2324 1303 2388 immunditia,
1335 2325 1550 2379 vomitus
1574 2333 1623 2379 et
1650 2325 1848 2380 seminis
1872 2326 2061 2380 emisio,
2090 2329 2226 2393 Quae
2257 2325 2422 2379 ultima
2448 2325 2491 2380 si
2529 2324 2803 2379 voluntaria

336 2411 422 2477 sit,
447 2415 654 2466 mortale
692 2410 805 2465 erit.
831 2409 944 2463 Vid.
973 2413 1142 2476 Laym.
1175 2414 1205 2465 l.
1234 2413 1283 2463 3.
1313 2426 1354 2465 s.
1384 2411 1429 2464 4.
1456 2412 1591 2465 Less.
1618 2413 1651 2463 l.
1680 2413 1728 2464 3.
1756 2414 1895 2467 Bald.
1924 2414 1953 2464 l.
1982 2414 2030 2465 3.
2059 2427 2102 2466 c.
2132 2413 2214 2464 29.

433 2554 525 2622 cf.
560 2576 607 2621 s,
642 2556 863 2621 Thom.
897 2575 957 2639 q.
998 2557 1104 2620 cit.
1142 2576 1196 2620 a.
1234 2556 1292 2620 6.

1333 2768 1689 2832 Ammonis
1738 2769 1819 2832 II.

1267 2912 1436 2994 Quid
1475 2915 1564 2978 sit
1606 2913 1892 2977 ebrietas.

451 3095 659 3148 LXXX.
691 3097 837 3159 Resp.
868 3092 1048 3147 Malitia
1076 3092 1323 3145 ebrietatis
1365 3094 1534 3156 plenae
1572 3100 1619 3144 et
1660 3095 1898 3156 perlectae
1937 3092 1984 3144 in
2026 3108 2084 3144 eu
2125 3092 2366 3152 consistit,
2396 3095 2525 3157 quod
2554 3093 2661 3159 quis
2700 3093 2804 3148 siue

340 3177 471 3233 iusta
509 3186 559 3233 et
594 3178 733 3243 gravi
769 3191 933 3240 eausa,
964 3183 1147 3231 tantum
1174 3180 1238 3228 ob
1265 3180 1565 3242 voluptatem
1596 3183 1676 3227 aut
1714 3174 1979 3237 ingluviem
2021 3175 2179 3227 sciens
2219 3176 2393 3228 volens
2421 3175 2577 3240 privet
2618 3192 2671 3229 se
2710 3192 2802 3231 usn

345 3263 553 3317 rationis
562 3278 577 3330 3
598 3277 690 3317 non
717 3261 1018 3329 simpliciter,
1039 3261 1086 3314 id
1115 3263 1245 3327 quod
1273 3263 1326 3313 nt
1349 3260 1398 3313 in
1425 3274 1614 3320 somne,
1635 3261 1783 3311 modo
1811 3258 2021 3312 naturali
2040 3258 2266 3311 instituto
2293 3262 2356 3310 ab
2378 3266 2577 3313 anctore
2605 3268 2805 3315 naturae

341 3351 407 3403 ad
445 3347 620 3402 virium
655 3355 704 3402 et
739 3347 965 3413 imaginis
1002 3347 1093 3401 Dei
1132 3345 1579 3399 conservationem:
1607 3345 1695 3397 sed
1720 3343 1962 3397 violenter
1985 3351 2034 3396 et
2072 3346 2217 3396 modo
2264 3342 2540 3407 innaturali,
2568 3344 2804 3399 rationem

346 3435 677 3501 perturbando
719 3440 768 3487 et
808 3432 899 3486 Dei
937 3431 1192 3497 imaginem
1231 3431 1553 3496 deturpando,
1592 3429 1641 3482 in
1680 3430 1878 3482 modurn
1919 3427 2125 3481 amentis
2164 3427 2293 3482 bruti
2334 3442 2390 3482 ac
2428 3427 2570 3482 simul
2609 3428 2808 3497 insuper

348 3518 589 3587 privando
615 3533 667 3571 se
694 3517 916 3585 proxima
939 3523 1179 3583 potestate
1207 3513 1373 3570 utendi
1392 3513 1598 3579 ratione,
1623 3516 1684 3567 ad
1712 3528 1906 3566 omnem
1934 3511 2142 3566 subitam
2166 3511 2522 3567 necessitatem.
2545 3511 2612 3566 lta
2632 3516 2808 3567 docent

343 3617 586 3657 commun.
616 3605 874 3657 Doctores

433 3744 613 3820 720.
642 3749 734 3813 De
754 3746 1001 3812 malitia
1033 3745 1352 3810 ebrietatis
1384 3763 1431 3807 a.
1460 3743 1679 3807 Thom.
1715 3745 1776 3806 2.
1814 3744 1873 3806 2.
1909 3763 1966 3824 q.
2008 3745 2151 3806 150.
2181 3746 2298 3807 art.
2336 3746 2433 3807 2.:
2467 3768 2501 3800 «
2527 3743 2808 3810 Ebrietas

346 3853 441 3916 est
462 3853 787 3935 peccatum
809 3849 1107 3922 mortale;
1142 3848 1288 3930 quia
1321 3845 1655 3911 secundum
1690 3847 1807 3909 hoc
1838 3846 2022 3909 homo
2057 3846 2266 3909 volens
2291 3851 2354 3908 et
2378 3846 2571 3908 sciens
2603 3845 2810 3928 privat

348 3971 414 4018 se
443 3960 563 4018 usu
599 3953 882 4026 rationis,
916 3970 1038 4034 quo
1072 3949 1409 4015 secundum
1432 3948 1738 4012 rationem
1771 3950 2062 4030 operatur
2088 3950 2150 4010 et
2175 3949 2424 4028 peecata
2454 3945 2807 4011 declinat».

435 4057 519 4123 Et
554 4060 610 4121 1.
654 4060 714 4122 2.
749 4078 808 4140 q.
845 4057 949 4121 88.
984 4057 1103 4119 art.
1139 4056 1199 4117 5.
1236 4053 1313 4117 ad
1349 4054 1443 4116 1.:
1485 4077 1521 4108 ⁴<
1553 4051 1731 4130 Quod
1762 4051 1925 4115 enim
1965 4051 2151 4117 homo
2188 4049 2420 4129 absque
2450 4051 2813 4114 necessitate

346 4159 568 4225 reddat
612 4180 677 4226 se
723 4159 1129 4243 impotentem
1177 4156 1252 4221 ad
1302 4155 1603 4221 utendum
1633 4154 1897 4229 ratione,
1931 4171 2038 4234 per
2074 4171 2263 4234 quam
2295 4152 2481 4217 homo
2513 4153 2576 4216 in
2613 4154 2809 4218 Deum

349 4262 672 4329 ordinatur
719 4266 783 4328 et
827 4263 1029 4328 multa
1076 4261 1327 4344 peccata
1359 4257 1742 4323 occurrentia
1782 4255 1963 4331 vitat,
2013 4275 2091 4319 ex
2135 4254 2272 4318 sola
2317 4253 2628 4334 voluptate
2659 4256 2813 4336 vini,

346 4384 627 4449 expresse
671 4366 1091 4431 contrariatur
1138 4362 1361 4428 virtuti
1394 4387 1453 4424 ».
