3529 5158
722 322 789 377 16
1173 335 1384 377 macr.
1424 336 1464 376 1.
1502 336 1587 375 m:
1624 332 1882 377 Amnius
1918 331 2213 375 fluxam&
2252 331 2448 374 cunr
2487 333 2549 372 11.
2586 318 2638 386 ξ.
2673 319 2726 372 2.
3074 317 3183 392 [20]

717 435 1062 499 luntarium
1104 433 1422 517 quidpiam
1468 433 1644 497 nobis
1690 431 1972 507 (1101111115,
2007 450 2129 496 11011
2175 430 2355 512 quasi
2400 429 2603 512 reipsa
2646 429 2710 494 id
2757 429 3039 505 velimus),
3075 432 3179 496 sed

716 538 865 619 quia
911 537 1227 613 vellemus,
1277 535 1329 600 si
1378 554 1507 601 rem
1560 551 2066 619 cognosceremus
2114 533 2227 596 aut
2286 532 2360 596 de
2407 550 2480 596 ea
2523 551 2587 596 re
2633 531 3175 617 interrogaremur.

713 638 854 703 Non
901 658 1047 723 ergo
1095 637 1518 703 voluntarium
1565 635 1810 712 dicitur,
1859 634 2040 717 quasi
2083 634 2425 698 intercedat
2471 634 2641 698 ullus
2686 636 2863 699 actus
2910 654 3018 698 seu
3075 655 3179 700 vo-

715 740 977 804 luntatis
1024 758 1354 803 consensus
1401 740 1514 803 aut
1558 739 1770 802 motus
1816 756 1964 822 erga
2010 755 2148 801 eam
2192 755 2341 814 rem,
2390 736 2496 801 sed
2542 739 2850 818 quatenus
2895 739 3176 820 spectata

713 843 800 906 rei
846 842 1052 907 indole
1098 845 1162 907 et
1207 842 1393 906 huius
1441 840 1868 906 convenientia
1915 858 2057 903 cum
2104 840 2330 903 natura
2375 837 2670 903 rationali
2716 840 2780 903 et
2824 838 3176 905 conditione

713 947 826 1009 aut
857 948 1031 1009 statu
1063 964 1171 1010 seu
1202 945 1421 1009 habitu
1454 943 1819 1019 voluntatiS‚
1852 942 2264 1026 intelligimus
2296 942 2686 1006 voluntatem
2717 960 3173 1020 consensuram,

712 1047 767 1111 si
796 1066 892 1111 res
939 1048 996 1112 ei
1042 1048 1501 1129 proponeretur.
1534 1046 1671 1109 Hoc
1715 1046 1899 1127 pacto
1934 1044 2096 1121 v010‚
2136 1046 2210 1107 ut
2255 1044 2516 1126 pecunia
2552 1064 2609 1108 v,
2636 1065 2730 1128 gr.
2763 1045 2864 1108 vel
2907 1064 3005 1110 res
3035 1065 3174 1110 mea

710 1149 879 1215 furto
928 1150 1141 1213 ablata
1187 1148 1486 1231 eripiatur
1531 1147 1609 1211 ab
1656 1146 1855 1210 amico
1902 1166 1935 1210 e
1981 1145 2267 1210 manibus
2313 1146 2486 1210 furis.
2531 1147 2631 1210 Ita
2676 1146 2730 1209 si
2775 1146 2986 1211 videas
3034 1148 3177 1212 ado-

712 1252 1042 1317 lescentem
1073 1250 1311 1335 ingredi
1358 1250 1563 1314 locum
1609 1251 1875 1331 turpem,
1909 1250 2085 1330 potes
2131 1248 2188 1313 ei
2218 1267 2357 1313 vere
2388 1248 2613 1313 dicere:
2647 1250 2824 1330 pater
2853 1251 3003 1313 tuus
3037 1250 3174 1314 vult

709 1355 787 1417 ut
832 1354 974 1417 hinc
1022 1353 1310 1417 abscedas
1343 1354 1407 1417 et
1450 1350 1778 1416 revertaris
1824 1351 2098 1415 domum.

800 1455 1207 1537 Frequentior
1235 1473 1385 1519 usus
1431 1454 1617 1517 huius
1648 1452 1968 1517 divisionis
2001 1454 2096 1517 est
2139 1452 2201 1515 111
2250 1452 2513 1516 materia
2559 1451 3032 1535 dispensationis
3065 1473 3176 1518 seu

710 1557 1122 1621 licentiarum.
1148 1555 1250 1621 Sic
1271 1556 1457 1631 filius,
1486 1556 1736 1620 absente
1760 1556 1957 1637 patre,
1991 1554 2296 1636 quaedam
2319 1554 2548 1632 vendit,
2577 1555 2851 1620 famulus
2881 1555 2990 1619 dat
3014 1556 3172 1621 elee-

709 1677 1021 1744 mosynas,
1056 1657 1385 1742 religiosus
1415 1657 1569 1722 emit
1598 1675 1855 1739 pannos,
1879 1656 2133 1722 inferior
2179 1657 2301 1721 dux
2349 1657 2690 1722 committit
2719 1658 3022 1740 proelium
3053 1662 3168 1723 etc.

797 1760 1061 1841 Quidam
1109 1761 1325 1842 utique
1372 1759 1756 1824 confundunt
1803 1759 2228 1824 voluntarium
2273 1758 2816 1842 interpretativum
2847 1779 2987 1824 cum
3020 1760 3173 1825 indi-

708 1866 904 1927 recto:
934 1865 1001 1926 at
1030 1863 1291 1926 dicimus
1323 1863 1387 1925 111
1420 1862 1776 1926 voluntario
1809 1861 2105 1926 indirecto
2131 1861 2396 1943 spectari
2425 1861 2699 1937 modum,
2727 1879 2851 1943 quo
2875 1862 3168 1928 voluntas

705 1964 908 2027 tendit
950 1964 1013 2027 in
1063 1964 1371 2028 obiectum
1417 1966 1483 2027 et
1528 1963 1776 2044 quidem
1821 1963 1884 2026 in
1933 1964 2172 2039 effectu,
2221 1963 2329 2044 qui
2376 1962 2657 2044 sequitur
2699 1981 2770 2026 ex
2816 1963 3166 2043 omissione,

706 2065 861 2128 nihil
910 2084 1058 2141 esse,
1086 2064 1251 2147 quod
1295 2065 1827 2147 interpretandum
1859 2065 1942 2129 sit
1990 2084 2060 2128 ac
2092 2064 2288 2128 veluti
2334 2064 2780 2128 coniiciendum
2812 2064 3164 2131 divinando.

706 2168 842 2232 Hoc
890 2170 1100 2231 autem
1161 2185 1410 2250 prorsus
1456 2166 1660 2230 differt
1706 2167 1785 2230 ab
1845 2165 2337 2248 interpretativo‚
2385 2166 2494 2229 ubi
2547 2166 2758 2230 nullus
2804 2170 2899 2231 est
2953 2186 3166 2252 reapse

706 2272 901 2333 actus.
928 2268 1107 2348 Quod
1152 2287 1295 2333 vero
1341 2267 1723 2333 confundant
1769 2268 2027 2333 formale
2073 2287 2214 2332 cum
2261 2268 2512 2347 directo,
2547 2268 2688 2333 inde
2735 2271 2847 2346 est,
2881 2271 3046 2352 quod
3080 2272 3168 2335 di·

702 2375 940 2436 rectum
988 2371 1073 2435 sit
1118 2390 1362 2452 quoque
1408 2371 1700 2435 formale:
1735 2373 1805 2434 at
1849 2371 2106 2435 formale
2138 2371 2345 2453 potest
2375 2390 2505 2436 esse
2536 2371 2726 2436 etiam
2757 2372 3162 2451 indirectum;

703 2474 849 2556 quia
896 2473 1053 2538 velle
1100 2491 1352 2556 possmn
1414 2492 1519 2555 per
1566 2472 1963 2537 omissionem
2008 2473 2355 2557 pertingere
2402 2474 2478 2537 ad
2525 2474 2830 2538 effectum.
2878 2475 2969 2540 Ut
3014 2477 3165 2558 quid

700 2576 944 2640 dicatur
998 2575 1255 2640 formale
1301 2576 1746 2654 voluntarium,
1798 2576 1952 2640 satis
1999 2579 2111 2654 est,
2161 2576 2215 2641 si
2265 2578 2440 2642 actus
2501 2582 2770 2660 ponatur
2825 2579 3163 2646 secundum

700 2678 1040 2742 voluntarii
1087 2678 1369 2754 formam,
1419 2697 1526 2742 seu
1576 2679 2022 2743 substantiam:
2055 2681 2171 2745 hoc
2217 2684 2401 2763 pacto
2447 2681 2705 2746 formale
2749 2684 2846 2746 est
2877 2684 3166 2749 volunta-

695 2779 861 2843 rium
894 2778 1240 2858 perfectum
1285 2782 1348 2844 et
1395 2780 1837 2859 inmerfectum,
1886 2780 2253 2861 simpliciter
2300 2784 2414 2846 etc.
2464 2781 2677 2864 Neque
2723 2801 2867 2848 vero
2915 2786 3161 2865 quoties

701 2882 875 2946 adest
909 2884 1086 2946 actus
1132 2882 1465 2946 secundum
1500 2901 1678 2946 suam
1723 2883 2008 2959 formam,
2042 2883 2266 2948 idcirco
2314 2885 2596 2967 postulat
2626 2885 2904 2968 partitio,
2939 2890 3014 2951 ut
3045 2890 3161 2953 sub

698 3004 769 3049 eo
819 2986 1072 3067 aspectu
1133 3003 1228 3048 res
1275 2984 1726 3048 consideretur:
1778 2985 2036 3049 absurde
2097 2986 2295 3070 igitur
2341 3006 2577 3070 semper
2622 2989 2930 3070 promitur
2988 2990 3161 3054 istud

693 3086 979 3165 formale.

784 3189 927 3254 Alio
976 3192 1183 3255 tamen
1232 3208 1412 3254 sensu
1460 3207 1826 3254 consensum
1871 3189 2418 3272 interpretativum
2465 3191 2738 3273 appellat
2783 3210 2832 3256 s.
2882 3193 3157 3258 Thomas

694 3291 768 3354 de
833 3292 1021 3356 Verit.
1056 3313 1114 3374 q.
1154 3294 1255 3356 15.
1291 3295 1407 3356 art.
1442 3292 1503 3354 4.
1540 3291 1616 3355 ad
1668 3293 1817 3356 lOffl.
1857 3292 2174 3374 inquiens:
2217 3316 2253 3349 «
2284 3294 2637 3374 Antequam
2685 3294 2847 3359 ratio
2894 3295 3158 3360 delecta-

694 3394 928 3457 tionem
974 3393 1307 3476 perpendat
1338 3394 1435 3457 vel
1482 3395 1926 3458 nocumentum
1971 3394 2186 3476 ipsius,
2222 3413 2342 3458 non
2390 3395 2578 3458 habet
2615 3395 3156 3475 interpretativum

695 3513 1077 3567 consensum,
1113 3494 1358 3558 etiamsi
1404 3514 1525 3560 non
1571 3496 1856 3561 resistat:
1892 3495 1997 3560 sed
2042 3495 2286 3576 quando
2334 3495 2462 3559 iam
2506 3497 2826 3579 perpendit
2869 3498 3034 3563 ratio
3081 3500 3155 3565 de

694 3596 1100 3660 delectatione
1145 3596 1502 3680 insurgente
1547 3599 1610 3662 et
1656 3598 1729 3663 de
1777 3600 2146 3662 nocumento
2195 3599 2683 3680 consequente...,
2708 3597 2830 3662 nisi
2875 3618 3154 3683 expresse

690 3697 959 3774 resistat,
996 3698 1240 3761 videtur
1268 3700 1614 3763 consentire
1648 3727 1708 3762 ».
1743 3700 1866 3764 Ubi
1913 3719 2246 3763 consensus
2276 3701 2789 3779 interpretationes
2817 3700 3050 3766 dicitur
3079 3703 3153 3768 de

691 3820 782 3879 eo,
831 3802 939 3883 (1111
984 3805 1267 3865 censetur
1326 3804 1691 3867 consentire.
1740 3802 1970 3866 Eodem
2017 3802 2175 3866 forte
2222 3820 2403 3866 sensu
2450 3801 2685 3866 videbis
2731 3802 2892 3866 hanc
2936 3823 3152 3870 vocem

690 3907 1055 3988 usurpatam
1100 3924 1282 3988 penes
1314 3904 1539 3969 Suarez
1571 3906 1635 3968 in
1673 3906 1731 3967 1.
1769 3906 1829 3967 2.
1865 3906 2047 3968 tract.
2084 3906 2144 3968 2.
2179 3903 2336 3987 disp.
2370 3905 2429 3967 4.
2467 3906 2614 3969 sect.
2651 3905 2711 3968 3.
2747 3924 2850 3968 nn.
2886 3907 2946 3969 2.
2981 3926 3149 3989 seqq.

687 4010 749 4072 et
796 4008 1024 4073 clarius
1070 4008 1234 4091 apud
1280 4009 1571 4074 Azorium
1622 4009 1775 4072 tom.
1816 4007 1875 4069 1.
1905 4006 2014 4070 lib.
2049 4007 2110 4069 4.
2146 4025 2280 4088 cap.
2315 4006 2375 4069 6.
2410 4025 2470 4087 q.
2508 4009 2568 4069 5.
2602 4026 2660 4088 p.
2695 4007 2847 4071 323.

792 4136 829 4200 f)
856 4137 907 4188 In
934 4149 1219 4188 expasssum
1246 4140 1294 4188 et
1318 4150 1552 4189 1110111111.
1576 4137 1874 4202 Expressum
1913 4132 2107 4198 dicitur,
2138 4135 2269 4200 quod
2310 4132 2535 4188 (1151111οῑ0
2574 4133 2741 4188 verbis
2770 4143 2855 4189 aut
2885 4134 2981 4190 alio
3007 4135 3149 4202 signo

686 4220 973 4272 declaratur.
998 4218 1235 4281 Tacitum,
1264 4222 1392 4285 quod
1419 4222 1593 4274 adesse
1619 4234 1679 4273 ex
1708 4218 1870 4285 aliquo
1900 4223 2026 4273 racto
2058 4222 2136 4272 vel
2167 4218 2277 4272 tacti
2304 4216 2568 4273 omissione
2598 4217 2860 4285 colligitur.
2884 4219 3061 4275 Differ!
3082 4225 3145 4276 ab

684 4302 1076 4370 interpretativo,
1102 4306 1232 4369 quod
1252 4303 1300 4357 in
1321 4307 1415 4358 boc
1434 4305 1614 4368 nullus,
1643 4303 1691 4357 in
1718 4303 1804 4358 1110
1834 4317 1983 4358 verus
2011 4303 2136 4358 adsit
2162 4317 2446 4357 consensus.
2474 4304 2745 4369 Utrumque
2774 4311 2934 4357 antem
2961 4304 3143 4360 dicitur

685 4404 1037 4443 vonuuraamu
1077 4403 1472 4456 aaassuuprum
1514 4389 1627 4455 quia
1670 4388 1991 4456 praesumitur
2031 4390 2218 4442 adesse.

771 4486 900 4560 20.
933 4490 1364 4575 Distinguitur
1394 4508 1539 4573 ergo
1588 4508 1947 4567 expressum
1994 4490 2071 4553 ab
2118 4488 2448 4568 exple‘ce‘to‚·
2480 4487 2628 4569 quia
2673 4488 2878 4570 quoad
2910 4508 3147 4571 expres-

680 4612 840 4670 sum,
874 4592 1332 4659 consideramus
1365 4611 1442 4656 an
1479 4590 1745 4655 exterius
1780 4591 2210 4656 manifestetur
2242 4592 2587 4658 voluntatis
2619 4595 2830 4657 actus:
2862 4591 2926 4658 in
2958 4594 3147 4676 expli-
