3529 5158
716 379 787 432 94
1211 392 1425 434 maer.
1465 393 1503 433 1.
1544 392 1627 431 m:
1665 391 1922 434 acl-mus
1959 390 2252 432 nummis.
2292 391 2493 433 carm
2533 392 2663 433 vm.
3021 375 3170 453 [103]

707 490 866 554 circa
914 511 960 555 s,
1003 490 1273 554 Thomas
1322 491 1381 552 2.
1423 488 1568 552 dist.
1610 489 1714 551 40.
1756 507 1815 569 q.
1862 489 1919 551 1.
1956 505 2009 550 a.
2053 490 2112 550 5.
2154 486 2277 551 ait:
2327 513 2359 545 «
2401 488 2761 571 Respondeo
2818 488 3164 569 dicendum,

708 592 872 674 quod
918 594 1077 657 circa
1138 593 1255 657 hoc
1301 594 1448 656 sunt
1493 596 1618 655 tres
1682 591 2018 673 opiniones.
2069 588 2334 669 Quidam
2396 591 2559 655 enim
2605 591 2840 667 dicunt,
2889 592 3054 674 quod
3102 594 3166 658 in

707 694 887 758 dictis
937 695 1123 776 (idest
1169 695 1233 759 in
1279 694 1510 775 verbis)
1558 712 1679 757 non
1727 694 1935 775 potest
1982 710 2110 756 esse
2159 691 2393 773 aliquid
2456 692 2822 769 indifferent-3,
2871 692 2935 756 in
2983 693 3166 759 factis

707 800 917 861 autem
962 799 1232 880 potest...
1267 797 1394 861 Alii
1440 796 1673 871 dicunt,
1723 794 1887 877 quod
1937 798 2068 859 tam
2115 794 2179 857 in
2226 793 2408 858 dictis
2455 812 2643 876 quam
2689 794 2754 857 in
2799 794 2983 860 factis
3021 815 3166 861 0011-

704 899 897 983 tingit
946 900 1155 981 aliqua
1202 918 1332 963 esse
1394 896 1822 973 indifferentia,
1872 915 2030 979 quae
2077 914 2185 960 nec
2230 896 2391 959 bona
2436 915 2546 960 nec
2592 896 2758 960 mala
2805 897 2952 973 sint,
3002 898 3166 963 sicut

702 1000 832 1077 illa,
884 1019 1041 1081 quae
1102 1020 1222 1065 non
1287 1000 1651 1063 ordinantur
1698 997 1775 1062 ad
1821 998 2245 1080 impletionem
2306 1000 2772 1079 praeceptorum
2827 999 3005 1063 Dei...
3055 1019 3166 1065 nec

704 1104 894 1167 etiam
939 1103 1164 1167 divinis
1211 1101 1670 1166 contrariantur
1715 1101 2119 1184 praeceptis...
2155 1100 2358 1163 Aliter
2405 1098 2742 1163 secundum
2775 1100 2931 1165 alios
2968 1100 3168 1166 dicen-

704 1205 853 1269 dum
891 1207 1003 1281 est,
1032 1203 1197 1286 quod
1243 1204 1452 1267 nullus
1501 1206 1676 1267 actus
1710 1221 1745 1265 a
1787 1203 2110 1266 voluntate
2142 1202 2481 1266 deliberata
2527 1202 2920 1285 progrediens
2958 1206 3166 1285 potest

703 1326 851 1381 esse,
893 1307 1001 1388 qui
1047 1324 1168 1371 non
1215 1300 1299 1370 sit'
1336 1306 1532 1369 bonus
1580 1305 1678 1367 vel
1721 1304 1948 1377 malus,
1982 1323 2105 1367 non
2155 1306 2404 1368 tantum
2439 1303 2775 1367 secundum
2812 1304 3164 1390 Theologos

703 1408 807 1471 sed
854 1408 1042 1472 etiam
1090 1408 1423 1472 secundum
1469 1407 1771 1471 moralem
1817 1405 2257 1488 philosophum
2289 1430 2349 1469 ».

789 1511 1063 1576 Eandem
1089 1511 1448 1594 opinionum
1472 1511 1842 1574 varietatem
1865 1510 2136 1573 testatur
2159 1511 2295 1574 ets.
2321 1508 2763 1573 Bonaventura
2788 1510 2848 1573 2.
2870 1510 3032 1574 Dist.
3054 1511 3160 1574 41.

701 1633 760 1678 a.
792 1615 848 1677 1.
875 1635 934 1696 q.
962 1615 1023 1678 3.
1050 1614 1132 1677 Et
1162 1614 1362 1696 reipsa
1411 1613 1692 1677 doctores
1724 1612 1954 1694 partim
2001 1612 2064 1674 in
2110 1630 2303 1674 unam
2349 1612 2577 1693 partim
2623 1611 2688 1675 in
2735 1612 3002 1676 alteram
3033 1632 3164 1677 sen-

702 1717 965 1779 tentiam
1026 1716 1422 1793 inclinarunt,
1484 1717 1555 1778 ut
1606 1716 1780 1797 patet
1828 1732 1897 1776 ex
1945 1711 2269 1777 Schwartii
2315 1712 2697 1790 testimonie,
2747 1715 2811 1777 et
2857 1710 3165 1780 Scotistae

701 1820 1044 1904 generatim
1093 1818 1313 1883 volunt
1360 1817 1492 1881 dari
1541 1820 1718 1880 actus
1766 1815 2196 1892 indifferenteS,
2248 1813 2609 1878 Thomistae
2658 1819 2907 1899 negant,
2943 1816 3166 1898 reliqui

703 1922 1085 1985 scinduntur.

790 2022 1171 2086 Sententiam
1201 2022 1415 2102 itaque
1443 2020 1863 2084 affirmantem
1895 2018 2130 2083 Staidel
2155 2021 2218 2083 et
2242 2016 2524 2082 Schwarz
2551 2018 2839 2084 tribuunt
2872 2019 3164 2087 Scotistis

703 2125 765 2187 et
796 2141 843 2185 S.
871 2123 1364 2186 Bonaventurae.
1401 2123 1501 2185 Ita
1526 2120 1759 2185 Staidel
1792 2121 1835 2183 1.
1861 2140 1949 2183 c.:
1985 2146 2019 2177 «
2044 2120 2319 2183 Alterius
2352 2120 2694 2184 sententiae
2725 2120 2971 2204 (nempe
3002 2123 3166 2186 affir-

699 2224 960 2306 mantis)
993 2224 1238 2307 patroni
1274 2224 1440 2288 omni
1474 2225 1702 2288 conatu
1736 2240 1866 2286 sese
1900 2225 2218 2304 opponunt
2249 2222 2393 2284 huic
2425 2222 2779 2286 necessitati
2825 2223 3164 2288 universali

700 2329 764 2391 et
796 2326 1119 2391 absolutae
1167 2326 1487 2390 relationis
1538 2344 1793 2408 operum
1842 2323 1917 2388 ad
1950 2323 2133 2387 finem
2165 2324 2496 2387 honestum
2542 2324 2605 2387 in
2653 2343 2873 2408 genere
2905 2326 3160 2390 moris...

700 2429 898 2494 Aiunt
928 2429 1160 2510 itaque,
1197 2430 1400 2493 Deum
1432 2448 1671 2492 summe
1703 2426 2041 2511 benignum
2073 2424 2390 2510 indulgere
2421 2425 2728 2490 humanae
2760 2429 3020 2491 naturae
3045 2427 3164 2493 fra-

698 2532 832 2617 gili,
859 2532 1204 2597 infirmae...
1237 2533 1312 2595 ut
1343 2549 1465 2595 11011
1498 2531 1786 2594 teneatur
1810 2529 1996 2593 homo
2029 2546 2266 2610 semper
2290 2526 2551 2611 dirigere
2583 2527 2856 2593 actiones
2881 2528 3163 2613 singulas

699 2634 777 2696 ad
810 2634 1096 2697 altiorem
1126 2633 1473 2696 honestatis
1522 2632 1726 2708 finem,
1762 2631 1869 2694 sed
1901 2631 2100 2711 possit
2131 2629 2444 2694 interdum
2476 2629 2780 2710 quaedam
2812 2649 2993 2714 agere
3024 2651 3163 2714 pro·

699 2737 834 2816 pter
867 2735 1137 2817 aliquem
1169 2733 1353 2797 finem
1381 2734 1754 2810 inferiorem,
1792 2733 2064 2815 proxime
2096 2733 2523 2815 respicientem
2553 2732 2929 2817 indigentias
2962 2735 3159 2817 ipsius

699 2839 959 2901 naturae
1006 2837 1332 2913 humanae,
1368 2838 1442 2900 ut
1488 2855 1764 2918 expuere,
1801 2836 2167 2912 sternutare,
2204 2854 2266 2898 se
2298 2835 2654 2919 refrigerare
2686 2839 2748 2900 et
2781 2835 3028 2901 similia.
3066 2838 3158 2902 Ex

702 2957 824 3019 quo
872 2938 1169 3020 sequitur,
1206 2940 1381 3002 actus
1413 2936 1667 3001 huiusce
1698 2936 1938 3021 generis
1971 2956 2078 3000 nec
2111 2936 2374 3019 positive
2405 2937 2763 3003 inhonestos
2803 2937 2924 3003 dici
2955 2959 3154 3022 posse,

698 3041 846 3123 quia
877 3041 1217 3106 conformes
1264 3039 1578 3106 voluntati
1624 3039 1740 3103 Dei
1772 3040 1993 3103 saltem
2024 3042 2098 3104 ut
2146 3039 2531 3122 permittenti
2561 3043 2624 3104 et
2652 3039 3003 3124 indulgenti
3050 3063 3160 3108 nec

698 3143 962 3226 positive
1008 3145 1321 3220 honestos,
1371 3143 1518 3225 quia
1566 3142 1875 3206 motivum
1921 3141 2115 3205 solius
2171 3141 2589 3224 permissionis
2637 3142 2715 3205 ad
2760 3142 3156 3209 honestatem

694 3245 1073 3310 insufficiens
1104 3248 1200 3310 est
1232 3246 1504 3326 adeoque
1538 3243 1845 3310 vocandos
1875 3243 2286 3308 indifferentes
2319 3269 2378 3307 ».
2415 3243 2648 3308 Deinde
2686 3244 2921 3330 allegat
2952 3265 2999 3309 S.
3036 3247 3156 3312 Bo·

698 3349 1107 3411 naventuram
1141 3349 1198 3410 2.
1228 3348 1388 3411 Dist.
1418 3348 1522 3410 41.
1553 3367 1607 3410 a.
1641 3347 1698 3410 1.
1728 3366 1784 3427 q.
1815 3345 1874 3409 3.

785 3449 1018 3512 Verum
1049 3452 1220 3512 estne
1253 3449 1556 3512 eiusmodi
1586 3449 1893 3512 sententia
1926 3468 1975 3512 s.
2008 3448 2528 3512 Bonaventurae?
2558 3446 2728 3513 Haec
2759 3451 2854 3513 est
2888 3449 3020 3514 eius
3053 3450 3158 3515 do-

695 3550 894 3612 ctrina
940 3550 980 3612 1.
1023 3570 1073 3612 c.
1131 3575 1166 3607 «
1199 3549 1514 3628 Quaedam
1563 3551 1724 3613 aetio
1775 3569 1813 3613 a
1859 3550 2185 3614 voluntate
2231 3550 2633 3614 deliberativa
2682 3551 3011 3633 procedens
3059 3556 3157 3618 est

697 3650 980 3715 ordinata
1027 3651 1092 3715 in
1136 3651 1322 3714 finem
1352 3651 1650 3728 debitum,
1686 3652 1921 3715 scilicet
1954 3652 2030 3715 ad
2078 3652 2278 3715 Deum
2309 3654 2373 3715 et
2403 3651 2554 3716 haec
2585 3652 2833 3734 quidem
2865 3656 2962 3718 est
2994 3655 3157 3720 bona

692 3754 755 3817 et
787 3752 840 3816 si
870 3753 942 3817 fit
975 3772 1045 3818 ex
1085 3754 1365 3830 caritate,
1403 3756 1496 3817 est
1543 3752 1863 3817 meritoria
1911 3754 2079 3817 vitae
2127 3755 2409 3817 aeternae
2456 3753 2678 3819 merito
2727 3755 3051 3840 condigni:
3103 3758 3158 3822 si

695 3859 905 3921 autem
952 3856 1066 3921 fiat
1113 3857 1284 3921 extra
1332 3856 1677 3934 caritatem,
1726 3855 2046 3920 meritoria
2094 3859 2187 3920 est
2233 3855 2454 3920 merito
2510 3856 2787 3940 congrui.
2837 3856 3158 3936 Quaedam

694 3979 839 4025 vero
872 3960 1035 4025 actio
1067 3958 1470 4025 deliberativa
1503 3979 1573 4023 ex
1604 3960 1932 4024 voluntate
1964 3958 2290 4040 procedens
2315 3959 2556 4021 estnon
2582 3956 2866 4022 ordinata
2891 3958 3158 4040 (scilicet

695 4062 771 4125 ad
805 4064 1033 4145 Deum)
1079 4064 1142 4127 et
1189 4063 1339 4126 haec
1386 4065 1480 4126 est
1527 4061 1748 4126 divisio
1799 4080 1905 4144 per
1950 4058 2329 4124 immediata.
2380 4057 2495 4123 Sed
2543 4077 2666 4124 non
2715 4060 2915 4125 omnis
2964 4062 3155 4137 actio,

691 4180 814 4225 non
848 4164 1132 4227 ordinata
1166 4163 1241 4226 ad
1274 4165 1474 4228 Deum
1523 4167 1825 4245 tanquam
1873 4163 2075 4240 finem,
2110 4164 2205 4226 est
2252 4162 2437 4225 mala.
2474 4160 2632 4239 Quia
2679 4161 2984 4243 quaedam
3032 4183 3158 4229 11011

693 4263 1015 4328 ordinatur
1060 4268 1310 4348 propter
1339 4265 1759 4330 inordinatam
1806 4263 2263 4329 conversionem
2307 4262 2383 4327 ad
2429 4265 2813 4328 creaturam:
2848 4264 3157 4345 qua-edam

692 4385 834 4430 vero
867 4386 989 4431 non
1022 4368 1345 4433 ordinatur
1376 4371 1625 4452 propter
1659 4368 1969 4450 operantis
2002 4366 2480 4452 negligentiam:
2515 4365 2821 4446 quaedam
2852 4386 2996 4432 vero
3031 4388 3155 4434 non

693 4467 1014 4532 ordinatur
1043 4473 1292 4553 propter
1326 4471 1637 4554 operantis
1667 4469 2099 4534 infirmitatem
2125 4472 2186 4533 et
2210 4468 2542 4533 miseriam.
2569 4467 2781 4532 Prima
2805 4467 3154 4536 differentia

690 4569 952 4634 actionis
1000 4590 1122 4636 non
1172 4573 1490 4638 ordinatae
1538 4574 1632 4637 est
1678 4572 1848 4636 mala
1902 4571 2148 4636 malitia
2210 4570 2695 4636 commissionis:
2746 4572 3009 4638 secunda
3059 4577 3157 4640 est
