3529 5158
738 313 848 368 394
1245 325 1459 366 ‘ritae-r.
1499 326 1588 365 111.
1626 325 1712 364 mn
1750 323 2032 383 minume.
2070 322 2269 366 oAPur
2306 324 2385 364 iv.
2427 323 2568 364 nnn.
2607 324 2690 364 nr.
3051 306 3199 384 [402]

828 422 964 503 Qua
1011 423 1084 486 de
1129 442 1194 486 re
1242 442 1290 486 s.
1323 421 1507 504 Alph.
1542 421 1648 485 lib.
1689 422 1745 484 1.
1782 441 1840 485 n.
1873 421 2051 485 179.:
2084 446 2121 479 «
2144 421 2469 505 Denegata
2501 422 2712 485 tamen
2749 420 2943 485 etiam
2974 420 3202 486 iniuste

741 525 1214 609 dispensatione,
1248 524 1465 606 nequit
1501 523 1787 588 subditus
1819 543 2001 608 agere
2031 525 2248 589 contra
2277 523 2512 608 legem;
2552 524 2674 587 nisi
2704 523 2853 588 talis
2884 542 3075 589 causa
3106 543 3202 586 ur-

741 630 906 713 geat,
933 630 1006 692 ut
1030 647 1170 691 eum
1210 627 1496 691 extrahat
1526 626 1685 709 (scil.
1721 629 1995 710 excuset)
2027 646 2064 690 a
2091 626 2258 711 lege:
2294 645 2485 709 quare
2516 626 2571 690 si
2592 626 2937 709 Episcopus
2974 626 3201 690 iniuste

740 733 925 817 neget
954 730 1474 814 dispensationem
1499 729 1992 812 publicationum
2018 730 2160 793 ante
2183 728 2677 803 matrimonium,
2702 730 2913 812 potest
2942 729 3202 813 urgente

739 833 918 920 gravi
960 852 1165 909 causa,
1206 832 1490 897 contrahi
1537 831 1667 896 sine
1714 831 1802 895 eis
1828 857 1889 907 »,
1924 852 1983 896 v.
2032 852 2125 916 gr.
2175 831 2228 896 si
2274 849 2443 895 mors
2488 831 2789 896 timeatur
2836 831 3201 896 alterutrius

740 935 969 1020 sponsi,
1009 954 1152 999 cum
1183 934 1395 1020 agitur
1425 933 1500 998 de
1530 933 1941 1018 legitimanda
1972 933 2163 1016 prole.

827 1033 1014 1108 402.
1065 1036 1226 1113 Dixi,
1277 1037 1369 1100 ait
1416 1038 1475 1099 2.
1514 1036 1651 1101 loco
1687 1036 1787 1109 A„
1827 1034 2231 1117 Leqislatori.
2264 1034 2530 1101 Nomine
2575 1032 3001 1117 Leyaezelatoreze
3037 1034 3206 1099 venit

740 1140 932 1204 etiam
970 1137 1314 1213 Successor,
1342 1138 1490 1221 quia
1521 1138 1734 1202 eadem
1767 1139 1859 1202 est
1888 1138 2213 1203 moraliter
2242 1156 2502 1220 persona
2525 1136 2860 1220 eademque
2892 1139 3203 1222 potestate

739 1241 991 1326 gaudet.

831 1342 897 1407 Si
942 1344 1154 1408 autem
1199 1342 1524 1428 legislator
1569 1345 1781 1425 potest
1825 1342 2177 1425 dispensare
2237 1342 2303 1407 in
2356 1343 2601 1428 legibus
2646 1342 2776 1407 suis
2825 1361 2899 1407 ac
2946 1360 3202 1408 suorum

739 1445 1284 1528 praedecessorem,
1334 1464 1371 1509 a
1424 1445 1670 1510 fortiori
1714 1445 1777 1509 id
1826 1448 2032 1528 potest
2078 1444 2244 1526 quod
2290 1446 2617 1528 praecepta
2660 1464 2771 1510 seu
2823 1445 2996 1530 leges
3041 1446 3205 1511 latas

741 1549 819 1612 ab
865 1548 1170 1624 inferiore,
1211 1548 1308 1612 uti
1343 1547 1630 1613 Pontifex
1676 1547 1882 1632 quoad
1926 1548 2096 1633 leges
2132 1547 2478 1630 cuiuspiam
2518 1547 2882 1613 Dioeceseos
2916 1551 3033 1613 aut
3062 1548 3206 1614 Pro-

743 1651 997 1727 vinciae,
1034 1650 1224 1715 etiam
1255 1650 1419 1714 latas
1451 1649 1516 1713 in
1548 1647 1812 1735 Synodis
1845 1652 1961 1713 etc.

830 1755 1019 1819 Ratio
1051 1774 1217 1831 vero,
1244 1774 1353 1818 cur
1384 1773 1507 1819 non
1540 1754 1626 1817 sit
1654 1753 1864 1817 valida
1894 1753 2271 1836 dispensatio
2303 1752 2611 1817 inferioris
2635 1752 2767 1817 sine
2796 1752 2972 1817 iusta
2995 1772 3201 1829 causa,

741 1859 890 1923 haec
935 1860 1048 1934 est,
1090 1858 1236 1939 quia
1281 1856 1556 1921 inferiori
1589 1856 1799 1920 nullae
1835 1858 2043 1939 partes
2089 1856 2453 1938 competunt
2488 1855 2609 1919 nisi
2654 1854 3201 1936 administratoris,

741 1980 861 2024 non
910 1977 1083 2023 secus
1132 1978 1201 2022 ac
1247 1958 1367 2041 ipsi
1415 1977 1701 2041 supremo
1747 1958 1813 2021 in
1850 1957 2123 2021 Ecclesia
2169 1957 2542 2043 Legislatori
2581 1957 2865 2022 Romano
2914 1958 3204 2024 Pontifici

739 2063 933 2126 relate
980 2061 1059 2123 ad
1101 2061 1270 2144 leges
1301 2060 1560 2125 divinas.
1601 2060 1797 2141 Atqui
1829 2060 2319 2125 administratori
2350 2077 2671 2142 nunquam
2715 2063 3005 2125 censetur
3040 2061 3203 2126 facta

740 2166 1016 2248 potestas
1054 2162 1445 2246 dispensandi
1475 2163 1606 2227 sine
1643 2181 1853 2238 causa,
1888 2181 2010 2227 non
2043 2182 2216 2227 secus
2256 2182 2327 2227 ac
2365 2162 2860 2228 administratori
2896 2163 3205 2229 bonorum

740 2286 861 2331 non
898 2267 972 2332 fit
1007 2268 1285 2351 potestas
1317 2265 1604 2331 donandi.
1639 2266 1826 2349 Ergo.

827 2370 992 2434 Bene
1024 2368 1250 2433 Suarez
1284 2368 1358 2431 de
1398 2368 1548 2431 Voto
1579 2368 1686 2432 lib.
1716 2368 1776 2432 6.
1811 2388 1942 2451 cap.
1982 2368 2084 2431 17.
2109 2389 2169 2432 n.
2198 2369 2290 2431 3.:
2325 2393 2361 2426 ‹<
2383 2366 2524 2433 Non
2557 2367 2876 2452 dispensat
2906 2370 2984 2432 ut
3012 2368 3205 2434 domi-

738 2491 875 2547 nuS,
910 2471 1015 2535 sed
1040 2473 1114 2535 ut
1140 2471 1443 2546 minister,
1471 2471 1725 2551 quinon
1751 2471 1959 2553 potest
1981 2470 2262 2535 excedere
2286 2470 2781 2536 commissionem
2807 2490 3010 2536 suam.
3036 2471 3202 2555 Ergo

738 2581 790 2643 si
822 2578 1109 2655 remittit,
1148 2577 1303 2641 nihil
1340 2577 1556 2642 facit...
1593 2574 1771 2642 Sicut
1799 2578 1960 2642 inter
1990 2577 2270 2644 homines
2302 2578 2666 2661 procurator
2696 2578 2794 2643 vel
2828 2597 3203 2644 oeconomus

738 2681 1060 2745 remittens
1108 2679 1342 2743 domini
1388 2679 1597 2744 debita
1634 2680 1770 2743 sola
1800 2680 2144 2757 voluntate,
2184 2680 2341 2744 nihfl
2388 2679 2617 2745 faceret
2661 2683 2725 2744 et
2769 2680 3202 2746 mandatarius

739 2782 1027 2847 excedens
1058 2781 1243 2845 finem
1274 2780 1556 2846 mandati
1587 2802 1710 2846 non
1751 2783 2043 2864 operatur
2078 2783 2282 2847 valide
2307 2808 2368 2846 ».

827 2885 1044 2950 Potest
1092 2886 1300 2949 tamen
1348 2885 1549 2949 valide
1581 2886 1646 2950 et
1674 2884 1844 2949 licite
1874 2884 1938 2948 in
1976 2884 2184 2963 dubio,
2219 2904 2298 2949 an
2329 2904 2518 2950 causa
2564 2886 2650 2950 sit
2695 2886 3033 2952 sufficiens.
3060 2887 3198 2952 Vid.
3285 2873 3295 2881 ⁵

736 3009 903 3073 supr.
943 3010 1001 3054 n.
1039 2988 1188 3052 278.

825 3091 1041 3172 Quoad
1088 3090 1440 3156 inferiorem
1489 3090 1692 3154 valide
1740 3090 2217 3173 dispensantem,
2269 3090 2520 3156 attende
2554 3091 2721 3173 quod
2757 3092 2911 3157 dicit
2942 3094 3198 3166 Auctor,

734 3196 866 3260 heic
900 3195 1001 3279 agi
1035 3194 1108 3259 de
1140 3196 1451 3278 potestate
1484 3192 1834 3258 ordinaria.
1862 3193 2166 3258 Videlicet
2196 3193 2346 3274 (vid.
2384 3214 2433 3259 s.
2465 3194 2652 3278 Alph.
2679 3195 2786 3259 lib.
2827 3196 2885 3259 1.
2920 3216 2982 3260 n.
3027 3197 3201 3277 188.)

733 3299 1012 3380 potestas
1060 3297 1450 3379 dispensandi
1500 3297 1623 3361 alia
1657 3299 1752 3361 est
1790 3295 2140 3370 ordinaria,
2191 3296 2315 3360 alia
2362 3299 2456 3361 est
2504 3295 2806 3379 delegata.
2856 3297 3042 3363 Prior
3087 3299 3198 3374 est,

736 3419 893 3480 quae
941 3399 1211 3481 cuipiam
1259 3400 1556 3481 competit
1603 3419 1672 3463 ex
1721 3399 2027 3484 dignitate
2061 3401 2173 3464 aut
2206 3399 2407 3463 officio
2457 3418 2570 3464 suo
2602 3400 2665 3464 et
2701 3398 2979 3465 dominio
3020 3400 3203 3465 iuris·

734 3500 1056 3563 dictionis:
1107 3500 1179 3563 de
1226 3519 1348 3582 quo
1387 3501 1556 3564 valet
1596 3501 1746 3564 illud
1791 3527 1825 3558 «
1856 3499 2164 3565 Eiusdem
2209 3505 2302 3564 est
2347 3501 2548 3582 liyare
2594 3506 2655 3564 et
2696 3501 2932 3565 solvere
2960 3528 2996 3560 »
3034 3504 3090 3568 si
3120 3502 3202 3566 sit

736 3603 864 3685 ipse
909 3602 1252 3686 legislator.
1293 3603 1594 3686 Delegata
1641 3622 1786 3668 vero
1834 3605 1947 3678 est,
1988 3624 2146 3687 quae
2192 3604 2379 3668 alicui
2424 3603 2750 3688 delegatur
2792 3603 2955 3668 idest
2994 3624 3204 3670 conce-

734 3704 904 3768 ditur
951 3724 986 3766 a
1034 3704 1345 3786 superiore
1391 3704 1655 3768 habente
1688 3705 2084 3769 ordirmriam
2129 3709 2191 3771 et
2237 3724 2361 3771 non
2407 3708 2502 3770 est
2548 3706 2781 3771 adnexa
2829 3707 2964 3771 eius
3004 3707 3203 3792 digni·

734 3806 855 3872 tati
889 3809 1000 3872 aut
1033 3806 1256 3884 officio,
1284 3807 1387 3871 sed
1419 3826 1733 3890 personae.
1775 3806 1990 3890 Neque
2022 3809 2132 3891 qui
2164 3829 2329 3873 mere
2361 3808 2713 3894 delegatam
2744 3808 2953 3882 habet,
2992 3812 3201 3893 potest

734 3911 915 3975 alteri
946 3910 1202 3975 eandem
1247 3912 1623 3993 potestatem
1661 3910 1944 3995 delegare
1977 3930 2083 3975 seu
2126 3911 2545 3997 subdelegare,
2581 3912 2698 3976 nisi
2740 3911 3075 3994 specialem
3124 3912 3196 3976 ad

736 4014 848 4078 hoc
881 4015 1085 4096 ipsum
1119 4014 1406 4077 habuerit
1440 4033 1474 4076 a
1514 4013 1829 4096 superiore
1866 4015 2262 4095 potestatem.
2892 3995 2905 4006 ’

822 4111 1004 4187 403.
1054 4116 1128 4179 Α.
1179 4119 1500 4180 enumerat
1546 4134 1772 4200 genera
1819 4134 2045 4191 rerum,
2094 4116 2157 4179 in
2205 4118 2430 4197 quibus
2463 4117 2715 4182 inferior
2758 4121 3076 4201 potestate
3110 4136 3203 4183 or-

733 4218 970 4282 dinaria
1020 4216 1214 4282 fretus
1253 4217 1604 4300 dispensare
1651 4219 1859 4301 potest
1902 4218 1967 4281 in
2013 4219 2151 4303 lege
2198 4219 2549 4302 superioris.

917 4319 998 4380 1¹¹·
1033 4323 1147 4390 est,
1183 4321 1233 4382 si
1277 4340 1370 4384 res
1402 4323 1496 4384 est
1532 4320 1705 4384 levis.
1741 4318 2060 4398 Quaenam
2092 4341 2197 4386 eae
2229 4322 2373 4398 sint,
2407 4322 2787 4387 consuetudo
2820 4323 2984 4388 solet
3016 4323 3204 4406 expli-

733 4440 888 4494 care,
930 4439 1088 4502 quae
1126 4423 1316 4487 efficit
1348 4442 1610 4505 quoque,
1647 4427 1720 4486 ut
1751 4422 1900 4488 haec
1948 4426 2226 4507 potestas
2272 4425 2665 4491 inferioribus
2711 4426 2895 4491 insit:
2947 4428 3198 4510 quippe,

730 4523 801 4586 ut
838 4522 902 4585 in
937 4524 1260 4604 proverbio
1309 4528 1422 4602 est,
1466 4525 1840 4589 consuetedo
1872 4526 2113 4605 confert
2140 4527 2653 4593 iurisdictionem.
