3529 5158
392 319 537 394 [689]
914 336 1204 378 monum:
1242 339 1528 380 nunnus
1565 340 1687 381 Pam
1725 340 2025 382 Accion-us
2064 341 2339 383 vammum
2749 327 2857 381 599

1313 486 1423 549 Ex
1454 486 1608 550 dieti
1638 486 1925 552 resolves,

500 622 760 675 xxxvn.
795 624 835 674 l.
865 625 1042 675 peccas
1078 621 1366 685 mortaliter,
1392 622 1460 675 ita
1497 629 1550 676 ut
1578 626 1660 676 flat
1687 624 1890 678 materia
1929 625 2112 691 gravis,
2139 625 2181 678 si
2220 640 2366 692 saepe
2393 625 2634 678 modicum
2677 624 2858 679 furaris

395 714 442 759 et
479 722 574 760 non
601 706 836 773 restituis,
863 707 997 760 iuxta
1026 708 1227 761 dicenda
1257 715 1316 762 tr.
1345 711 1473 763 Vlll.
1501 711 1561 762 de
1598 712 1761 762 Furto.
1789 725 1833 762 c.
1863 712 1909 763 1.
1937 713 1984 763 d.
2012 713 2061 763 3.
2089 725 2186 764 res.
2225 713 2299 763 sl.:
2327 710 2442 764 item
2476 710 2518 763 si
2542 710 2855 775 interruptim

393 792 608 857 psalmos
644 792 828 858 aliquot
867 808 928 846 ex
967 795 1137 847 eodem
1165 793 1326 846 officio
1354 793 1578 847 omittas:
1606 794 1648 847 si
1674 798 1849 847 eodem
1878 794 1956 849 die
1992 795 2161 848 ieiunii
2187 794 2383 861 saepius
2409 808 2580 861 parum
2607 795 2854 860 comedas,

392 878 564 929 eodem
603 880 726 929 testo
764 877 961 944 saepius
997 893 1168 944 parum
1207 882 1419 931 labores.

501 963 782 1015 xxxvltl.
809 967 858 1015 2.
884 964 988 1016 Non
1018 977 1191 1029 peccas
1214 961 1448 1026 graviter,
1473 962 1516 1016 si
1554 962 1769 1017 diversis
1805 964 1943 1018 restis
1981 963 2224 1017 modicum
2249 965 2463 1027 labores,
2490 962 2531 1015 si
2558 962 2779 1028 quotidie
2806 961 2858 1016 in

395 1046 775 1112 Quadragesima
802 1062 973 1113 parum
1001 1050 1253 1114 comedas;
1275 1050 1407 1113 quod
1436 1063 1607 1101 verum
1633 1057 1723 1112 est,
1742 1049 1932 1102 etiamsi
1961 1048 2105 1101 simul
2133 1051 2343 1100 haberes
2369 1046 2671 1113 propositum
2699 1047 2765 1101 ita
2794 1051 2856 1099 la·

394 1130 576 1197 ciendi;
596 1130 707 1196 quia
736 1146 845 1185 cum
867 1132 960 1184 ista
990 1132 1242 1186 moraliter
1271 1132 1400 1186 inter
1425 1147 1478 1186 se
1509 1149 1601 1186 non
1631 1133 1874 1197 uniantur,
1902 1133 2090 1196 singula
2119 1141 2230 1186 sunt
2257 1148 2427 1199 parva.
2458 1135 2521 1185 V.
2548 1136 2723 1186 Sanch.
2754 1134 2785 1185 l.
2812 1146 2858 1184 c.

500 1216 740 1269 XXXlX.
770 1219 817 1270 3.
839 1218 942 1269 Non
971 1225 1138 1283 peceat
1164 1217 1453 1282 mortaliter,
1481 1218 1561 1283 qui
1595 1217 1806 1271 diversis
1831 1217 2005 1271 diebus
2032 1217 2185 1270 violat
2205 1223 2389 1279 votum,
2409 1215 2625 1281 quotidie
2653 1223 2737 1268 aut
2759 1215 2856 1268 sin·

390 1299 517 1364 gulis
555 1299 728 1354 diebus
766 1300 1007 1355 modicum
1034 1301 1147 1367 quid
1175 1302 1347 1354 orandi
1388 1303 1465 1355 vel
1505 1317 1704 1367 parvam
1742 1305 2104 1366 eleemosynam
2131 1301 2292 1365 dandi,
2324 1300 2365 1354 si
2405 1300 2469 1352 sit
2493 1315 2620 1353 onus
2657 1303 2858 1353 affixum

394 1387 491 1441 diei
509 1404 523 1455 ς
551 1387 681 1454 quia,
709 1403 817 1441 cum
857 1388 1074 1454 quotidie
1111 1389 1347 1456 cuiusque
1378 1388 1475 1442 diei
1513 1388 1745 1453 obligatio
1784 1390 2141 1455 exstinguatur,
2168 1388 2399 1443 materiae
2436 1388 2549 1443 illae
2578 1402 2670 1440 non
2701 1386 2855 1440 conti·

395 1480 620 1526 nuantur.
649 1474 792 1539 Quod
834 1487 1004 1526 verum
1046 1481 1138 1537 est,
1177 1472 1270 1526 etsi
1309 1481 1551 1540 proponat
1589 1489 1783 1540 semper
1819 1474 2062 1539 omittere,
2103 1473 2215 1538 quia
2251 1473 2372 1527 illud
2414 1472 2714 1540 propositum
2762 1485 2858 1522 non

394 1562 546 1612 fertur
563 1557 612 1610 in
635 1573 736 1610 rem
759 1572 976 1621 gravem.
998 1560 1114 1621 lm0‚
1138 1565 1307 1610 contra
1336 1561 1529 1621 Sancli„
1548 1557 1596 1612 id
1623 1559 1820 1624 quidam
1847 1573 2019 1611 verum
2047 1566 2232 1624 putant,
2255 1558 2344 1611 etsi
2372 1557 2484 1624 quis
2511 1562 2525 1609 l
2542 1559 2626 1609 00.
2653 1562 2769 1607 vola
2791 1553 2858 1607 di·

395 1656 571 1695 versae
610 1641 808 1708 speciei,
835 1640 883 1693 in
924 1640 1140 1693 materiis
1168 1644 1311 1694 valde
1344 1641 1553 1705 levibus,
1582 1657 1676 1695 uuo
1704 1642 1784 1694 die
1810 1642 2050 1706 implenda
2084 1645 2311 1707 liaberet3
2332 1641 2443 1707 quia
2472 1638 2705 1693 materiae
2725 1638 2856 1702 illae,

394 1741 502 1779 eum
544 1724 640 1778 sint
676 1724 1060 1791 independentes
1086 1740 1112 1777 a
1139 1740 1207 1787 se,
1233 1740 1328 1778 non
1360 1725 1610 1778 uniuntur.
1639 1725 1690 1778 Si
1719 1732 1875 1778 tamen
1903 1724 2078 1778 similia
2115 1732 2228 1777 vota
2261 1740 2356 1776 non
2383 1724 2479 1779 sint
2505 1738 2629 1776 onus
2655 1726 2854 1775 affixum

393 1809 507 1871 diei.
542 1812 626 1862 sed
666 1816 851 1861 tantum
890 1808 994 1862 dies
1022 1812 1332 1875 praefigatur,
1360 1816 1414 1862 ut
1440 1809 1691 1873 terminus,
1723 1814 1848 1863 ultra
1875 1825 2018 1875 quem
2046 1808 2297 1863 exsecutio
2325 1824 2419 1863 non
2467 1808 2738 1871 dinen-atur,
2765 1807 2860 1861 erit

394 1901 644 1960 peccatum
684 1896 906 1959 mortale,
930 1901 1184 1960 postquam
1224 1895 1285 1948 ad
1322 1893 1571 1948 materiam
1609 1894 1876 1948 notabilem
1907 1901 2197 1960 perventum
2237 1893 2397 1947 ruerit.

502 1979 607 2031 XL.
634 1979 682 2031 4.
706 1977 963 2031 Probabile
983 1986 1073 2044 est,
1095 1993 1222 2042 eum,
1242 1977 1324 2044 qui
1348 1986 1421 2032 ter
1444 1982 1518 2033 vel
1541 1985 1714 2045 quater
1746 1981 1893 2031 1000.
1917 1993 2095 2031 aureos
2114 1978 2163 2030 in
2184 1992 2356 2031 causas
2377 1975 2482 2042 pias
2502 1976 2738 2037 vovisset,
2761 1991 2858 2029 non

392 2069 706 2128 peccaturum
735 2062 1024 2128 mortaliter,
1051 2060 1092 2114 si
1127 2069 1227 2115 tres
1252 2078 1346 2115 non
1373 2067 1617 2128 solveret3
1639 2063 1768 2129 quia,
1795 2061 1887 2115 etsi
1916 2061 2025 2116 talis
2060 2077 2190 2129 pam,
2218 2064 2441 2114 absolute
2466 2060 2516 2112 in
2545 2076 2597 2114 se
2625 2066 2859 2126 spectata,

393 2145 454 2199 sit
490 2144 737 2212 notabili5‚
763 2144 1122 2213 comparatione
1165 2154 1323 2199 tamen
1366 2146 1531 2214 totiuS‚
1559 2146 1730 2200 morali
1764 2147 1948 2200 iudicio
1988 2161 2082 2199 non
2125 2148 2265 2200 valde
2305 2146 2501 2199 videtur
2540 2144 2856 2198 aestimanda.

392 2228 521 2282 Vide
548 2231 717 2294 Laym.
747 2231 780 2283 1.
806 2232 851 2282 l.
881 2236 914 2282 t.
943 2232 992 2296 3.
1019 2244 1061 2282 e.
1091 2232 1140 2284 5.
1168 2245 1214 2282 n.
1245 2233 1329 2284 to,

483 2350 654 2424 689.
689 2353 906 2433 Quoad
943 2356 1000 2419 1.
1037 2358 1096 2418 2.
1132 2358 1193 2420 3.
1228 2377 1323 2421 res
1362 2360 1564 2440 patet:
1605 2359 1812 2440 quoad
1845 2361 1928 2435 4.,
1969 2360 2273 2424 rationem
2303 2360 2594 2443 repetunt
2627 2359 2760 2420 DD.
2789 2376 2861 2419 ex

395 2476 487 2534 eo,
522 2457 685 2538 quod
710 2457 775 2520 in
808 2457 1212 2540 promissione
1238 2459 1477 2523 liberali
1512 2463 1837 2525 censeatur
1860 2462 2222 2525 donatarius
2247 2461 2413 2525 haud
2445 2461 2681 2524 invitus
2705 2477 2858 2522 esse.

395 2558 579 2625 Seeus
611 2559 935 2624 dicendum
974 2560 1152 2639 foret,
1193 2561 1245 2625 si
1278 2565 1440 2628 esset
1471 2563 1749 2628 debitum
1783 2585 1853 2629 ex
1885 2565 2210 2629 contractu
2245 2583 2522 2630 oneroso.

1456 2739 1618 2801 ΗΠΒ.
1668 2739 1787 2803 ΙΙΙ.

444 2855 682 2935 Quibus
720 2856 919 2920 modis
938 2860 1262 2936 peceatum
1293 2878 1370 2920 ex
1400 2879 1623 2939 genere
1658 2879 1772 2923 suo
1805 2859 2046 2923 veniale
2075 2880 2187 2923 seu
2223 2862 2402 2923 actus
2443 2858 2818 2937 indifferens

1052 2963 1332 3024 transeat
1349 2981 1468 3041 per
1497 2961 1788 3025 accidens
1816 2963 1887 3024 in
1925 2962 2208 3024 mortale.

502 3121 630 3174 XLl.
650 3119 874 3187 Quinque
896 3120 1055 3174 modis
1078 3121 1129 3174 id
1158 3122 1265 3174 fleri
1290 3122 1629 3184 communiter,
1652 3123 1797 3174 docet
1816 3124 1992 3173 Sancti.
2022 3123 2163 3175 Mor.
2187 3125 2216 3173 1.
2246 3124 2293 3172 l.
2315 3136 2358 3173 c.
2375 3123 2424 3172 5.
2448 3136 2494 3174 n.
2522 3123 2572 3171 6.
2600 3125 2691 3172 etc.
2718 3123 2762 3172 l.
2783 3135 2858 3173 ra·

392 3204 528 3257 tione
565 3205 674 3258 finis
710 3204 950 3259 adiuncti:
975 3209 1023 3258 2.
1051 3205 1240 3259 ratione
1279 3205 1389 3257 tlnis
1415 3204 1599 3258 ultimi:
1627 3207 1676 3257 3.
1704 3203 1897 3257 ratione
1938 3211 2275 3271 contemptus:
2304 3204 2351 3256 4.
2382 3203 2573 3256 ratione
2610 3204 2857 3257 scandali:

394 3290 443 3341 5.
472 3288 658 3343 ratione
694 3289 912 3356 periculi.
941 3292 1014 3344 De
1052 3289 1254 3354 singulis
1292 3289 1449 3342 dicam
1490 3288 1725 3342 breviter.

502 3375 648 3429 XLIl.
673 3378 819 3442 Resp.
849 3380 881 3430 1.
909 3378 1165 3429 Peccatum
1192 3374 1382 3427 veniale
1420 3373 1594 3427 transit
1629 3373 1680 3426 in
1709 3377 1917 3426 mortale
1954 3372 2143 3427 ratione
2185 3373 2293 3427 finis
2332 3372 2562 3435 adiuncti,
2589 3379 2645 3426 ut
2672 3371 2712 3425 si
2749 3372 2861 3437 quis

391 3458 569 3513 leviter
593 3459 855 3512 mentiatur
885 3462 945 3512 ad
976 3461 1200 3525 copulam
1240 3460 1483 3513 carnalem
1523 3459 1940 3524 extorquendam;
1969 3456 2081 3523 quia
2108 3472 2214 3510 cum
2249 3458 2358 3511 nnis
2397 3458 2618 3511 mortalis
2654 3465 2859 3520 ametur,

390 3548 597 3597 mortale
626 3550 718 3597 est.
744 3545 848 3598 Non
877 3552 1035 3597 tamen
1061 3543 1387 3598 necessarium
1415 3552 1490 3597 est
1529 3544 1576 3596 in
1618 3542 1927 3596 confessione
1969 3544 2248 3610 exprimere
2271 3543 2393 3598 illud
2421 3543 2744 3605 mendacium,
2770 3544 2857 3596 sed

391 3630 550 3682 solum
587 3628 885 3683 desiderium
916 3628 1276 3694 tornicationis;
1303 3629 1433 3695 quia,
1458 3632 1648 3682 seclusa
1678 3627 1863 3681 malitia
1890 3627 2086 3682 mortali
2112 3627 2237 3692 111113,
2266 3636 2425 3682 manet
2451 3628 2656 3683 veniale.

500 3715 669 3766 XLlll.
689 3715 938 3779 Respond.
966 3717 1014 3767 2.
1042 3713 1240 3767 Transit
1262 3713 1378 3767 item
1403 3713 1454 3766 in
1481 3717 1705 3779 mortale,
1735 3713 1923 3766 ratione
1952 3712 2088 3767 nimii
2116 3717 2317 3767 affectus
2341 3713 2390 3766 in
2417 3728 2521 3767 rem
2548 3713 2773 3779 aliquam,
2806 3721 2857 3764 ut

393 3796 433 3849 si
453 3811 594 3861 v.gr.
615 3798 837 3850 ultimum
864 3801 1007 3850 finem
1029 3797 1079 3851 in
1105 3812 1161 3851 ea
1186 3797 1473 3851 constituae.
1501 3800 1575 3851 Ad
1601 3801 1732 3863 quod
1762 3813 1857 3851 non
1887 3799 2066 3853 sufficit
2095 3801 2236 3851 valde
2261 3798 2448 3851 intense
2477 3804 2525 3851 et
2543 3801 2860 3850 vehementer

394 3880 509 3932 lerri
545 3880 593 3933 in
622 3881 866 3935 obiectum
876 3896 892 3947 ;
923 3884 1010 3934 sed
1037 3881 1312 3948 requiritur,
1341 3889 1391 3935 ut
1431 3882 1754 3949 appretiative
1783 3883 1903 3937 illud
1929 3882 1993 3936 ita
2036 3881 2264 3935 aestimes
2290 3883 2458 3934 saltem
2495 3880 2776 3944 virtualiter,
2806 3888 2860 3934 ut

396 3972 596 4030 paratus
634 3965 702 4020 sis
741 3966 848 4020 eius
886 3981 1032 4020 causa
1057 3967 1333 4029 transgredi
1371 3975 1679 4033 praeceptum
1708 3967 1931 4031 obligans
1969 3971 2061 4020 sul)
2101 3965 2326 4019 mortali:
2361 3974 2412 4019 ut
2436 3965 2479 4018 si
2504 3965 2612 4030 quis
2637 3964 2705 4016 ita
2730 3965 2858 4017 inor·

393 4049 555 4104 dinate
590 4051 832 4105 afficiatur
869 4056 929 4105 ad
956 4055 1160 4112 tabulas,
1187 4053 1363 4114 lusum,
1390 4065 1667 4117 personam,
1698 4061 1749 4106 ut
1790 4051 1925 4105 malit
1952 4055 2075 4105 festo
2115 4050 2344 4104 omittere
2370 4065 2560 4104 sacrum
2593 4057 2686 4103 etc.
2712 4064 2858 4115 quam

390 4133 490 4188 illis
528 4136 730 4203 privari.
758 4139 903 4190 Notat
928 4144 1091 4189 autem
1126 4138 1246 4188 Bon.
1274 4140 1402 4189 hunc
1428 4139 1651 4190 affectum
1680 4152 1776 4190 non
1806 4142 1993 4189 tantum
2021 4136 2331 4196 habitualem,
2358 4139 2443 4190 sed
2472 4139 2710 4189 actualem
2748 4150 2860 4189 esse

392 4223 592 4285 debere,
633 4229 684 4274 ut
723 4229 975 4287 peceatum
1014 4225 1356 4288 contrahatur,
1393 4221 1504 4286 quia
1545 4236 1641 4274 non
1682 4220 1952 4286 imputatur
1979 4223 2039 4274 ad
2078 4224 2274 4286 eulpam
2300 4220 2367 4284 id,
2395 4221 2455 4272 ad
2486 4222 2615 4285 quod
2644 4220 2860 4272 commit·

392 4307 592 4359 tendum
632 4307 803 4360 habitu
845 4314 1029 4360 tantum
1069 4322 1123 4360 es
1161 4313 1375 4372 paratus.

500 4392 676 4445 XLIV.
701 4393 846 4457 Resp.
875 4393 922 4443 3.
945 4394 1201 4444 Peccatum
1226 4390 1417 4444 veniale
1442 4394 1491 4444 nt
1509 4392 1728 4453 mortale,
1756 4390 1942 4443 ratione
1971 4398 2280 4456 contemptus
2309 4388 2522 4443 absoluti
2550 4394 2598 4442 et
2626 4388 2859 4442 lormalis.

505 4475 625 4528 Dico
663 4483 825 4529 antem
864 4479 1232 4544 contemptum
1272 4473 1591 4528 absolutum
1629 4479 1681 4528 et
1714 4474 2028 4544 formalem,
2056 4476 2250 4540 quando
2282 4474 2511 4527 nimirum
2550 4474 2661 4526 ideo
2689 4478 2863 4526 sorma-

393 4558 508 4614 liter
547 4566 598 4614 et
633 4562 859 4615 absolute
900 4569 1211 4628 praeceptum
1251 4561 1483 4624 violatur,
1524 4561 1636 4627 qnia
1676 4561 1772 4629 ipsi
1809 4568 1894 4614 aut
1932 4560 2178 4627 superiori
2209 4560 2386 4614 subiici
2409 4560 2595 4624 renuis
2625 4563 2756 4626 quod
2785 4566 2861 4614 est
