3529 5158
411 308 553 383 [223]
1212 324 1361 364 Aua
1399 321 1689 365 amnena
1726 323 2052 367 pomorum
2757 311 2865 366 251

516 419 684 474 XXX.
708 420 758 473 5.
786 418 839 472 Si
868 434 980 474 cras
1004 417 1068 474 sit
1090 419 1323 474 ieiunium
1350 427 1398 475 et
1423 428 1534 487 post
1559 435 1761 474 examen
1788 420 1999 484 dubiteS,
2020 436 2083 475 an
2107 420 2171 475 sit
2195 420 2358 483 audita
2384 418 2672 474 duodecima
2697 419 2856 474 noctis

415 508 544 566 nora,
581 510 720 570 potes
744 518 946 557 coenare
976 511 1025 558 et
1050 504 1278 558 carnibus
1306 503 1464 571 vesei3
1503 505 1618 572 quia
1656 504 1857 559 libertas
1882 514 1957 561 est
1993 505 2041 560 in
2081 504 2407 572 possessione.
2434 503 2615 558 Contra
2647 519 2782 565 vere,
2814 504 2855 558 si

415 586 556 641 bodie
594 586 658 641 sit
695 587 924 641 ieiunium
964 595 1012 642 et
1049 589 1259 652 dubitcS,
1287 603 1344 643 an
1383 589 1445 643 sit
1483 589 1768 643 duodecima
1808 589 1979 651 noctis,
2005 605 2100 644 non
2127 589 2266 653 licen
2292 588 2403 656 quia
2450 599 2761 656 praeceptum
2790 597 2866 642 est

415 675 462 729 in
489 674 828 742 possessione:
854 690 963 729 cum
1000 682 1192 730 constet
1218 676 1504 730 hodiernum
1532 677 1659 730 diem
1698 692 1808 732 esse
1845 676 2015 732 ieiunii
2053 686 2102 731 et
2138 677 2342 731 dubium
2377 675 2455 739 sit,
2484 691 2541 729 an
2570 682 2860 729 transactus.

414 762 586 814 Sancti.
608 761 778 824 Laym.
799 762 829 812 t.
853 774 894 814 e.
917 761 1053 827 Quae
1077 760 1238 814 omnia
1266 760 1479 825 intellige
1506 764 1567 816 de
1592 761 1744 815 dubio
1763 762 1933 816 stricte
1952 770 2148 829 sumpto
2160 778 2176 830 3
2202 762 2245 816 si
2268 761 2395 816 enim
2416 761 2480 815 sit
2507 759 2636 814 ratio
2658 758 2862 813 dubium

414 843 702 911 deponendi,
731 858 778 897 v.
804 858 877 908 gr.
902 842 1014 909 quia
1052 844 1211 911 alinua
1251 845 1506 910 horologia
1559 854 1825 902 sonuerunt
1860 846 2219 914 duodecimam,
2255 847 2351 901 alia
2387 860 2501 909 non,
2541 852 2701 900 cessat
2739 844 2867 898 ratio

414 929 540 981 data.
566 926 689 982 Cum
728 927 854 982 enim
886 930 984 981 duo
1009 928 1264 995 horologia
1303 930 1399 984 sint
1436 930 1574 997 quasi
1613 934 1712 984 duo
1749 933 1977 986 doctores
2015 946 2102 986 seu
2141 930 2398 998 opiniones
2430 929 2728 998 probabiles,
2757 928 2870 983 ticet

413 1011 692 1067 utrumlibet
729 1012 882 1078 sequi,
914 1012 1007 1082 nisi
1044 1013 1192 1067 sciam
1234 1030 1379 1068 nunni
1417 1030 1600 1068 errare.
1629 1018 1799 1080 Laym.
1828 1023 1878 1070 et
1919 1015 2000 1069 alii
2039 1015 2380 1070 communiter.

500 1145 688 1219 222.
715 1150 952 1214 Auctor
981 1151 1141 1215 hanc
1170 1150 1514 1215 doctrinam
1546 1151 1811 1224 exhibet,
1838 1153 1912 1215 ut
1942 1170 2353 1216 communem.
2376 1151 2535 1215 Eam
2559 1152 2648 1215 sic
2677 1150 2876 1215 tradit

414 1252 477 1315 et
505 1271 555 1316 s.
587 1251 772 1334 Alph.
804 1252 913 1316 lib.
953 1253 1011 1317 1.
1044 1273 1104 1317 n.
1139 1253 1276 1316 32:
1319 1277 1353 1311 «
1385 1252 1677 1335 Idemque
1715 1253 2045 1317 dicendum
2094 1252 2168 1317 de
2206 1272 2298 1329 eo,
2338 1252 2448 1334 qui
2480 1255 2576 1317 est
2618 1252 2684 1316 in
2730 1253 2875 1316 sab·

415 1355 559 1419 bato
608 1356 673 1419 et
716 1354 985 1432 dubitat,
1033 1374 1111 1419 an
1159 1356 1477 1419 transierit
1506 1356 1664 1420 hora
1693 1356 1931 1420 mediae
1967 1355 2202 1431 noctis3
2254 1356 2402 1420 tunc
2439 1355 2601 1419 enim
2658 1355 2877 1437 nequit

417 1457 577 1521 vesci
621 1456 927 1531 carnibus⁹
977 1476 1119 1521 cum
1166 1458 1366 1521 adhuc
1410 1457 1724 1541 possideat
1769 1460 2166 1541 praeceptum
2214 1458 2645 1523 abstinentiae.
2686 1456 2873 1522 Secus

417 1579 578 1636 vero,
613 1560 667 1624 si
712 1559 851 1641 quis
897 1559 1142 1625 dubitet
1184 1560 1259 1625 de
1304 1561 1421 1624 hoc
1463 1561 1528 1624 in
1575 1560 1727 1625 feria
1777 1562 2036 1643 quinta;
2071 1561 2219 1642 quia
2266 1563 2416 1625 tunc
2452 1562 2597 1643 post
2643 1560 2877 1624 adhibi-

419 1665 548 1726 tam
593 1662 981 1746 diligentiam
1028 1663 1194 1727 licite
1241 1664 1448 1746 potest
1493 1663 1667 1728 edere
1714 1681 1945 1739 carnes,
1994 1682 2137 1727 cum
2193 1663 2394 1727 adhuc
2439 1663 2753 1745 possideat
2798 1663 2877 1726 li-

418 1765 623 1829 bertas
653 1790 716 1829 ».
742 1765 824 1828 Et
851 1782 963 1848 pro
995 1784 1068 1830 ea
1090 1765 1397 1830 sententia
1427 1764 1579 1831 dicit
1610 1767 1774 1831 stare
1805 1765 2023 1850 Laym.
2054 1763 2276 1829 Sanch.
2311 1768 2375 1829 et
2403 1763 2567 1829 alios
2582 1763 2825 1844 plures,

529 1958 719 2011 ΧΧΧΙ.
740 1959 789 2010 6.
810 1956 863 2011 si
888 1957 1097 2022 dubitcS,
1126 1963 1285 2010 utrum
1313 1955 1519 2010 mediani
1547 1963 1739 2011 noctem
1762 1958 2015 2011 coenando
2057 1956 2331 2012 excesseris
2359 1960 2438 2011 vet
2465 1957 2765 2013 masticando
2793 1956 2877 2011 ali-

427 2040 537 2108 quid
565 2042 903 2107 deglutimus,
929 2057 1022 2096 non
1060 2041 1174 2096 licet
1199 2043 1446 2095 celebrare
1479 2042 1554 2095 vel
1583 2040 1938 2095 Eucharistiam
1967 2056 2177 2108 sumere,
2207 2044 2384 2096 Sancti.
2414 2043 2445 2096 1.
2469 2046 2518 2095 2.
2540 2041 2605 2097 de
2625 2041 2871 2097 Matr-im.

420 2128 468 2179 d.
496 2127 577 2179 41.
602 2141 646 2179 n.
673 2126 754 2180 to.
779 2127 990 2191 Fagnnd.
1013 2141 1060 2193 p.
1082 2127 1130 2178 3.
1154 2128 1183 2178 Ι.
1206 2129 1254 2179 3.
1276 2141 1318 2178 c.
1341 2127 1390 2178 5.
1412 2139 1457 2178 n.
1485 2127 1592 2191 182:
1620 2133 1722 2179 turn
1760 2124 1872 2192 quia
1916 2127 1993 2180 lex
2032 2125 2201 2179 ieiunii
2240 2127 2461 2180 sumendi
2487 2134 2562 2181 est
2600 2126 2648 2180 in
2677 2141 2871 2194 posses-

419 2210 571 2273 sione,
600 2218 702 2265 tum
740 2209 851 2277 quia
888 2210 1055 2274 gravis
1079 2216 1153 2263 est
1179 2209 1513 2263 irreverentia.
1541 2211 1842 2278 Quamquam
1869 2209 2103 2264 contraria
2130 2210 2366 2264 sententia
2395 2213 2607 2275 Layman
2638 2214 2667 2264 1.
2696 2213 2739 2263 t.
2762 2219 2795 2263 t.
2827 2214 2873 2260 Ι.

420 2310 464 2349 c.
485 2297 534 2348 5.
556 2310 601 2348 n.
625 2297 711 2349 36.
730 2294 1015 2362 probabilis,
1043 2294 1230 2348 Dianae
1259 2308 1379 2347 vero
1405 2300 1522 2346 torn.
1543 2298 1592 2348 2.
1622 2301 1684 2348 tr.
1713 2297 1761 2347 4.
1791 2293 1858 2349 de
1880 2293 2131 2349 Sacram.
2156 2310 2198 2348 r.
2227 2298 2314 2363 29,
2338 2303 2442 2349 tnta
2471 2295 2616 2348 etiam
2643 2295 2693 2349 in
2727 2296 2875 2362 praxi

423 2378 677 2449 videatnr3
716 2396 776 2435 eo
813 2383 943 2445 quod
981 2382 1060 2433 lex
1095 2378 1438 2433 Ecclesiastiea
1474 2378 1523 2431 in
1556 2392 1670 2432 casu
1698 2377 1851 2432 dubio
1881 2393 1977 2432 non
2008 2379 2230 2433 videatur
2255 2386 2352 2433 tam
2380 2386 2516 2433 arcte
2541 2378 2877 2445 constringere

420 2465 745 2521 conscientias
771 2473 821 2519 et
856 2464 906 2519 in
944 2463 1094 2518 dubio
1126 2467 1303 2518 tactum
1345 2462 1590 2531 praesumi
1621 2477 1717 2517 non
1757 2464 1934 2517 debeat
1974 2478 2132 2532 neque
2168 2470 2428 2519 censeatur
2462 2464 2753 2531 irreverens,
2793 2465 2877 2531 qui

421 2548 543 2606 iuris
583 2549 1028 2619 praesumptionem
1056 2547 1290 2616 seqnitur.
1320 2548 1447 2602 Vide
1472 2547 1593 2602 intra
1625 2556 1683 2602 tr.
1717 2551 1793 2603 10.
1818 2556 1936 2604 sect.
1960 2549 2007 2602 4.
2027 2564 2071 2604 c.
2093 2552 2142 2604 2.
2164 2551 2211 2604 d.
2235 2552 2283 2604 2.
2309 2556 2357 2604 et
2380 2551 2531 2607 card.
2558 2551 2620 2604 de
2650 2552 2786 2615 Lugo
2811 2548 2879 2605 de

424 2634 592 2690 Euch.
620 2638 669 2689 d.
697 2638 776 2689 15.
799 2651 845 2688 n.
871 2635 952 2689 43.

508 2772 692 2847 223.
740 2775 978 2841 Auctor
1013 2775 1321 2858 duplicem
1365 2774 1736 2839 sententiam
1764 2775 1974 2841 innuit
2004 2778 2068 2841 et
2095 2778 2232 2842 loco
2264 2777 2328 2844 in
2359 2778 2479 2842 fine
2515 2778 2711 2843 citato
2743 2798 2881 2862 pro—

422 2879 687 2944 babilem
733 2896 805 2942 ac
851 2878 1058 2943 tutam
1102 2877 1289 2943 habet
1319 2877 1663 2943 doctrinam
1692 2877 2036 2963 Laymann,
2084 2899 2197 2963 pro
2252 2899 2375 2963 qua
2424 2901 2470 2945 s.
2520 2881 2879 2965 Alphonsus

422 2981 528 3046 lib.
576 2982 637 3045 6.
671 3000 733 3045 n.
770 2981 919 3044 282.
955 2980 1189 3066 allegat
1217 2982 1534 3063 praeterea
1564 2980 1850 3058 Palaum‚
1890 2980 2132 3065 Spore1·‚
2172 2981 2536 3059 Camenam,
2587 2985 2875 3062 Dianam,

423 3083 649 3156 Gobat,
682 3082 880 3160 Elbel‚
904 3083 1146 3167 nlsung
1170 3084 1284 3148 etc.
1312 3084 1537 3166 quibus
1567 3084 1675 3147 lib.
1715 3084 1775 3146 1.
1806 3103 1866 3147 n.
1903 3085 2008 3148 39.
2043 3085 2107 3148 et
2136 3084 2448 3166 inprimis
2472 3085 2648 3150 editt.
2684 3107 2742 3149 n.
2772 3089 2877 3151 80.

424 3185 595 3251 addit
619 3185 961 3251 Eusebium
993 3185 1233 3250 Amort.
1268 3185 1456 3251 Ratio
1489 3205 1537 3249 s.
1563 3185 1868 3266 Alphonsi
1899 3185 2012 3261 est,
2046 3185 2211 3266 quod
2232 3187 2633 3267 praeceptum
2656 3188 2773 3250 hoc
2796 3189 2883 3252 sit

426 3288 780 3371 aeaeyativmn
810 3287 1135 3371 prohibens
1160 3288 1412 3361 scil-icet,
1447 3305 1521 3352 ne
1552 3285 1968 3351 communicet
1996 3285 2277 3367 quisquis
2308 3286 2515 3350 cibum
2549 3289 2884 3369 sumpserit

422 3392 563 3472 post
592 3388 864 3455 mediam
895 3391 1138 3453 noctem
1184 3409 1311 3465 sen,
1352 3389 1491 3453 aliis
1523 3388 1743 3464 verbis,
1783 3406 2006 3451 arcens
2049 3408 2091 3450 α
2126 3407 2178 3451 3.
2237 3386 2677 3454 communione
2723 3408 2881 3462 eum,

424 3492 527 3573 qui
574 3493 720 3576 post
765 3491 1033 3556 mediam
1077 3494 1321 3556 noctem
1367 3492 1574 3555 cibum
1606 3490 1960 3575 sumpserit.
2008 3490 2175 3575 Ergo
2223 3492 2297 3554 ut
2342 3490 2481 3572 quis
2530 3510 2566 3555 a
2612 3509 2887 3556 commu-

423 3594 603 3660 nione
651 3598 955 3671 arceatur,
1016 3594 1402 3676 probandum
1448 3595 1543 3658 est
1588 3593 1827 3659 factum
1881 3593 2011 3658 scii.
2062 3593 2230 3675 quod
2282 3593 2491 3657 cibum
2552 3595 2888 3677 sumpserit

426 3698 565 3778 pest
594 3694 865 3760 mediam
898 3698 1159 3761 noctem.
1191 3696 1358 3780 Ergo
1390 3695 1704 3760 concludit
1749 3715 1798 3761 s.
1832 3697 2068 3761 Doctor
2111 3696 2221 3760 lib.
2263 3695 2321 3759 6.
2356 3715 2416 3759 n.
2452 3697 2623 3772 282„
2681 3722 2715 3754 ‹<
2762 3717 2885 3762 non

427 3799 652 3864 teneris
684 3797 1010 3872 abstinere,
1044 3798 1319 3879 quandiu
1350 3817 1474 3862 non
1505 3817 1568 3862 es
1593 3799 1798 3862 certus
1822 3800 1889 3862 et
1901 3798 2080 3862 tanto
2098 3798 2301 3880 magis
2325 3798 2378 3861 si
2403 3798 2642 3861 nullam
2658 3799 2887 3864 habeas

423 3900 810 3983 probabilem
846 3900 1150 3965 rationem
1181 3903 1243 3965 te
1274 3900 1641 3975 comedisse3
1675 3902 1829 3964 tunc
1873 3900 2036 3964 enim
2069 3898 2270 3962 adhuc
2301 3916 2364 3962 es
2396 3898 2459 3961 in
2505 3900 2889 3979 possessione

426 4004 572 4068 tuae
602 4002 918 4067 libertatis
950 4027 1011 4066 ».

515 4107 589 4171 ln
635 4104 886 4187 quibuS‚
941 4106 1015 4168 ut
1063 4105 1257 4187 patet,
1307 4103 1585 4168 concedit
1619 4103 1685 4168 id
1738 4104 1943 4168 valere
1998 4122 2121 4167 non
2179 4100 2365 4166 modo
2416 4102 2482 4163 iu
2528 4100 2735 4174 dubio,
2785 4106 2899 4169 sed-

422 4208 616 4272 etiam
652 4207 721 4271 in
757 4223 907 4270 casu
936 4206 1248 4285 opinionis
1282 4207 1657 4282 contrariae,
1676 4203 1956 4287 quandiu
1988 4224 2111 4269 non
2149 4223 2213 4269 es
2244 4206 2470 4275 certus,
2502 4203 2727 4285 inquit.
2753 4204 2893 4284 Quo

425 4310 714 4392 spectant
773 4307 961 4371 verba
1019 4309 1163 4383 ista,
1212 4327 1371 4389 quae
1418 4308 1653 4391 allegat
1707 4325 1781 4371 ex
1841 4307 2069 4370 Amort
2114 4305 2223 4369 lib.
2279 4305 2335 4367 1.
2386 4326 2445 4367 n.
2496 4306 2601 4369 39.
2653 4306 2733 4369 al.
2783 4307 2891 4371 80.

433 4437 471 4469 ‹
501 4412 724 4477 Potest
768 4410 1239 4485 communicare,
1288 4409 1437 4490 quia
1467 4408 1686 4473 melior
1716 4409 1813 4472 est
1858 4407 2129 4471 conditio
2177 4404 2568 4488 possidentiS‚
2617 4408 2897 4487 quandiu

423 4514 493 4578 in
538 4511 925 4579 contrarium
960 4531 1081 4576 non
1127 4511 1355 4575 dantur
1385 4510 1917 4592 praesumptiones
1950 4510 2081 4571 tam
2117 4506 2329 4581 fortes⁹
2366 4508 2438 4568 ut
2471 4525 2729 4589 operans
2760 4529 2899 4591 pro-
