3529 5158
1140 318 1225 357 nu
1262 316 1474 356 Maura:
1513 314 1559 355 s,
1586 314 1888 357 ALPHONSI
1926 317 2055 358 mc.
2405 334 2406 337 =
2735 305 2841 359 693

373 414 594 479 relicta·
614 414 1042 494 probabiliori
1062 434 1184 493 pro
1218 412 1347 495 leye
1367 432 1387 473 .·
1413 412 1662 489 mirum,
1698 414 2077 496 quantopere
2111 413 2224 477 sibi
2259 412 2535 491 Patuzzi,
2569 415 2685 479 hoc
2716 416 2841 481 telo

373 516 743 595 instructus,
779 517 852 581 de
886 515 1148 581 victoria
1181 517 1396 580 contra
1428 534 1476 578 s.
1516 513 1906 596 Alphonsnm
1936 514 2338 580 blandiretur.

461 618 693 683 Scribit
730 637 915 702 porro
949 637 998 683 s.
1033 618 1268 682 Doctor
1290 636 1350 680 n.
1394 615 1497 680 86.
1524 615 1883 681 dubitatum
1914 616 2123 694 fuisse,
2157 638 2242 679 an
2275 616 2607 681 damnatae
2638 624 2845 682 essent

369 719 660 803 cinq-idae
710 720 912 785 theses
957 721 1029 783 in
1060 717 1456 800 particulari
1500 720 1562 782 et
1608 717 1852 782 subdit:
1895 744 1929 775 «
1960 717 2384 783 Veruntamen
2430 720 2689 785 dubium
2723 722 2842 786 hoc

371 823 448 887 ab
496 822 709 887 eadem
756 821 816 887 S.
854 820 923 887 C.
960 824 1178 906 postea
1226 821 1609 885 declaratum
1654 820 1807 890 fuit:
1858 839 1998 884 cum
2046 821 2209 885 enim
2256 822 2622 906 proscriptio
2670 842 2840 907 prae-

369 924 518 989 dicti
567 925 704 989 solii
752 924 969 989 deinde
1015 925 1193 988 iussu
1231 922 1505 988 eiusdem
1553 920 1614 987 S.
1654 920 1721 986 C.
1760 923 1990 987 inserta
2037 922 2260 988 fuisset
2303 924 2366 987 in
2413 924 2610 989 indice
2654 925 2839 991 libro·

366 1046 509 1091 rum
554 1026 1034 1110 prohibitorum,
1067 1045 1191 1090 non
1237 1025 1474 1089 dictum
1519 1024 1661 1102 fuit,
1709 1022 1932 1103 folium
1977 1028 2039 1087 et
2087 1023 2282 1089 theses
2329 1027 2398 1090 in
2441 1025 2555 1089 illo
2602 1029 2837 1107 exposi-

368 1131 554 1203 tae...,
603 1129 708 1193 sed
756 1127 1121 1212 simpliciter
1181 1128 1417 1192 dictum
1464 1126 1620 1191 fuit:
1684 1124 1974 1209 Playula
2041 1127 2326 1191 undecim
2392 1127 2689 1203 thesaurus
2736 1131 2839 1193 cui

366 1229 625 1295 titulus:
678 1229 1198 1295 Probabilismus
1244 1229 1661 1309 disputationi
1703 1231 1814 1291 etc.
1864 1225 2253 1311 Quapropter
2289 1230 2355 1292 in
2401 1231 2708 1313 praesenti
2740 1231 2839 1296 de-

363 1332 629 1398 claravit
676 1332 736 1398 S.
773 1330 865 1411 G„
907 1351 1039 1398 esse
1087 1334 1339 1397 tantum
1402 1331 1747 1415 praefatam
1804 1328 2138 1412 playulam
2198 1332 2628 1415 proscriptam,
2675 1334 2836 1399 idest

364 1436 618 1500 tantum
664 1436 952 1500 chartam
1001 1436 1131 1500 sive
1176 1434 1399 1499 folium
1445 1432 1729 1498 undecim
1776 1432 2068 1507 thesium,
2107 1452 2230 1497 non
2269 1435 2480 1497 autem
2528 1453 2737 1500 omnes
2768 1437 2832 1500 et

361 1537 645 1622 singulas
692 1538 915 1601 theses.
980 1538 1062 1601 Et
1107 1555 1319 1601 revera
1366 1555 1507 1601 cum
1553 1534 1627 1599 de
1689 1536 1807 1598 hoc
1854 1534 2041 1599 dubio
2089 1535 2334 1599 litteras
2387 1535 2707 1613 dedissem,
2756 1539 2831 1601 ut

359 1640 592 1703 certior
629 1639 702 1704 de
734 1640 850 1704 hoc
899 1640 1149 1703 omnino
1196 1638 1425 1713 fierem,
1468 1637 1545 1701 ad
1578 1637 1734 1702 duos
1767 1656 1817 1700 s.
1854 1637 2283 1718 Inquisitionis
2330 1639 2648 1703 Romanae
2693 1658 2831 1705 con·

360 1741 652 1818 sultoreS,
692 1760 910 1824 nempe
950 1740 1026 1804 ad
1072 1739 1468 1805 reverendiss.
1507 1739 1578 1803 P.
1612 1738 1699 1801 Μ.
1739 1738 2047 1803 Thomam
2081 1740 2508 1824 Augustinum
2547 1741 2824 1807 Ricchini

361 1842 537 1909 Sacri
585 1845 819 1910 Palatii
854 1844 1233 1929 Magistrum
1297 1843 1495 1925 adque
1554 1842 1953 1907 reverendiss.
2016 1843 2085 1906 P.
2150 1842 2237 1906 M.
2292 1844 2477 1909 Pium
2522 1844 2826 1911 Thomam

363 1945 620 2011 Schiara
670 1945 730 2011 S.
766 1944 833 2012 C.
870 1946 1098 2011 Indicis
1149 1945 1582 2022 secretarium3
1635 1945 1816 2010 ambo
1865 1944 2021 2009 mihi
2065 1946 2529 2030 responderunt,
2576 1948 2831 2011 minimo

354 2069 630 2128 prorsus
676 2049 744 2111 in
804 2046 1073 2117 Deoreio
1128 2046 1193 2111 S.
1243 2046 1311 2112 C.
1368 2048 1624 2110 vetitum
1668 2047 1865 2127 fuisse
1898 2047 2426 2128 probabilismum
2473 2071 2583 2115 nec
2628 2050 2838 2133 quoad

353 2151 634 2231 primam-
679 2171 790 2214 nec
823 2148 1159 2214 secundam
1203 2169 1316 2214 nec
1365 2150 1613 2213 tertiam
1647 2152 2136 2230 propositionem
2186 2151 2261 2215 de
2308 2153 2592 2233 opinione
2624 2156 2834 2217 minus

341 2250 670 2333 probabili
703 2272 825 2331 pro
873 2250 1157 2315 libertate
1194 2277 1255 2315 ».

446 2353 746 2434 Quisnam
778 2373 943 2431 vero,
986 2354 1084 2418 vel
1128 2354 1294 2419 hisce
1327 2356 1576 2419 tantum
1607 2355 1945 2438 perpensis,
1983 2355 2152 2420 illico
2189 2375 2312 2421 non
2344 2357 2571 2435 videat,
2613 2378 2649 2423 a
2682 2380 2829 2442 qua-

358 2457 512 2522 libet
557 2456 783 2521 nedum
831 2457 978 2533 veri,
1031 2456 1134 2519 sed
1184 2458 1248 2520 et
1294 2455 1649 2521 verisimilis
1698 2457 1897 2539 specie
1945 2457 2271 2523 abhorrere
2303 2459 2469 2541 quod
2510 2479 2558 2524 s.
2594 2461 2829 2527 Doctor

357 2557 713 2643 Alphonsus
763 2558 1063 2624 damnare
1111 2561 1187 2625 ut
1231 2558 1525 2625 illicitum
1573 2559 1845 2624 voluerit
1892 2561 2002 2625 aut
2049 2578 2232 2625 usum
2274 2561 2580 2644 opinionis
2625 2565 2832 2630 minus

356 2663 691 2745 probabilis
754 2664 866 2727 aut
940 2663 1285 2748 generatim
1340 2662 1874 2746 probabilismum,
1926 2663 2136 2746 prouti
2197 2664 2348 2729 haec
2399 2665 2463 2728 in
2511 2667 2832 2733 catholicis

359 2764 585 2829 scholis
643 2763 871 2829 iudicio
921 2763 982 2829 S.
1024 2762 1091 2829 C.
1132 2763 1456 2828 Romanae
1504 2764 1635 2828 sine
1680 2782 1842 2828 noxa
1890 2765 1953 2828 et
1999 2764 2405 2830 tradebantur
2443 2768 2506 2831 et
2558 2767 2833 2834 defende-

355 2866 603 2945 bantur,
644 2866 795 2931 dum
839 2867 1120 2950 ipsemet,
1169 2868 1404 2931 morale
1450 2886 1635 2930 suum
1682 2869 1956 2952 systema
2003 2886 2327 2950 exponens,
2365 2868 2441 2933 ad
2489 2871 2586 2934 sui
2634 2874 2827 2955 syste-

349 2968 538 3033 matis
570 2967 980 3033 defensionem
1012 2969 1226 3034 contra
1260 2969 1641 3035 adversarios
1674 2970 1790 3033 hoc
1813 2968 1874 3033 S.
1910 2968 1977 3033 C.
2010 2970 2309 3034 iudicium
2343 2970 2635 3036 adducit?

443 3073 549 3136 92.
590 3071 750 3151 Quid
796 3091 961 3150 vero,
997 3072 1163 3154 quod
1201 3072 1265 3136 in
1296 3071 1476 3155 Oper.
1524 3071 1713 3135 Hom.
1748 3072 1971 3150 Aponi.
2013 3092 2072 3134 n.
2113 3073 2215 3149 72,
2252 3072 2325 3135 de
2357 3072 2472 3137 hoc
2520 3073 2580 3137 S.
2616 3073 2682 3138 O.
2734 3077 2825 3140 iu-

358 3172 520 3237 dicio
568 3172 887 3253 disserens,
914 3175 1222 3238 memorat
1259 3172 1507 3254 quidem
1538 3172 1758 3250 folium
1791 3173 2116 3236 continens
2145 3170 2640 3252 PropositioneS,
2667 3198 2825 3258 quae

356 3294 568 3339 omnes
586 3275 1040 3355 probabili-emo
1084 3274 1398 3355 favebant,
1432 3294 1698 3355 quarum
1747 3274 2052 3354 quaedam
2089 3279 2291 3349 erant,
2326 3298 2482 3358 quae
2509 3279 2704 3343 iustos
2728 3300 2829 3343 ea·-

348 3382 672 3442 cesserant
739 3378 1002 3456 limites,·
1048 3378 1153 3443 sed
1193 3376 1399 3440 addit:
1446 3402 1479 3433 «
1526 3376 1954 3458 Proscriptum
2002 3378 2219 3458 utique
2264 3378 2387 3443 fuit
2430 3378 2671 3454 folium,
2720 3382 2823 3446 sed

358 3500 480 3545 non
514 3480 894 3563 proscriptae
934 3480 1103 3545 fuere
1154 3497 1363 3543 omnes
1394 3476 1857 3562 Propositiones
1905 3478 2204 3555 eiusdem;
2247 3500 2462 3544 earum
2499 3484 2660 3545 enim
2707 3482 2824 3547 ali-

357 3602 516 3665 quae
562 3583 769 3646 iustae
818 3585 1006 3646 erant
1049 3585 1112 3644 et
1151 3582 1563 3644 innocentes?
1610 3605 1644 3640 »
1689 3579 1885 3662 Atqui
1933 3600 2111 3646 nemo
2159 3601 2280 3647 non
2327 3582 2514 3660 videt,
2547 3586 2822 3668 profecto

354 3704 458 3749 eas
505 3684 871 3768 praesertim
917 3684 1121 3748 iustas
1167 3686 1230 3747 et
1276 3683 1633 3746 innocentes
1669 3683 2121 3766 propositiones
2154 3684 2271 3749 dici
2306 3705 2342 3749 a
2376 3706 2422 3750 s.
2450 3687 2719 3752 Doctore
2754 3690 2817 3752 in
2915 3731 2920 3737 -

350 3788 429 3853 iis
479 3788 789 3854 adiunctis
844 3787 1145 3864 debuisse,
1186 3786 1346 3850 circa
1394 3805 1549 3868 quas
1608 3786 1908 3851 iudicium
1963 3786 2023 3851 S.
2074 3787 2140 3852 C.
2199 3809 2475 3872 expresse
2532 3794 2810 3856 noverat.

350 3889 677 3970 Quodnam
725 3909 908 3974 porro
954 3889 1261 3954 iudicium
1309 3886 1369 3952 S.
1411 3887 1479 3953 C.
1513 3907 1791 3972 expresse
1824 3909 1871 3952 s.
1908 3890 2140 3954 Doctor
2168 3894 2397 3969 nosset,
2423 3891 2553 3975 ipse
2584 3891 2810 3957 ibidem

343 3995 626 4057 enarrat:
676 4018 711 4051 «
744 3992 904 4056 Mihi
951 3991 1396 4075 rescripserunt
1441 3991 1685 4074 (nempe
1730 3991 2031 4076 magister
2063 3991 2121 4056 S.
2161 3993 2394 4057 Palatii
2440 3995 2503 4058 et
2540 3993 2811 4059 Secreta-

346 4095 477 4160 rius
510 4095 570 4160 S.
607 4093 673 4159 C.
716 4095 990 4178 Indicis),
1026 4113 1061 4158 a
1096 4093 1155 4158 S.
1182 4091 1250 4157 C.
1285 4093 1651 4158 damnatum
1696 4093 1885 4158 fuisse
1917 4093 2300 4176 praedictum
2331 4094 2554 4161 folium
2585 4098 2647 4159 et
2677 4098 2807 4162 the-

344 4216 460 4276 ses,
502 4217 623 4263 non
671 4216 815 4262 vero
853 4196 1335 4280 propositionem
1382 4196 1656 4277 aliquam
1704 4196 2143 4279 particularem
2190 4197 2250 4260 in
2299 4196 2480 4262 dietis
2527 4199 2804 4265 thesibus

344 4301 723 4378 contentam,
749 4299 1008 4381 ideoque
1046 4296 1411 4361 damatam
1439 4317 1566 4361 non
1587 4295 1783 4376 fuisse
1817 4297 2339 4378 probabilis-mum
2376 4321 2570 4382 neq-ue
2601 4303 2809 4383 quoad

341 4421 536 4483 aeque
559 4400 970 4482 probabilem,
1003 4421 1199 4482 neque
1222 4399 1431 4482 quoad
1456 4400 1667 4464 minus
1691 4399 2079 4481 probabilem
2108 4400 2388 4465 libertati
2419 4402 2803 4482 faventem».

431 4504 623 4568 Addit
651 4504 1002 4586 praetereat
1038 4529 1073 4562 ⁴<
1099 4502 1325 4587 Scripsi
1352 4503 1619 4586 amplius
1636 4503 1790 4568 Effio
1815 4503 2083 4567 Domino
2116 4501 2429 4568 Cardinali
2456 4505 2623 4570 Galli
2653 4511 2803 4572 tunc
