3529 5158
721 393 793 448 56
1245 412 1455 452 TnAc’r.
1498 413 1535 451 1.
1578 412 1661 450 ma
1698 409 1956 450 Acrrssns
1992 410 2284 451 numanus.
2325 411 2523 453 CAPUT
2562 414 2650 452 ιιι.
3075 401 3184 477 [57]

808 506 944 570 Hoc
976 510 1183 570 tamen
1217 526 1325 589 pro
1360 508 1491 571 foro
1524 507 1764 571 interno
1813 506 2205 589 intelligitur.
2241 507 2403 571 Nam
2450 509 2512 571 in
2553 512 2800 574 externo
2836 513 3183 578 attenditur

718 589 907 670 etiam
933 609 1114 690 culpa
1138 610 1415 681 iuridica,
1446 630 1478 673 a
1506 630 1628 691 qua
1654 610 1865 673 abesse
1889 611 2096 690 potest
2129 611 2326 673 omnis
2351 611 2531 693 culpa
2558 613 2927 697 theologica.
2958 614 3183 695 Quam·

719 727 907 789 quam
939 711 1128 774 etiam
1165 711 1227 774 in
1262 712 1393 775 foro
1426 715 1672 775 externo
1713 713 1885 775 locus
1918 711 2184 775 dabatur
2215 712 2576 795 allegandae
2607 714 2997 798 ignorantiae
3027 720 3182 784 iuris

717 829 823 893 per
867 811 1022 876 duos
1070 833 1306 877 menses
1356 834 1391 877 a
1438 814 1938 898 promulgatione
1983 813 2139 897 legis
2186 817 2249 877 et
2295 814 2648 897 ignorantia
2703 817 3063 883 admittitur
3117 823 3177 887 in

715 913 1087 995 quibusdam
1134 916 1428 998 personiS,
1470 919 1542 980 ut
1588 918 1717 979 iam
1766 916 2055 979 diximus,

803 1016 900 1079 Ad
941 1020 1023 1080 2¹¹¹
1049 1016 1225 1097 Quod
1265 1018 1514 1082 additur
1549 1019 1621 1081 de
1659 1019 1841 1101 culpa
1877 1018 2001 1081 levi
2048 1018 2418 1102 theologica,
2461 1039 2599 1084 eam
2635 1041 2851 1105 nempe
2890 1044 3179 1092 excusare

714 1135 749 1179 a
784 1137 998 1199 poena,
1028 1120 1257 1201 pariter
1294 1123 1388 1184 est
1419 1121 1646 1185 rationi
1684 1139 2052 1193 consonum;
2088 1122 2313 1203 quippe
2345 1125 2652 1205 repugnat
2692 1128 2892 1190 rectae
2925 1130 3175 1203 rationi,

714 1221 786 1282 ut
823 1221 1039 1302 culpae
1078 1222 1199 1286 levi
1234 1224 1545 1305 irrogetur
1590 1224 1799 1307 gravis
1848 1243 2061 1306 poena.
2098 1225 2260 1307 Ergo
2309 1225 2555 1288 etiamsi
2602 1227 2955 1315 ignorantia
2989 1234 3180 1297 fuerit

710 1321 1057 1403 culpabiliS,
1086 1325 1139 1387 si
1170 1326 1377 1388 tamen
1410 1327 1791 1410 negligentia
1823 1345 1944 1389 non
1984 1326 2234 1389 excedat
2280 1327 2478 1390 levem
2512 1328 2778 1410 culpam,
2809 1331 2959 1396 haec
2996 1337 3178 1419 gravi

714 1441 911 1503 poena
958 1424 1143 1506 plecti
1191 1445 1314 1490 non
1360 1427 1558 1491 debet.

797 1526 893 1589 Ad
926 1528 1011 1589 3¹¹¹
1047 1526 1223 1607 Quod
1271 1530 1522 1611 quidam
1570 1531 1990 1613 ignorantiam
2029 1550 2259 1613 poenae
2306 1534 2593 1596 revocent
2626 1534 2702 1597 ad
2751 1536 3174 1619 ignorantiam

709 1628 881 1703 iuris,
932 1631 1167 1695 scilicet
1220 1633 1373 1696 iuris
1420 1633 1797 1697 decernentis
1846 1653 2106 1716 poenam
2154 1653 2261 1716 pro
2311 1654 2381 1698 eo
2429 1635 2674 1712 delicto,
2727 1640 2824 1703 vel
2873 1641 2948 1704 ad
2996 1643 3177 1725 igno-

710 1733 981 1797 rantiam
1012 1735 1162 1799 facti
1193 1756 1410 1819 nempe
1459 1736 1813 1801 adnexionis
1848 1757 2077 1819 poenae
2124 1757 2235 1819 pro
2283 1740 2577 1821 quopiam
2610 1742 2880 1818 crimine,
2915 1748 3010 1808 est
3042 1765 3176 1828 spe-

709 1836 942 1899 culatio
973 1837 1128 1901 levis
1160 1839 1478 1911 momenti,
1507 1859 1665 1920 quae
1697 1839 2011 1902 reducitur
2058 1838 2134 1902 ad
2167 1840 2590 1919 quaestionem
2631 1845 2975 1909 verbalem:
3005 1867 3176 1913 exco-

708 1938 913 2019 gitata
963 1942 1171 2004 autem
1220 1942 1359 2007 fuit.
1413 1945 1484 2005 ut
1531 1943 1723 2006 thesis
1771 1943 1886 2006 hoc
1935 1945 2114 2023 pacto
2164 1942 2385 2006 melius
2433 1943 2830 2011 evinceretur.

794 2040 1184 2105 Attendenda
1230 2043 1528 2107 limitatio
1577 2046 1703 2118 est;
1739 2044 1859 2107 nisi
1905 2044 2092 2107 fuerit
2138 2063 2343 2108 crassa
2376 2047 2488 2109 aut
2536 2048 2756 2129 supina
2788 2050 3168 2135 ignorantia.

708 2138 995 2205 Ceterum
1030 2144 1177 2207 haec
1209 2146 1426 2229 regula
1459 2146 1814 2227 saepissime
1847 2145 2037 2209 efficit
2069 2147 2142 2209 ut
2174 2147 2580 2212 confessarius
2617 2152 2818 2232 possit
2853 2155 3172 2221 absolvere

707 2247 957 2324 peccata
1007 2245 1279 2327 alioquin
1328 2249 1639 2311 reservata
1688 2247 2010 2321 Pontifici3
2048 2248 2271 2330 quippe
2319 2254 2711 2316 reservantur
2757 2260 3008 2338 propter
3040 2279 3175 2323 cen-

706 2364 915 2409 suram
964 2350 1026 2410 et
1072 2348 1222 2411 haec
1268 2369 1387 2413 non
1438 2351 1790 2425 incurritur,
1827 2350 1880 2413 si
1926 2369 2178 2413 censura
2228 2351 2566 2435 ignoretur.

790 2447 886 2510 Ad
919 2449 1006 2510 4¹¹¹
1038 2449 1369 2515 Formulae
1416 2452 1559 2515 illae
1607 2452 1935 2535 diligenter
1983 2455 2128 2516 sunt
2175 2454 2649 2521 considerandae
2697 2460 2760 2523 et
2806 2481 2948 2526 cum
2980 2464 3172 2528 habe-

705 2551 890 2614 antur
936 2551 999 2615 in
1048 2552 1327 2634 pluribus
1381 2555 1954 2628 constitutionibus
2005 2556 2144 2621 hinc
2191 2577 2314 2623 non
2360 2578 2499 2624 raro
2547 2560 2637 2638 fit,
2689 2565 2761 2626 ut
2808 2564 3166 2649 ignorantia

701 2653 891 2715 etiam
925 2673 1129 2717 crassa
1162 2659 1426 2726 excuset,
1463 2658 1654 2720 immo
1688 2658 1999 2721 interdum
2033 2662 2096 2723 et
2142 2662 2448 2736 affectata,
2485 2665 2557 2726 ut
2595 2667 2950 2751 contingere
2983 2690 3166 2753 posse

703 2754 970 2817 vidimus
1019 2756 1222 2836 quoad
1278 2759 1504 2822 crimen
1551 2760 1819 2823 haeresis
1869 2760 1955 2840 (n.
2008 2763 2162 2834 93.)
2214 2761 2330 2826 Sed
2376 2765 2597 2829 melius
2646 2767 2718 2831 de
2767 2770 2880 2838 his,
2932 2774 3040 2837 ubi
3091 2776 3165 2841 de

701 2858 992 2920 censuris,

788 2958 885 3021 Ad
921 2961 1006 3022 5¹¹¹
1033 2959 1191 3024 Cum
1230 2963 1564 3043 probabilis
1598 2964 1679 3027 sit
1718 2965 2026 3028 sententia
2066 2966 2428 3049 negantium
2462 2969 2688 3035 incurri
2720 2993 2983 3055 poenas:
3020 2979 3164 3046 hinc

698 3077 819 3123 non
868 3063 961 3123 est
1000 3063 1060 3124 in
1110 3063 1367 3128 arbitrio
1416 3066 1789 3141 confessarii,
1825 3071 1898 3131 ut
1944 3068 2074 3149 ipse
2120 3089 2380 3150 poenam
2427 3073 2593 3136 certo
2642 3075 3025 3143 subeundam
3065 3083 3166 3148 de-

698 3161 925 3237 claret3
976 3165 1123 3245 quia
1172 3166 1300 3249 ipse
1347 3186 1467 3231 non
1517 3170 1609 3231 est
1656 3169 1999 3253 legislator.

784 3266 1029 3330 Dicitur
1061 3271 1272 3333 autem
1304 3272 1584 3352 quaestio
1621 3273 1780 3336 verti
1811 3273 1883 3337 de
1930 3274 2141 3356 poenis
2188 3275 2705 3354 extraordinariis,
2741 3299 2899 3361 quae
2932 3283 3161 3352 idcirco

697 3367 773 3429 ob
820 3387 1073 3434 causam
1121 3372 1524 3454 imponuntur
1561 3376 2112 3441 extraordinariam
2160 3380 2222 3440 et
2269 3381 2509 3459 praeter
2555 3400 2927 3460 mensuram,
2965 3407 3163 3474 quam

695 3467 875 3549 culpa
924 3471 986 3533 in
1035 3491 1097 3534 se
1144 3473 1304 3537 nude
1352 3478 1629 3556 spectata
1678 3477 1916 3560 exigere
1965 3479 2226 3542 videtur.
2261 3481 2466 3544 Poena
2515 3484 2996 3552 extraordinaria
3049 3510 3160 3557 seu

694 3570 1043 3635 exorbitans
1076 3572 1320 3650 dicitur,
1348 3596 1525 3657 quae,
1554 3579 1890 3642 secundum
1930 3581 2015 3643 rei
2063 3585 2370 3658 naturam,
2399 3603 2472 3647 ne
2509 3583 2571 3647 in
2611 3587 2863 3651 confuso
2904 3592 3159 3671 quidem

694 3671 900 3749 potest
944 3675 1302 3754 praevideri,
1340 3679 1430 3742 ait
1476 3699 1523 3742 s.
1559 3680 1915 3762 Alphonsus
1948 3682 1989 3744 l.
2029 3683 2085 3745 7.
2121 3704 2179 3745 n.
2217 3685 2338 3746 351
2385 3687 2497 3768 (a).
2533 3688 2631 3751 Ita
2665 3709 2860 3770 poena
2908 3711 3161 3778 suspen·

694 3772 883 3836 sionis
930 3795 1051 3839 non
1099 3778 1493 3846 induentibus
1542 3783 1791 3860 stolam,
1833 3783 1980 3846 dum
2028 3785 2291 3849 audiunt
2337 3789 2764 3866 confessiones
2805 3794 3043 3863 inflicta
3095 3801 3156 3864 in

690 3874 1060 3955 quibusdam
1108 3880 1501 3958 dioecesibus⁹
1538 3905 1696 3966 quae
1746 3886 2048 3968 originem
2094 3889 2254 3952 certe
2286 3888 2462 3954 duxit
2494 3912 2565 3955 ex
2596 3897 2906 3974 protervia
2944 3902 3158 3966 nolen-

692 3977 851 4043 tium
882 3981 1038 4045 hauc
1070 4003 1351 4047 normam
1385 4007 1419 4048 a
1453 3986 1669 4050 rituali
1696 3989 2137 4070 praescriptam
2169 4011 2428 4056 servare.
2459 3994 2556 4057 lta
2591 4003 3151 4070 excommunicatio

770 4283 833 4333 (a)
851 4280 1145 4323 Tamburiui
1164 4282 1219 4323 in
1244 4283 1398 4325 Decal.
1422 4284 1455 4326 1.
1474 4286 1618 4328 l.c.·i.’..
1641 4288 1814 4336 §.10.n.
1841 4289 1903 4331 18.
1919 4295 2104 4344 censet,
2124 4293 2365 4336 adversus
2386 4306 2720 4352 communem,
2740 4304 2796 4342 ut
2819 4302 2910 4355 ait,
2934 4316 3150 4356 poenam

687 4347 1056 4390 exorbitantem
1086 4349 1138 4390 in
1172 4360 1230 4389 eo
1259 4362 1379 4401 esso,
1401 4352 1533 4404 quod
1562 4356 1628 4396 sit
1658 4368 1816 4408 poena.
1844 4358 2200 4412 determinata,
2236 4373 2372 4405 mere
2400 4362 2688 4416 dependens
2714 4380 2746 4410 a
2774 4369 3046 4417 voluntate
3086 4377 3155 4419 le-

684 4413 961 4465 gislatoris:
984 4416 1350 4470 seous‚inq11it,
1369 4431 1483 4462 cum
1514 4425 1940 4474 praesumendum
1969 4426 2052 4478 sit,
2074 4429 2480 4481 proportionatas
2513 4431 2713 4477 delictis
2741 4448 2926 4488 poenas
2945 4453 3150 4497 semper

682 4489 713 4517 a
742 4479 1115 4533 legislatoribus
1143 4484 1348 4536 imponi,
1373 4489 1610 4539 spectatis
1638 4490 1820 4532 saltem
1848 4493 2081 4535 omnibus
2111 4493 2378 4546 adiunctis,
2402 4497 2472 4538 sic
2501 4497 2645 4541 nulla
2674 4505 2802 4544 esset
2825 4515 2985 4556 poena
3003 4521 3149 4553 exor-

683 4543 865 4587 bitans.
901 4546 1086 4590 Verum
1116 4548 1207 4592 hoc
1237 4556 1383 4604 puoto
1420 4566 1577 4607 poena
1606 4557 1896 4600 exorbitans
1924 4559 2257 4603 confunditur
2285 4574 2400 4604 etun
2429 4564 2705 4609 arbitraria
2734 4573 2784 4609 et·
2821 4569 3038 4627 iniust-a,
3072 4577 3136 4620 ad

681 4623 835 4664 quam
864 4625 1011 4655 nemo
1039 4619 1260 4661 tenetur.
1288 4618 1575 4664 Declaratio
1606 4624 1677 4666 rei
1709 4624 1901 4667 tradita
1932 4639 1961 4668 a
1990 4639 2028 4668 s.
2053 4626 2203 4681 Alph.
2228 4629 2351 4671 satis
2379 4630 2558 4674 idonea
2588 4633 2807 4676 videtur.
2831 4636 2887 4680 Ε.
