3529 5158
730 352 838 405 208
1199 365 1411 406 τιιᾼοτ.
1449 367 1515 406 11.
1551 365 1637 405 mn
1674 363 2091 407 conscmmu.
2130 364 2330 406 effu-r
2368 365 2433 407 11.
2468 364 2612 406 nun.
2650 365 2716 407 11.
3054 353 3197 427 [196]

739 486 774 520 «ι
807 462 1074 526 fundunt
1107 463 1307 544 primo
1340 462 1670 527 veritatem
1703 461 1792 525 rei
1831 460 1950 541 (ex.
1986 481 2078 545 gr.
2113 460 2277 542 quod
2314 461 2672 525 contractus
2709 462 2936 543 aliquis
2985 464 3069 526 sit
3099 465 3197 528 vel

738 589 773 623 «
809 583 932 629 non
964 565 1314 648 usurarius)
1346 584 1488 628 cum
1518 564 1784 629 veritate
1816 564 2162 628 honestatis
2199 564 2461 628 actionis
2508 563 2755 646 (nempe
2802 565 2962 647 quod
3012 565 3199 630 liceat

737 689 772 724 «
803 667 900 730 vel
932 685 1074 741 non,
1124 668 1515 731 contractum
1545 666 1728 730 illum
1764 666 1968 748 inire).
2005 663 2408 730 Confundunt
2440 667 2706 732 secundo
2740 670 3046 732 remotam
3094 669 3198 733 ho-

736 791 773 825 «
802 768 1065 832 nestatis
1095 769 1399 851 regulam,
1441 788 1600 851 quae
1640 770 1733 833 est
1763 769 1860 832 lex
1892 768 2122 844 divina,
2157 789 2299 832 cum
2329 770 2546 853 regula
2570 770 2871 852 proxima,
2903 790 3064 851 quae
3102 776 3198 836 est

735 893 771 927 «
802 871 1208 936 conscientiae
1239 871 1567 936 dictamen.
1595 871 1676 935 Et
1700 891 1771 935 ex
1802 872 1919 935 hoc
1945 872 2232 936 oriuntur
2262 875 2478 954 postea
2503 874 2601 937 tot
2633 874 3192 954 aequivocationes,

735 996 770 1030 «
803 992 838 1036 a
876 974 1101 1054 quibus
1131 973 1535 1037 circumducti
1569 973 1905 1038 adversarii
1930 973 2201 1055 undique
2231 974 2525 1051 clamant,
2566 993 2603 1037 a
2634 975 3059 1057 probabilistis
3081 997 3192 1059 pro

733 1099 769 1133 ‹
801 1076 1031 1159 regulis
1056 1076 1214 1139 mira
1239 1077 1546 1157 paradoxa
1578 1077 1838 1160 proferri
1871 1096 1942 1140 ac
1965 1077 2217 1159 proinde
2241 1076 2568 1141 deridendo
2595 1080 2854 1161 rogant:
2882 1080 3192 1160 quomodo

734 1201 769 1236 «
806 1178 1134 1260 prudenter
1165 1197 1347 1261 agere
1370 1177 1490 1242 dici
1515 1180 1764 1261 poterit,
1803 1179 1910 1259 qui
1944 1179 2219 1261 aliquam
2245 1178 2595 1262 opinionem
2620 1182 2804 1261 putat
2825 1179 3033 1244 minus
3058 1200 3195 1263 pro·

732 1303 767 1336 «
798 1279 1065 1343 habilem
1082 1284 1144 1345 et
1162 1299 1297 1345 eam
1317 1284 1592 1345 sectatur
1609 1286 1638 1345 Ρ
1669 1281 1979 1362 quomodo
2005 1283 2144 1363 quis
2170 1301 2241 1346 ex
2265 1282 2520 1346 motivis
2542 1282 2780 1346 reflexis
2798 1283 3030 1365 poterit
3056 1303 3193 1366 ope-

732 1405 768 1439 «
802 1383 930 1445 rari
960 1386 1174 1447 contra
1207 1384 1269 1446 id
1294 1383 1458 1465 quod
1489 1383 1725 1448 iudicat
1756 1383 2140 1465 probabilius
2165 1402 2234 1447 ex
2258 1384 2513 1448 motivis
2538 1383 2785 1448 directis
2803 1390 2833 1447 ἵ)
2864 1384 3187 1464 Quomodo

732 1508 768 1542 ι
798 1484 961 1549 idem
985 1486 1170 1550 homo
1202 1489 1365 1552 recte
1397 1487 1630 1552 valebit
1659 1486 1928 1550 formare
1961 1486 2077 1549 sibi
2114 1485 2413 1550 iudicium
2437 1487 2797 1568 practicum,
2834 1489 3191 1570 oppositum

731 1609 766 1644 «
796 1585 1023 1652 iudicio
1071 1589 1493 1671 speculativo?
1524 1588 1629 1653 sed
1660 1587 1971 1671 paradoxa
2002 1587 2125 1652 ista
2160 1589 2407 1652 omnino
2447 1592 2828 1666 evanescent,
2864 1590 2915 1652 si
2950 1590 3028 1653 ad
3060 1594 3192 1655 tru-

731 1689 996 1754 «tinam
1042 1692 1164 1754 tria
1212 1694 1594 1756 revocentur.
1642 1691 1959 1754 Primum:
2007 1690 2254 1754 cuinam
2301 1690 2551 1774 regulae
2599 1690 2762 1754 actio
2819 1691 3191 1756 conformari

729 1815 765 1849 «
795 1792 1034 1869 debeat,
1069 1796 1142 1857 ut
1188 1795 1273 1857 sit
1318 1795 1598 1869 honesta,
1635 1813 1712 1857 an
1760 1795 2036 1857 remotae
2083 1811 2192 1857 seu
2237 1793 2363 1877 legi
2410 1795 2713 1872 aeternae,
2749 1811 2827 1857 an
2875 1795 3192 1875 proximae

730 1918 765 1951 «
795 1895 954 1959 idest
985 1898 1441 1961 conscientiae?
1474 1896 1845 1961 secundum:
1880 1897 2129 1961 cuinam
2160 1895 2389 1960 iudicio
2436 1896 2875 1960 conformanda
2923 1896 3006 1961 sit
3054 1918 3195 1963 con-

728 2021 764 2055 «
796 1998 1070 2073 scientia,
1107 2017 1183 2062 an
1223 1999 1603 2081 speculativo
1628 1998 1703 2063 de
1734 2000 1998 2063 veritate
2029 1999 2136 2071 rei,
2179 2018 2255 2062 an
2289 2017 2431 2063 vero
2457 1998 2728 2080 practico
2760 1997 2834 2061 de
2866 1998 3191 2064 honestate

728 2124 764 2158 ‹
797 2100 1103 2165 actionis?
1134 2102 1426 2166 tertium:
1461 2101 1772 2184 quomodo
1820 2102 1936 2165 hoc
1968 2100 2267 2165 iudicium
2297 2101 2639 2183 practicum
2671 2101 2975 2165 formetur
3007 2101 3087 2164 ab
3119 2121 3190 2167 eo

727 2225 762 2259 ε
794 2203 900 2283 qui
932 2203 1136 2267 utitur
1170 2204 1454 2287 opinione
1491 2204 1698 2267 minus
1729 2203 2082 2285 probabili?
2113 2228 2149 2261 »

813 2328 850 2361 «
881 2304 1096 2384 Quoad
1130 2307 1420 2389 primum,
1455 2310 1692 2371 certum
1726 2309 1823 2369 est
1853 2305 2018 2387 quod
2049 2305 2195 2369 licet
2241 2305 2459 2389 regula
2504 2305 2783 2387 proxima
2814 2305 3005 2387 (idest
3052 2326 3190 2371 con·

725 2431 760 2466 «
792 2408 1076 2491 scientia)
1109 2410 1373 2491 pendeat
1421 2429 1458 2473 a
1487 2412 1728 2473 remota
1761 2408 1922 2489 (scil.
1959 2427 1995 2471 a
2040 2407 2176 2491 lege
2213 2407 2451 2490 divina)
2497 2409 2561 2471 et
2606 2407 2700 2470 illi
2745 2408 3189 2472 conformanda

724 2533 759 2566 «
791 2509 892 2586 sit,
928 2512 1137 2575 tamen
1174 2512 1420 2577 bonitas
1454 2511 1715 2576 actionis
1748 2529 1869 2575 non
1901 2512 2297 2575 mensuratur
2328 2530 2364 2574 a
2395 2512 2654 2588 remota,
2689 2510 2793 2575 sed
2820 2530 2857 2574 a
2881 2512 3183 2595 proxima,

723 2636 758 2670 α
791 2615 864 2675 ut
894 2613 1115 2678 docent
1162 2634 1373 2680 omnes
1419 2635 1561 2679 cum
1593 2615 1651 2678 d.
1686 2614 1925 2678 Thoma
1960 2614 2021 2676 in
2059 2615 2116 2676 1.
2153 2615 2211 2677 2.
2248 2633 2306 2695 q.
2345 2614 2447 2677 19.
2489 2633 2545 2677 a.
2579 2615 2640 2677 4.
2676 2613 2784 2677 ubi
2821 2615 2947 2677 ait:
2989 2615 3186 2678 Ratio

723 2738 758 2771 «
790 2713 1065 2779 humana
1102 2721 1196 2780 est
1229 2717 1451 2799 reyula
1481 2717 1823 2780 voluntatis·
1852 2714 2181 2788 humanae,
2214 2735 2293 2778 ccc
2322 2735 2449 2795 qua
2484 2716 2620 2779 eius
2655 2715 2901 2779 bonitas
2945 2737 3188 2780 mensu-

722 2841 757 2874 «
787 2821 989 2883 ratur.
1031 2819 1112 2883 Et
1157 2820 1220 2884 in
1276 2819 1495 2901 Quodl.
1532 2821 1591 2882 3.
1629 2837 1683 2882 a.
1721 2818 1865 2880 27.:
1901 2817 2107 2881 Actus
2152 2816 2462 2880 humanus
2505 2817 2824 2881 iudicatur
2869 2820 3187 2885 m‘rtuosus

722 2945 757 2978 «
789 2919 907 2984 vel·
929 2923 1188 2987 vitiosus
1234 2921 1572 2987 secun-dum
1604 2920 1829 2983 bonum
1859 2918 2331 2999 apprehensum,
2364 2920 2435 2983 in
2471 2919 2637 3001 quod
2664 2919 2951 2984 voluntas
2979 2921 3186 2999 fertur
3251 3001 3256 3006 ι

721 3050 756 3083 «
786 3029 849 3088 et
867 3048 994 3090 non
1017 3027 1354 3091 secundum
1383 3023 1708 3088 vm-tcricde
1740 3024 2041 3087 obiectum
2070 3027 2266 3087 actus.
2300 3023 2463 3087 Hinc
2492 3024 2584 3100 fit,
2619 3024 2783 3105 quod
2808 3027 3185 3090 conscientia

718 3130 1216 3195 «invincibiliter
1262 3128 1614 3193 discordans
1662 3146 1698 3190 a
1743 3127 1881 3210 lege
1927 3126 2084 3210 liget
2130 3126 2228 3190 vel
2260 3128 2506 3190 excuset
2553 3126 2859 3191 actionem
2901 3147 2935 3191 a
2976 3128 3182 3211 culpa,

716 3255 751 3289 ‹
783 3233 1122 3297 secundum
1137 3233 1299 3314 quod
1334 3233 1522 3296 homo
1554 3229 1750 3294 credit
1781 3248 1918 3293 eam
1941 3227 2313 3293 conformari
2344 3228 2442 3291 vel
2468 3229 2693 3311 opponi
2715 3229 2841 3313 legi
2876 3233 3179 3304 aeternae,

716 3358 751 3392 ‹
784 3337 857 3398 ut
888 3336 1153 3399 habetur
1191 3354 1263 3398 ex
1310 3333 1522 3398 eodem
1570 3332 1627 3395 d.
1663 3331 1906 3396 Thoma
1952 3332 2015 3394 in
2066 3329 2351 3410 Quodlib.
2387 3331 2447 3394 8.
2483 3333 2601 3395 art.
2640 3333 2742 3396 15.
2776 3332 2919 3396 ubi:
2969 3333 3183 3396 Error

712 3459 748 3493 ‹
780 3436 1190 3498 conscientiae
1215 3434 1401 3498 hahet
1427 3435 1553 3496 vim
1575 3433 1939 3507 excusandi,
1973 3432 2223 3514 quando
2242 3432 2531 3512 procedit
2558 3454 2635 3496 etz:
2658 3435 3023 3515 {yn-orantia
3048 3438 3183 3500 eius

712 3560 747 3594 ‹
778 3536 946 3615 quod
986 3537 1129 3616 quis
1175 3537 1337 3598 scire
1385 3556 1512 3599 non
1545 3539 1756 3614 potest
1800 3535 1892 3598 rel
1938 3536 2097 3598 scire
2144 3556 2271 3598 non
2320 3539 2603 3612 tenebam·
2635 3541 2696 3600 et
2740 3538 2809 3599 in
2843 3537 2963 3600 tali
3007 3559 3180 3613 casu,

712 3663 747 3696 α
778 3639 1061 3718 quamvis
1090 3636 1327 3716 factum
1349 3639 1436 3700 sit
1458 3637 1531 3700 de
1554 3657 1618 3700 se
1643 3637 1925 3711 mormlc,
1955 3640 2161 3700 tame-n
2194 3636 2521 3700 intendens
2542 3657 2801 3717 peccare
2826 3639 3180 3714 venialiter,

713 3765 748 3799 ι
766 3743 1058 3820 peccaret
1084 3739 1434 3804 venialiter.
1469 3766 1505 3799 »

801 3867 836 3902 «
868 3842 1085 3923 Quoad
1117 3843 1487 3908 secundum:
1523 3844 1728 3926 posit-o
1770 3842 1936 3923 quod
1970 3843 2133 3907 actio
2167 3842 2605 3907 conformanda
2638 3843 2720 3906 sit
2752 3844 3006 3928 regulae
3044 3864 3179 3929 pro-

711 3974 748 4010 «
778 3951 977 4016 ximae
1015 3970 1122 4016 seu
1154 3950 1581 4028 conscientiae,
1630 3951 1840 4024 hom0,
1874 3951 1948 4013 ut
1977 3949 2147 4013 licite
2180 3950 2486 4031 operetur,
2521 3948 2701 4014 debet
2746 3951 2997 4031 quidem
3044 3972 3176 4018 esse

710 4077 746 4112 «
774 4054 1095 4118 moraliter
1131 4056 1337 4117 certus
1375 4053 1450 4117 de
1474 4071 1587 4117 suo
1617 4051 1848 4116 iudicio
1880 4052 2152 4134 practico
2177 4051 2343 4133 quod
2376 4051 2459 4115 sit
2483 4051 2793 4116 conforme
2825 4052 2951 4136 legi
2986 4058 3175 4120 aeter-

709 4183 744 4217 «
774 4178 922 4230 nae:
950 4158 1155 4240 quoad
1180 4159 1478 4224 iudicium
1509 4179 1654 4225 vero
1682 4159 2136 4242 speculativum
2169 4159 2242 4223 de
2266 4159 2531 4223 veritate
2556 4158 2662 4236 rei,
2688 4178 2810 4224 non
2836 4163 3174 4244 requiritur

708 4285 742 4318 «
775 4262 848 4322 ut
878 4262 1065 4335 certo,
1100 4262 1204 4324 sed
1244 4262 1475 4325 sufficit
1506 4262 1670 4343 quod
1703 4261 2107 4344 probabiliter
2151 4263 2333 4343 putet
2370 4280 2500 4325 esse
2546 4261 2671 4346 legi
2704 4265 2991 4328 aeternae
3032 4284 3173 4331 con·

706 4387 740 4420 «c
771 4361 987 4438 forme,
1021 4362 1164 4426 licet
1212 4363 1592 4446 probabilius
1639 4363 1694 4426 ei
1733 4363 2021 4426 videatur
2069 4363 2442 4445 oppositum.
2484 4362 2646 4426 Hinc
2691 4364 2889 4441 miles,
2926 4368 3173 4433 etiamsi

705 4488 740 4522 ‹
773 4465 952 4545 putet
997 4465 1377 4545 probabilius
1423 4465 1656 4528 bellum
1705 4484 1835 4528 esse
1881 4464 2206 4540 iniustum,
2241 4464 2405 4546 quod
2453 4483 2664 4528 revera
2710 4466 3018 4532 iniustum
3067 4471 3166 4546 sit,

706 4590 739 4623 «
773 4584 891 4629 non
925 4569 1134 4648 peccat
1174 4567 1520 4642 militando,
1558 4567 1608 4630 si
1644 4567 1878 4650 pugnet
1924 4587 1995 4631 ex
2043 4571 2366 4649 praecepto
2415 4567 2513 4631 sui
2559 4568 2743 4652 regiS,
2784 4571 2856 4633 ut
2904 4570 3170 4636 habetur
