3529 5158
784 330 894 385 366
1308 345 1521 386 TnAcT.
1562 345 1650 384 ιιι.
1688 345 1776 384 nn
1812 344 2091 387 morene.
2129 344 2328 387 CAPUT
2364 344 2454 384 111.
2492 344 2636 385 Dua.
2675 344 2715 383 1.
2983 372 2990 379 .
3104 328 3253 405 [367]

1799 520 2070 586 CAPUT
2109 522 2225 586 III.

1267 684 1346 729 DE
1381 683 1569 743 MODO,
1606 683 1728 741 QUO
1761 683 2168 730 OBSERVANDA
2199 684 2358 731 SUNT
2388 683 2761 733 PRAECEPTA.

1885 843 2047 906 Dua.
2088 843 2136 905 Ι.

1450 970 1564 1035 An
1602 968 1867 1032 debeant
1900 967 2150 1047 impleri
2185 988 2262 1030 ea:
2292 969 2573 1032 caritate.

899 1124 1047 1176 XLV.
1092 1124 1340 1189 Respond.
1381 1125 1592 1175 Possunt
1628 1120 1821 1187 impleri
1859 1120 1964 1174 sine
2009 1119 2228 1183 caritate,
2270 1119 2364 1174 nisi
2411 1124 2535 1175 hanc
2570 1121 2619 1175 in
2666 1121 2941 1176 substantia
2982 1122 3245 1183 includant,

781 1220 829 1258 v.
856 1222 929 1270 gr.
959 1213 1273 1273 pracceptum
1314 1205 1590 1260 dilectionis
1631 1205 1736 1258 Dei.
1782 1204 1925 1257 Ratio
1962 1212 2053 1271 est,
2091 1204 2203 1269 quia
2242 1211 2427 1258 tantum
2468 1204 2765 1271 praecipitur
2803 1206 3078 1260 substantia
3106 1214 3245 1261 aetus

779 1290 957 1345 inclusi
980 1292 1028 1344 in
1059 1299 1339 1359 praecepto,
1367 1306 1415 1343 v.
1443 1306 1514 1356 gr.
1544 1298 1595 1344 ut
1636 1294 1905 1344 honoretur
1942 1304 2136 1357 parenti,
2165 1304 2261 1343 nou
2302 1295 2463 1343 autem
2499 1288 2611 1343 finis
2647 1298 2728 1342 aut
2767 1292 2943 1343 modus
2981 1290 3245 1357 praecepti,

792 1386 842 1431 ut
868 1381 1070 1431 docets.
1093 1381 1267 1431 Tuom.
1296 1380 1340 1430 1.
1363 1382 1410 1431 2.
1429 1394 1476 1443 q.
1508 1380 1626 1430 100.
1651 1392 1693 1428 a.
1725 1379 1807 1429 10.
1831 1375 2228 1429 lnterimcertum
2254 1380 2344 1438 cst,
2372 1390 2556 1441 requiri
2580 1375 2827 1429 caritatem
2849 1391 2898 1429 ιιι
2927 1382 3180 1442 operante,
3198 1385 3243 1430 ut

786 1462 1008 1530 impletio
1035 1463 1282 1529 praecepti
1307 1463 1370 1516 sit
1395 1462 1660 1525 meritoria,
1678 1461 1816 1515 iuxta
1835 1462 2028 1514 illudi
2050 1462 2165 1517 Cor.
2191 1463 2271 1514 13.
2295 1459 2357 1514 Si
2380 1460 2589 1530 linquis
2613 1460 2901 1516 hominum
2929 1460 3134 1532 loquar
3153 1470 3243 1517 etc.

783 1552 835 1602 S.
860 1551 1036 1602 Τιιοιιι.
1063 1548 1183 1602 ibid.
1210 1564 1256 1614 q.
1287 1550 1404 1602 114.
1433 1564 1478 1601 a.
1508 1550 1554 1601 4.
1581 1551 1721 1601 Suar.
1747 1548 1927 1601 sancti.
1959 1549 2005 1599 1.
2032 1547 2173 1602 Mor.
2201 1562 2245 1599 c.
2278 1548 2363 1599 14.

872 1668 1045 1742 367.
1080 1672 1244 1735 Bene
1271 1671 1637 1753 principium
1671 1669 1982 1751 quoddam
2014 1669 2297 1753 generale
2330 1669 2416 1732 sic
2447 1667 2737 1751 proponit
2767 1667 3038 1733 Sanchez
3071 1669 3239 1733 Mor.

781 1774 888 1838 lib.
934 1775 990 1837 1.
1031 1794 1163 1857 cap.
1209 1776 1310 1837 14.
1346 1795 1405 1836 n.
1451 1775 1539 1837 1.:
1583 1799 1616 1830 ‹<
1649 1772 1737 1835 Ex
1771 1791 1819 1835 s,
1855 1772 2095 1835 Thema
2125 1771 2293 1855 leges
2340 1772 2647 1835 humanae
2684 1772 3076 1855 praecipiunt
3110 1774 3243 1837 sub-

783 1877 1084 1939 stantiam
1118 1876 1313 1949 actus
1350 1894 1471 1939 non
1501 1874 1778 1949 modum,
1814 1873 1930 1937 nisi
1968 1872 2188 1937 modus
2221 1874 2305 1937 sit
2336 1873 2409 1937 de
2431 1873 2764 1938 intrinseca
2794 1875 3039 1940 ratione
3072 1877 3241 1941 actus

781 1977 1118 2041 secundum
1143 1997 1207 2041 se
1232 1980 1294 2041 et
1325 1978 1512 2060 prout
1536 1976 1703 2041 cadit
1735 1977 1849 2040 sub
1880 1976 2035 2059 lege,
2072 1976 2145 2039 ut
2169 1974 2432 2040 attentio
2467 1975 2676 2056 aliqua
2708 1977 2803 2040 est
2833 1976 2907 2040 de
2945 1978 3239 2042 orationis

782 2078 1050 2143 essentia
1087 2081 1150 2144 et
1187 2080 1432 2144 dilectio
1474 2080 1586 2143 Dei
1624 2098 1808 2162 super
1846 2079 2053 2143 omnia
2091 2080 2187 2143 est
2224 2078 2591 2142 intrinsecus
2620 2078 2903 2143 caritatiS
2934 2080 3160 2145 modus
3184 2106 3235 2142 ».

872 2184 1169 2248 Doctrina
1194 2203 1242 2247 s,
1271 2184 1563 2261 Thomae‚
1592 2184 1670 2247 ab
1692 2184 1767 2246 A.
1798 2182 2055 2265 allegati
2078 2182 2164 2245 sic
2188 2200 2252 2245 se
2289 2181 2479 2244 habet
2514 2182 2568 2243 1.
2597 2182 2657 2243 2.
2692 2199 2752 2261 q.
2782 2181 2930 2244 100.
2959 2184 3081 2246 art.
3114 2184 3236 2246 10.:

786 2310 823 2345 «
848 2285 1112 2365 Quidam
1145 2287 1430 2350 dixerunt
1462 2287 1763 2363 absolute,
1796 2284 2053 2348 modum
2086 2284 2367 2347 caritatis
2399 2301 2529 2347 esse
2560 2283 2676 2346 sub
2700 2285 3094 2367 praecepto...
3119 2285 3237 2349 Alii

780 2408 924 2453 vero
964 2390 1268 2469 dixerunt,
1318 2390 1482 2472 quod
1531 2389 1779 2453 omnino
1826 2388 2046 2452 modus
2080 2386 2361 2451 caritatis
2392 2404 2515 2450 non
2546 2386 2712 2450 cadit
2742 2386 2859 2450 sub
2896 2390 3235 2471 praecepte.

777 2491 1044 2574 Utrique
1078 2495 1289 2555 autem
1327 2491 1632 2572 quantum
1667 2490 1742 2554 ad
1777 2489 2030 2573 aliquid,
2067 2509 2281 2553 verum
2319 2488 2623 2553 dixerunt.
2656 2489 2851 2553 Actus
2885 2490 3052 2555 enim
3089 2491 3236 2556 cari-

778 2596 930 2659 tatis
964 2596 1293 2677 dupliciter
1316 2594 1686 2659 considerari
1711 2594 1934 2675 potest.
1964 2593 2101 2658 Uno
2126 2592 2310 2658 modo
2330 2592 2665 2658 secundum
2688 2593 2855 2674 quod
2870 2595 2971 2658 est
2990 2594 3234 2676 quidam

780 2698 958 2760 actus
1007 2717 1112 2779 per
1161 2717 1223 2761 se
1256 2699 1318 2759 et
1350 2698 1465 2760 hoc
1503 2695 1685 2759 modo
1725 2695 1891 2758 cadit
1922 2695 2037 2758 sub
2069 2695 2392 2778 praecepto
2430 2694 2605 2780 legi8‚
2640 2694 2805 2777 quod
2843 2694 2917 2759 de
2953 2696 3076 2761 hoc
3119 2716 3236 2780 spe·

781 2798 1022 2862 cialiter
1046 2799 1250 2872 datur,
1279 2798 1407 2860 scil.
1436 2796 1687 2878 Diliyes
1721 2795 2063 2859 Dominum
2085 2795 2291 2860 Deum
2320 2802 2489 2860 tuum
2522 2798 2584 2861 et
2614 2795 2866 2879 Diliyes
2877 2801 3234 2878 proximum

785 2904 958 2962 tuum
989 2901 1053 2963 et
1084 2901 1390 2982 quantum
1424 2899 1496 2962 ad
1524 2899 1640 2964 hoc
1663 2899 1847 2981 primi
1873 2918 2087 2962 verum
2118 2899 2465 2963 dixerunt...
2492 2899 2633 2963 Alio
2659 2899 2841 2964 modo
2874 2903 3087 2982 potest
3109 2921 3234 2966 con-

779 3002 1036 3067 siderari
1061 3004 1238 3067 actus
1263 3002 1563 3079 caritatiS,
1599 3001 1935 3065 secundum
1960 3001 2122 3082 quod
2155 3003 2249 3064 est
2279 3000 2498 3066 modus
2537 3003 2790 3065 actuum
2824 3002 3096 3067 aliarum
3125 3003 3234 3067 vir-

778 3108 1010 3182 tutum,
1044 3101 1162 3169 hbe
1200 3107 1311 3182 est,
1351 3104 1685 3168 secundum
1719 3103 1885 3185 quod
1918 3105 2095 3167 actus
2128 3103 2393 3167 aliarum
2417 3102 2727 3167 virtutum
2759 3103 3127 3169 ordinantur
3162 3103 3231 3168 ad

775 3207 1123 3286 caritatem,
1166 3227 1322 3289 quae
1362 3208 1455 3271 est
1497 3206 1635 3270 finis
1667 3205 2040 3289 praecepti...
2073 3204 2156 3267 Et
2185 3204 2300 3268 hoc
2330 3203 2514 3268 modo
2553 3224 2767 3268 verum
2799 3207 2912 3282 est,
2949 3205 3113 3288 quod
3144 3225 3231 3269 se-

778 3309 962 3372 cundi
993 3309 1298 3384 dixerunt,
1333 3308 1498 3390 quod
1528 3308 1750 3373 modus
1784 3307 2064 3370 caritatis
2102 3325 2222 3370 non
2254 3307 2419 3370 cadit
2451 3306 2565 3370 sub
2602 3308 2959 3391 praecepto:
2995 3309 3111 3374 hoc
3145 3310 3231 3372 est

774 3411 1031 3487 dictum,
1073 3412 1237 3491 quod
1277 3412 1337 3473 in
1370 3412 1486 3475 hoc
1523 3412 1867 3494 praecepto,
1911 3409 2177 3474 Honora
2198 3415 2466 3490 patrem,
2514 3430 2635 3476 non
2673 3412 3036 3489 includitur,
3075 3411 3229 3495 quod

776 3513 1114 3576 honoretur
1145 3515 1321 3595 pater
1353 3533 1423 3575 ex
1448 3514 1726 3584 caritate,
1768 3512 1869 3576 sed
1904 3513 2108 3577 solum
2132 3513 2296 3595 quod
2319 3515 2656 3578 honoretur
2687 3515 2895 3597 pater3
2938 3515 3099 3579 unde
3130 3515 3233 3598 qui

777 3614 1044 3678 honorat
1075 3614 1334 3696 patrem,
1374 3615 1522 3678 licet
1551 3634 1671 3679 non
1709 3615 1939 3678 habeat
1975 3615 2319 3693 caritatem,
2359 3635 2481 3680 non
2513 3616 2778 3681 efficitur
2818 3619 3234 3702 transgressor

778 3717 964 3781 huius
1011 3719 1339 3801 praecepti,
1390 3718 1553 3800 quod
1601 3720 1694 3782 est
1739 3718 1813 3781 de
1861 3720 2004 3782 actu
2052 3719 2353 3796 caritatiS‚
2387 3722 2635 3802 propter
2681 3739 2869 3801 quam
2902 3721 3235 3806 transgres-

774 3820 1009 3886 sionem
1041 3821 1313 3884 meretur
1349 3840 1609 3903 poenam
1639 3849 1700 3883 ».

868 3921 1158 3988 Ceterum
1185 3924 1244 3987 in
1272 3924 1452 3987 tract.
1495 3923 1568 3985 de
1600 3923 1870 3986 Actibus
1901 3922 2194 3986 humanis
2224 3943 2258 3988 a
2291 3945 2349 3988 n.
2390 3925 2535 3988 119.
2576 3925 2699 3988 iam
2733 3924 3020 4000 vidimus
3056 3944 3236 4008 oppo-

776 4026 967 4089 sitam
999 4025 1344 4090 doctrinam
1383 4025 1571 4089 fuisse
1617 4026 2069 4091 haereticorum
2116 4029 2178 4090 et
2223 4046 2293 4091 eo
2344 4026 2660 4105 adducere,
2709 4029 2783 4090 ut
2816 4026 3021 4091 omnia
3054 4045 3235 4110 opera

779 4126 1121 4191 infidelium
1154 4130 1214 4190 et
1247 4129 1640 4210 peccatorum
1678 4127 1932 4192 dicenda
1969 4129 2096 4193 sint
2127 4132 2396 4212 peccata,
2430 4131 2494 4193 et
2523 4130 2673 4194 haec
2702 4128 2997 4194 damnata
3034 4132 3151 4193 est.

868 4228 1081 4306 Quoad
1116 4229 1407 4294 ultimam
1439 4232 1680 4312 partem
1726 4229 1800 4294 de
1837 4232 2201 4296 necessitate
2232 4232 2513 4296 caritatis
2546 4231 2623 4295 ad
2653 4230 3035 4295 meritoriam
3085 4230 3240 4316 legis

777 4329 1288 4408 observationem,
1344 4334 1408 4395 1ο
1447 4332 1644 4394 recole
1691 4332 1842 4396 alibi
1887 4333 2052 4397 dicta
2098 4334 2159 4397 in
2208 4335 2391 4397 tract.
2438 4332 2512 4396 de
2558 4332 2826 4396 Actibus
2871 4331 3168 4396 humanis
3204 4353 3235 4395 a

773 4451 833 4493 n.
874 4433 1050 4496 122:
1083 4435 1151 4496 2⁰
1177 4434 1427 4515 explica,
1463 4453 1585 4516 quo
1612 4453 1794 4498 sensu
1819 4435 2003 4500 homo
2029 4435 2192 4498 nihil
2223 4435 2307 4499 sit
2336 4435 2466 4500 sine
2488 4435 2768 4511 caritate,
2803 4432 3089 4498 videlicet
3113 4455 3233 4500 non

769 4537 1032 4615 prosunt
1064 4553 1249 4617 opera
1282 4534 1357 4598 ad
1398 4537 1739 4617 praemium
1780 4537 1945 4602 vitae
1978 4539 2260 4602 aeternae
2291 4538 2405 4602 etc.
