3529 5158
701 395 811 451 504
1097 413 1306 455 rnAc'r.
1343 416 1426 456 rv.
1464 416 1550 454 mc
1586 412 1892 454 raecum.
1932 411 2131 453 capu-r
2166 411 2206 452 1.
2245 411 2387 452 mm.
2427 410 2494 450 11.
2532 410 2669 450 Art-r.
2709 411 2773 450 11.
3029 396 3176 472 [549]

702 508 879 573 dacio
928 511 1057 575 sine
1106 510 1490 576 advertentia
1538 511 1851 595 prolat0...
1901 508 2088 572 Ratio
2144 510 2259 584 est,
2308 508 2456 589 quia
2503 508 2894 572 mendacium
2942 508 3172 590 absque

703 611 1089 676 advertentia
1123 614 1440 696 prolatum
1473 634 1594 679 non
1628 613 1808 677 affert
1839 630 2048 676 secum
2071 610 2471 674 intrinsecam
2506 609 2921 674 odibilitatem
2954 610 3020 674 et
3048 629 3175 675 ma-

699 712 925 792 litiam,
961 715 1127 779 sicut
1170 715 1560 780 mendacium
1599 715 1862 780 scienter
1909 714 2243 796 prolatum,
2279 712 2445 794 quod
2482 713 2534 775 si
2575 712 2809 788 liceret,
2849 711 3174 776 tolleretur

697 814 849 879 fides
889 816 955 880 in
1001 818 1276 883 humano
1308 819 1694 883 commercio,
2215 893 2218 904 .

791 920 948 987 Cum
988 926 1200 988 antem
1231 925 1414 989 Azor.
1442 946 1501 1008 p.
1534 925 1590 988 1.
1617 924 1725 988 lib.
1754 925 1815 988 4.
1852 943 1985 1006 cap.
2020 924 2080 985 6.
2109 943 2166 1004 q.
2197 924 2256 986 9.
2285 924 2348 986 et
2379 921 2722 1006 Roncaglia
2756 922 2833 985 tr.
2863 923 2924 984 2.
2952 940 3087 1004 cap.
3108 924 3166 985 3.

698 1044 757 1107 q.
795 1029 855 1090 5.
893 1047 929 1090 a
962 1047 1009 1092 s.
1044 1029 1229 1111 Alph.
1265 1028 1542 1112 allegati,
1578 1028 1650 1091 de
1698 1029 1830 1092 sola
1870 1027 2066 1110 prima
2102 1026 2519 1090 distinctionis
2550 1025 2926 1108 praemissae
2973 1027 3167 1107 parte,

698 1128 861 1193 idest
898 1130 970 1193 de
1020 1150 1198 1213 opere
1245 1130 1581 1194 secundum
1614 1150 1697 1205 se,
1732 1132 1806 1194 ut
1837 1150 1907 1194 ex
1939 1129 2287 1195 rationibus
2334 1147 2441 1211 per
2487 1146 2590 1193 eos
2640 1126 2851 1202 allatis
2884 1127 3061 1208 patet
3092 1127 3171 1190 le·

694 1230 890 1314 genti,
925 1231 1262 1314 disputent,
1298 1252 1373 1296 ne
1405 1233 1524 1315 ipsi
1556 1232 1804 1313 quidem
1836 1232 2132 1296 contrarii
2170 1230 2451 1296 censendi
2484 1232 2648 1295 sunt.

789 1331 966 1411 Quod
1000 1354 1142 1399 vero
1175 1337 1318 1419 post
1350 1334 1692 1419 Roncaglia
1724 1334 1875 1397 dicit
1907 1353 1954 1398 s.
1990 1333 2174 1417 Alph.
2201 1333 2371 1411 ibid.,
2413 1333 2786 1397 sententiam
2817 1351 3001 1396 suam
3032 1351 3168 1396 con·

694 1436 930 1499 firmari
969 1456 1039 1501 ex
1092 1439 1193 1501 15.
1233 1438 1396 1503 inter
1440 1438 1907 1520 Propositiones
1956 1436 2033 1499 ab
2079 1436 2289 1500 Innoc.
2329 1436 2440 1499 XI.
2479 1436 2827 1512 damnatae,
2863 1454 2936 1498 ea
2984 1435 3059 1499 de
3103 1455 3165 1499 re

695 1539 881 1620 paulo
931 1542 1073 1622 post
1122 1559 1377 1624 agemus
1425 1541 1489 1603 et
1535 1540 1792 1623 patebit,
1846 1539 2034 1603 aliam
2080 1557 2325 1619 quoque
2371 1539 2569 1602 inesse
2615 1537 2711 1600 illi
2757 1537 3163 1620 propositioni

693 1640 1112 1706 damnationis
1151 1662 1423 1707 causam.

783 1739 960 1814 549.
1011 1744 1227 1824 Quoad
1275 1745 1622 1828 exemplum
1676 1745 1753 1808 ab
1801 1745 2070 1807 Auctore
2119 1746 2182 1807 et
2229 1742 2368 1806 aliis
2417 1743 2682 1806 allatum
2729 1741 2804 1804 de
2862 1744 3160 1806 nocturna

692 1845 1056 1927 pollutione,
1085 1848 1235 1911 haec
1267 1848 1455 1912 habet
1486 1867 1535 1910 s.
1562 1847 1836 1910 Thomas
1871 1847 1931 1909 in
1966 1846 2025 1908 4.
2054 1845 2197 1908 dist.
2226 1847 2286 1908 9.
2321 1865 2379 1927 q.
2420 1846 2476 1907 1.
2506 1847 2623 1908 art.
2659 1846 2721 1907 4.
2757 1862 2874 1924 q.a
2911 1844 2970 1906 1.
2999 1842 3077 1906 ad
3102 1845 3158 1906 5.

688 1949 916 2030 quibus
948 1950 1375 2030 quaestionem
1410 1950 1577 2014 omni
1611 1969 1681 2013 ex
1720 1951 1896 2031 parte
1934 1948 2142 2012 solvit.
2184 1945 2343 2011 Cum
2375 1948 2538 2010 enim
2571 1946 3014 2030 praemisisset,
3042 1964 3159 2009 non

692 2069 868 2133 posse
915 2052 1227 2116 hominem
1274 2053 1338 2115 in
1386 2071 1600 2115 somno
1650 2070 1897 2134 peccare
1944 2069 2141 2132 neque
2187 2051 2433 2127 mereri3
2470 2051 2614 2130 quia
2664 2052 2813 2113 tunc
2858 2048 3158 2113 iudicium

691 2153 955 2217 rationis
1004 2174 1124 2218 non
1174 2157 1268 2218 est
1295 2155 1580 2232 liberum,
1616 2153 1853 2218 subdit:
1889 2179 1922 2212 <‹
1957 2153 2173 2217 Potest
2221 2157 2429 2219 tamen
2470 2154 2845 2236 contingere,
2882 2152 3049 2234 quod
3096 2153 3156 2215 in

682 2253 821 2338 ipsa
860 2256 1260 2341 evigilatione
1292 2258 1613 2340 peccatum
1660 2256 1919 2331 oriatur,
1956 2254 2260 2337 siquidem
2309 2255 2574 2337 pollutio
2595 2258 2862 2334 propter
2899 2254 3155 2319 delecta-

686 2357 919 2422 tionem
967 2361 1237 2442 placeat;
1281 2360 1445 2441 quod
1484 2359 1732 2441 quidem
1780 2357 1898 2422 erit
1945 2356 2183 2421 veniale
2221 2359 2561 2439 peccatum,
2598 2356 2649 2420 si
2697 2357 2780 2419 sit
2827 2375 2898 2421 ex
2949 2357 3155 2421 subre-

687 2459 898 2542 ptione
945 2462 1092 2525 talis
1124 2461 1452 2544 placentia,
1486 2460 1750 2525 mortale
1800 2462 2030 2535 autem,
2071 2460 2120 2523 si
2157 2459 2240 2522 sit
2271 2479 2414 2522 eum
2444 2458 2821 2523 deliberante
2853 2477 3152 2524 consensu

684 2565 749 2627 et
780 2564 1103 2648 praecipue
1134 2586 1277 2629 cum
1317 2564 1597 2647 appetitu
1635 2561 1853 2627 futuri.
1889 2564 2018 2626 Ista
2053 2564 2264 2626 autem
2303 2561 2608 2645 placentia
2646 2578 2769 2626 non
2800 2559 2959 2626 facit
2988 2581 3155 2645 prae-

682 2666 938 2730 teritam
984 2667 1393 2750 pollutionem
1440 2668 1798 2749 peccatum;
1849 2666 1994 2747 quia
2042 2666 2237 2749 ipsius
2284 2684 2470 2728 causa
2518 2684 2637 2729 non
2701 2667 2814 2739 est,
2867 2665 2976 2728 sed
3023 2667 3152 2748 ipsa

685 2767 1049 2851 (placentia)
1074 2769 1137 2832 in
1174 2788 1240 2834 se
1271 2772 1591 2853 peccatum
1630 2771 1743 2832 est.
1780 2766 1844 2831 Si
1878 2770 2088 2832 autem
2121 2768 2362 2851 placeat
2394 2769 2465 2832 ut
2506 2770 2764 2831 naturae
2796 2770 3151 2834 exoneratio

684 2870 783 2934 vel
816 2871 1153 2949 alleviatio,
1187 2872 1507 2955 peccatum
1541 2890 1662 2935 non
1695 2870 1966 2935 creditur
1999 2896 2058 2934 ».

770 2973 987 3053 Quoad
1021 2975 1286 3057 primam
1316 2976 1558 3056 partem
1588 2973 1776 3037 huius
1814 2973 2128 3037 doctrinae
2165 2975 2336 3038 nulla
2377 2976 2470 3038 est
2509 2974 2847 3039 difficultas
2888 2978 3006 3040 aut
3037 2976 3151 3040 dis-

681 3076 881 3141 sensio
915 3077 1076 3141 inter
1122 3077 1281 3152 DD.,
1316 3096 1533 3159 nempe
1566 3075 1804 3160 peccari
1845 3076 1922 3139 ab
1955 3095 2026 3140 eo
2059 3075 2325 3157 (leviter,
2361 3077 2412 3140 si
2451 3095 2520 3141 ex
2561 3077 2981 3160 subreptione,
3015 3098 3149 3164 gra-

676 3179 854 3257 viter,
882 3180 935 3242 si
960 3199 1031 3243 ex
1055 3179 1544 3263 deliberatione),
1572 3180 1679 3261 qui
1710 3180 1983 3263 gaudeat
2015 3179 2088 3242 de
2119 3179 2335 3244 habita
2368 3180 2482 3244 tali
2515 3181 2860 3263 pollutione
2883 3186 3146 3262 propter

676 3283 877 3363 apcius
913 3284 1394 3349 delectationem.

766 3384 902 3464 Qua
949 3387 1020 3451 de
1058 3406 1122 3450 re
1161 3387 1338 3471 Lugo
1372 3388 1475 3450 cit.
1510 3387 1665 3470 disp.
1706 3388 1805 3450 16.
1841 3407 1900 3451 11.
1937 3389 2118 3452 389.:
2162 3414 2196 3447 «
2228 3388 2366 3453 Non
2402 3393 2607 3454 tamen
2656 3390 2803 3455 licet
2852 3391 3144 3458 delectari

676 3486 750 3551 de
781 3488 1123 3569 pollutione
1155 3489 1217 3551 in
1256 3508 1471 3554 somno
1505 3490 1717 3554 habita
1752 3492 2004 3573 propter
2037 3491 2443 3573 voluptatem,
2477 3511 2664 3573 quam
2700 3495 2952 3571 attulit;
2993 3496 3140 3576 quia

673 3589 803 3653 iam
836 3591 985 3653 tunc
1013 3590 1280 3672 ipsamet
1311 3590 1640 3657 delectatio
1673 3593 2009 3657 secundum
2042 3612 2105 3657 se
2145 3596 2554 3677 opponeretur
2584 3596 2866 3662 castitati
2892 3601 3142 3682 propter

670 3692 929 3769 malum,
966 3692 1129 3774 quod
1164 3712 1370 3757 secum
1405 3693 1581 3758 affert
1605 3694 1749 3776 (hoc
1782 3697 1894 3769 est,
1931 3694 2096 3777 quod
2136 3696 2227 3759 ait
2264 3715 2311 3759 s.
2347 3697 2650 3762 Thomas:
2679 3698 2822 3777 ipsa
2852 3700 2924 3763 in.
2957 3719 3022 3763 se
3054 3703 3148 3764 est

779 3798 986 3859 catum
1052 3820 1111 3859 ».

652 3813 838 3962 pecEt
863 3797 1110 3964 Lesgius
1143 3897 1218 3961 de
1249 3897 1409 3962 Iust.
1438 3902 1500 3962 et
1521 3899 1657 3962 Ιιιν.
1692 3900 1798 3963 lib.
1836 3903 1896 3963 4.
1931 3920 2062 3983 cap.
2093 3901 2152 3964 3.
2189 3923 2246 3964 n.
2283 3901 2458 3963 104.:
2493 3925 2527 3959 «
2562 3900 2770 3965 Gausa-
2803 3902 3143 3985 volupazazs

672 4004 848 4068 nullo
895 4001 1079 4067 modo
1126 4002 1373 4066 licitum
1421 4003 1515 4067 est
1551 4002 1725 4066 illam
1758 4003 2224 4085 (pollutionem)
2263 4003 2605 4069 desiderare
2652 4007 2767 4070 aut
2795 4006 2873 4070 de
2910 4027 2986 4072 ea
3017 4010 3141 4074 iam

669 4104 836 4170 facta
883 4105 1172 4189 gaudere,
1214 4104 1460 4169 etiamsi
1509 4104 1639 4169 sine
1677 4106 1858 4188 culpa
1893 4104 2212 4169 accideret.
2247 4103 2594 4170 Consensus
2642 4108 2807 4172 enim
2855 4110 2918 4173 in
2969 4112 3140 4176 illam

666 4207 1139 4272 delectationem
1172 4206 1507 4271 secundum
1541 4226 1749 4271 omnes
1791 4208 2088 4273 Doctores
2121 4211 2214 4272 est
2246 4211 2565 4291 peccatum
2613 4211 2882 4275 mortale
2915 4238 2978 4276 ›.

754 4305 930 4379 550.
957 4310 1185 4391 Aliqua
1218 4308 1554 4373 difficultas
1580 4311 1675 4373 est
1698 4310 1760 4374 in
1798 4313 2106 4394 postrema
2141 4314 2316 4393 parte
2343 4312 2551 4376 textus
2575 4330 2624 4375 s.
2651 4313 2952 4390 Thomae,
2981 4335 3137 4398 quae

658 4412 985 4476 confirmat
1031 4413 1321 4476 Auctoris
1361 4413 1731 4477 sententiam
1764 4413 1837 4477 de
1886 4433 2065 4496 opere
2112 4414 2297 4488 malo,
2332 4414 2407 4477 de
2446 4433 2568 4495 quo
2621 4415 2808 4479 liceat
2838 4414 3136 4482 delectari

666 4514 744 4579 ob
777 4513 1010 4578 bonum
1041 4516 1345 4586 effectum,
1382 4513 1432 4577 si
1466 4513 1702 4577 factum
1744 4516 1875 4578 sine
1908 4514 2088 4597 culpa
2127 4515 2336 4580 fuerit.
2373 4516 2540 4580 Dicit
2572 4517 2766 4581 enim:
2802 4517 2856 4581 si
2893 4520 3138 4601 placeat

662 4613 1011 4699 (pollutio),
1045 4618 1118 4680 ut
1155 4616 1507 4679 exoneratio
1541 4617 1655 4679 etc.
