3529 5158
743 346 816 398 50
1273 358 1484 398 macr.
1527 358 1563 395 1.
1602 356 1687 394 ma
1726 354 1982 396 „ic-rmus
2020 354 2314 396 nunnius.
2353 354 2553 396 CAPUT
2591 355 2679 394 111.
3103 339 3211 414 [52]

740 457 967 521 habeat
1001 455 1459 519 excusationem
1497 453 1733 535 culpae,
1775 472 1822 514 S.
1858 451 2131 516 Thomas
2168 452 2233 514 in
2266 470 2324 531 q.
2361 453 2422 514 3.
2457 451 2531 512 de
2564 449 2748 512 Malo
2780 470 2837 514 a.
2874 451 2934 513 8.
2969 468 3092 514 non
3124 450 3213 513 lo-

740 559 956 639 quitur
980 556 1192 621 eodem
1217 557 1420 639 pacto,
1450 573 1520 618 ac
1544 555 1605 617 in
1629 554 1886 616 Semmta
1913 551 2267 633 theoloyiea.
2297 552 2459 616 Nam
2483 552 2684 635 priore
2709 553 2771 616 in
2795 552 2931 616 loco
2959 552 3206 616 scribit:

745 686 779 717 «
812 679 954 722 cum
1001 676 1147 742 ergo
1188 657 1414 738 aliquis
1448 657 1675 720 directe
1709 656 1849 720 vult
1896 657 2200 739 ignorare,
2234 657 2309 719 ut
2356 675 2391 718 a
2431 658 2680 737 peccato
2730 673 2836 736 per
2883 655 3209 719 scientiam

739 779 858 825 non
897 762 1270 835 retrahatur,
1308 759 1456 824 talis
1489 758 1844 841 ignorantia
1876 776 1998 822 non
2031 761 2282 822 excusat
2315 761 2636 840 peccatum
2684 777 2792 821 nec
2829 758 2892 821 in
2926 760 3063 822 toto
3098 777 3207 821 nec

739 865 801 928 in
851 867 1043 946 parte,
1095 864 1199 927 sed
1247 863 1451 945 magis
1500 865 1717 945 auget3
1769 881 1840 925 ex
1886 880 2115 943 magno
2163 861 2328 925 enim
2374 880 2582 925 amore
2629 861 2917 943 peccandi
2965 862 3213 925 videtur

739 967 1113 1049 contingere,
1150 965 1313 1046 quod
1361 965 1589 1045 aliquis
1627 965 2071 1028 detrimentum
2103 964 2395 1028 scientiae
2429 964 2567 1027 vult
2600 964 2753 1046 pati,
2789 965 2867 1028 ad
2898 964 3013 1028 hoc
3046 965 3211 1045 quod

739 1068 993 1131 liberius
1043 1070 1293 1149 peccato
1342 1066 1661 1130 inhaereat
1695 1092 1755 1129 ».
1796 1065 1931 1145 Quo
1981 1066 2116 1130 loco
2148 1085 2272 1129 non
2304 1066 2378 1129 de
2411 1069 2554 1129 actu
2603 1066 2919 1149 quopiam,
2953 1066 3058 1130 sed
3105 1086 3213 1149 ge—

743 1170 1009 1234 neratim
1047 1169 1120 1232 de
1158 1168 1326 1233 mala
1360 1169 1491 1232 vita
1523 1169 1696 1249 loqui
1728 1168 1974 1232 videtur
2007 1188 2054 1231 s,
2093 1169 2343 1232 Doctor.
2379 1168 2546 1231 Alibi
2593 1188 2736 1232 vero
2783 1169 2900 1233 hoc
2931 1172 3027 1233 est
3065 1171 3118 1232 1.
3149 1172 3209 1232 2.

742 1293 800 1353 q.
841 1273 941 1334 76.
978 1290 1034 1335 a.
1070 1272 1130 1333 4.
1168 1272 1286 1335 ait:
1329 1296 1364 1328 «
1398 1272 1545 1335 talis
1578 1272 1934 1353 ignorantia
1981 1270 2228 1332 videtwr
2259 1288 2485 1354 augere
2526 1271 2954 1334 voluntarium
2986 1275 3049 1334 et
3081 1290 3214 1352 pec-

741 1377 973 1437 catum.
1024 1374 1112 1436 Ex
1159 1373 1502 1437 intentione
1549 1373 1713 1437 enim
1760 1373 2105 1437 voluntatis
2154 1372 2232 1437 ad
2278 1371 2653 1455 peccandum
2700 1374 3002 1455 provenit,
3044 1374 3209 1454 quod

743 1475 970 1556 aliquis
1003 1476 1141 1540 vult
1173 1475 1377 1539 subire
1411 1476 1800 1557 ignorantiae
1832 1476 2149 1547 damnum,
2177 1478 2428 1557 propter
2452 1475 2808 1539 libertatem
2832 1477 3124 1557 peccandi
3146 1502 3207 1540 ».

743 1580 880 1641 Iam
911 1598 1054 1643 vero
1102 1597 1223 1642 non
1272 1578 1363 1641 ita
1410 1579 1559 1641 haec
1608 1580 1855 1660 oportet
1887 1578 2177 1659 accipere,
2214 1577 2394 1657 quasi
2426 1578 2747 1659 peccatum
2785 1597 2856 1641 ex
2889 1578 3005 1641 tali
3039 1579 3214 1661 igno-

741 1680 947 1744 rantia
995 1681 1250 1764 gravius
1297 1681 1382 1744 sit
1428 1684 1771 1763 peccatum,
1807 1699 1996 1761 quam
2033 1680 2088 1743 si
2120 1680 2351 1760 absque
2381 1680 2513 1743 ulla
2542 1679 2899 1762 ignorantia
2929 1681 3214 1745 commit·

743 1785 1006 1848 teretur:
1035 1783 1140 1848 sed
1165 1802 1237 1848 ea
1262 1782 1447 1846 verba
1473 1783 1828 1865 significant
1854 1783 2011 1845 hanc
2035 1782 2426 1846 voluntatem
2456 1782 2785 1865 ignorandi
2808 1801 2936 1847 esse
2959 1783 3212 1867 signum

743 1887 957 1969 magni
990 1886 1329 1950 voluntarii
1361 1885 1637 1967 (videtur
1667 1886 1820 1968 ait);
1857 1884 2003 1965 quia
2051 1884 2200 1948 haec
2246 1883 2600 1967 ignorantia
2635 1886 2729 1948 est
2761 1885 2988 1950 directe
3037 1888 3100 1949 et
3148 1886 3210 1949 in

748 2008 814 2052 se
839 1989 1214 2053 voluntaria.
1246 1989 1607 2071 Ignorantia
1639 1992 1871 2065 autem,
1907 1987 2152 2069 quando
2186 1988 2413 2052 directe
2437 1991 2500 2051 et
2525 1989 2700 2070 plene
2724 1989 2914 2053 libere
2938 1992 3208 2064 amatur,

749 2093 813 2153 et
858 2090 995 2171 ipsa
1032 2094 1127 2154 est
1174 2092 1495 2171 peccatum
1543 2110 1614 2154 ex
1658 2090 1925 2154 malitia.
1961 2090 2053 2152 Cf.
2089 2090 2313 2154 Suarez
2347 2092 2408 2154 in
2455 2092 2509 2153 1.
2548 2094 2606 2154 2.
2641 2095 2823 2156 tract.
2861 2096 2920 2156 5.
2955 2092 3112 2176 disp.
3148 2095 3208 2155 4.

742 2196 889 2257 sect.
930 2194 986 2255 1.
1022 2213 1080 2255 n.
1122 2193 1223 2255 13.
1265 2192 1563 2271 Quocirca
1612 2212 1659 2255 s.
1695 2193 1967 2256 Thomas
2014 2192 2165 2256 dicit
2211 2193 2634 2275 ignorantiam
2679 2213 2811 2257 esse
2858 2213 2929 2258 ex
2975 2213 3206 2279 magno

750 2314 958 2360 amore
995 2295 1283 2378 peccandi
1321 2296 1419 2359 vel
1459 2314 1529 2359 ex
1568 2295 1911 2358 intentione
1949 2295 2293 2358 voluntatis
2333 2294 2410 2357 ad
2449 2295 2839 2377 peccandum.

832 2396 1122 2463 Ceterum
1170 2417 1287 2462 non
1332 2416 1541 2462 omnes
1589 2397 1661 2460 de
1710 2397 1824 2461 hac
1873 2396 2158 2461 affectata
2220 2396 2575 2480 ignorantia
2624 2397 2836 2462 eodem
2883 2399 3067 2463 modo
3116 2400 3210 2464 lo·

743 2503 1020 2582 quuntur
1044 2519 1154 2564 nec
1178 2500 1392 2563 eodem
1417 2499 1601 2563 modo
1634 2499 2012 2581 loquendum
2036 2502 2130 2563 est
2154 2518 2263 2581 pro
2290 2500 2464 2563 varia
2488 2501 2746 2573 ratione,
2774 2520 2899 2583 qua
2922 2502 3210 2584 quaestio

741 2605 1127 2686 proponitur.
1156 2603 1441 2683 Namque
1473 2603 1574 2682 (ex
1606 2602 1832 2665 Suarez
1870 2603 1934 2665 in
1972 2604 2028 2665 1.
2058 2605 2116 2665 2.
2146 2606 2327 2667 tract.
2358 2605 2418 2666 2.
2444 2603 2600 2686 disp.
2629 2606 2688 2668 4.
2717 2609 2864 2669 sect.
2895 2607 2957 2670 2.
2983 2625 3023 2669 11
3072 2607 3211 2686 24.)

741 2707 797 2769 si
842 2705 1225 2787 comparatio
1273 2705 1386 2769 fiat
1431 2705 1592 2768 inter
1640 2705 1844 2768 varios
1891 2706 2282 2785 ignorantiae
2328 2707 2636 2770 vincibilis
2691 2709 2939 2789 species,
2990 2710 3211 2773 ceteris

741 2809 1011 2890 paribus,
1048 2827 1169 2889 quo
1210 2807 1410 2891 magis
1449 2826 1553 2871 rea
1602 2808 1956 2891 ignorantia
1996 2811 2089 2872 est
2127 2827 2234 2872 seu
2272 2828 2395 2891 quo
2434 2811 2636 2892 magis
2686 2813 2779 2874 est
2828 2811 3206 2876 voluntaria.
3255 2795 3267 2806 ²

739 2929 809 2975 eo
858 2911 1061 2994 magis
1109 2909 1310 2975 reddit
1358 2913 1569 2973 actum
1616 2908 2061 2974 voluntarium.
2113 2911 2275 2996 Ergo
2315 2912 2670 2993 ignorantia
2720 2912 3007 2977 affectata
3056 2914 3210 2978 facit

742 3012 946 3096 magis
983 3011 1410 3078 voluntarium
1445 3015 1674 3086 actum,
1703 3032 1893 3093 quam
1917 3032 2123 3077 crassa
2148 3019 2210 3077 et
2243 3015 2393 3078 haec
2430 3017 2630 3099 magis
2664 3035 2853 3096 quam
2884 3017 3209 3100 negligens

746 3115 1059 3178 communi
1098 3114 1301 3178 modo.

827 3215 891 3280 Si
930 3235 1072 3281 vero
1104 3218 1495 3298 comparetur
1527 3235 1668 3280 cum
1700 3219 1844 3280 actu
1885 3236 1954 3280 ex
1987 3217 2244 3282 scientia
2276 3218 2460 3292 facto,
2489 3220 2743 3301 planum
2776 3223 2889 3292 est,
2925 3221 3216 3304 ignoran-

740 3319 916 3392 tiam,
956 3317 1251 3383 indirecte
1283 3319 1531 3382 tantum
1570 3319 2012 3393 voluntariam,
2047 3320 2320 3384 minuere
2360 3322 2587 3404 potius,
2623 3342 2810 3404 quam
2849 3343 3077 3408 augere
3110 3345 3215 3390 vo-

741 3420 1121 3495 luntarium3
1163 3422 1301 3483 tum
1346 3422 1411 3482 1⁰
1442 3421 1588 3502 quia
1626 3422 1761 3504 ipsa
1797 3422 2171 3504 imperfecte,
2215 3425 2430 3506 utpote
2476 3424 2770 3490 indirecte
2810 3427 3081 3498 tantum.
3118 3433 3214 3492 est

744 3522 1116 3596 voluntaria,
1146 3524 1283 3586 tum
1309 3525 1377 3585 2ο
1401 3525 1546 3604 quia
1580 3525 1813 3588 minuit
1848 3526 2286 3606 coguitionem.
2313 3527 2617 3590 Affectata
2654 3547 2794 3592 vero
2829 3547 2950 3593 non
2983 3531 3212 3595 minuit

741 3622 990 3704 quidem
1030 3623 1473 3700 voluntarium,
1514 3627 1692 3706 quasi
1731 3627 1869 3708 ipsa
1907 3645 2028 3690 non
2069 3628 2153 3689 sit
2193 3628 2578 3696 voluntaria:
2620 3648 2764 3693 nam
2803 3633 3214 3713 supponimus

740 3749 871 3793 esse
910 3729 1138 3794 directe
1171 3750 1241 3794 ac
1278 3733 1456 3814 plene
1490 3733 1945 3796 voluntariam:
1988 3735 2196 3797 tamen
2231 3735 2320 3797 ita
2358 3737 2633 3800 minuere
2671 3741 2877 3821 potest
2909 3741 3215 3823 cognitio·

739 3852 899 3908 nem,
940 3835 1013 3897 ut
1051 3834 1492 3915 consequenter
1528 3836 1774 3897 minuat
1810 3835 2032 3898 saltem
2070 3839 2494 3920 contemptum
2542 3843 2604 3904 et
2645 3841 2865 3904 saltem
2906 3843 3096 3907 tollat
3135 3844 3212 3907 ab

737 3938 879 3999 actu
907 3937 1333 4000 voluntarium
1358 3937 1682 4000 directum.
1709 3937 1946 4014 Quibus
1972 3938 2046 4002 de
2071 3940 2273 4003 causis
2299 3961 2347 4003 s.
2375 3941 2812 4006 Bonaventura
2839 3947 2898 4006 2.
2925 3944 3073 4009 dist.
3103 3947 3207 4009 22.

734 4041 792 4101 2.
836 4042 978 4121 part
1011 4060 1064 4103 a.
1107 4040 1163 4104 1.
1205 4059 1263 4121 q.
1307 4041 1367 4101 3.
1403 4040 1613 4102 censet
1649 4039 1924 4104 minuere
1963 4042 2406 4106 voluntarium.

825 4137 948 4210 52.
991 4143 1196 4223 Atque
1236 4143 1385 4204 haec
1424 4160 1495 4204 ex
1535 4139 1780 4205 Suarez.
1824 4142 2000 4226 Lugo
2039 4146 2365 4217 consentit,
2407 4147 2513 4209 ubi
2552 4147 2642 4211 ait
2672 4149 2714 4211 1.
2755 4168 2842 4212 c.:
2893 4177 2926 4207 «
2954 4150 3212 4216 Addunt

731 4240 948 4324 aliqui,
988 4242 1412 4325 explicandam
1461 4243 1551 4324 (in
1603 4244 1984 4309 consessione
2034 4247 2296 4329 scilicet)
2342 4249 2782 4330 ignorantiam,
2817 4252 3066 4332 quando
3116 4259 3212 4319 est

732 4345 1023 4407 affectata
1065 4344 1139 4406 ad
1180 4343 1364 4407 finem
1411 4344 1665 4409 liberius
1708 4349 2015 4429 peccandi.
2058 4349 2232 4428 Quod
2267 4350 2515 4431 quidem
2563 4372 2778 4417 verum
2811 4357 2924 4428 est,
2961 4358 3211 4437 quando

734 4447 870 4509 ideo
911 4447 1141 4518 subest,
1170 4449 1243 4510 ut
1274 4447 1561 4522 diximus,
1590 4451 1930 4532 periculum
1964 4454 2250 4535 peccandi
2284 4454 2344 4516 in
2381 4455 2506 4518 alia
2537 4457 2763 4537 specie:
2789 4458 3038 4538 quando
3066 4480 3211 4525 vero

736 4565 857 4611 non
893 4551 987 4610 est
1019 4549 1145 4612 tale
1183 4550 1542 4631 periculum,
1572 4553 1675 4617 sed
1716 4554 2070 4638 ignorantia
2103 4558 2448 4633 affectatur,
2478 4578 2552 4621 116
2585 4560 2808 4624 notitia
2837 4565 3004 4625 certa
3039 4583 3189 4645 prae
