3529 5158
720 339 825 395 138
1341 353 1554 394 Tnacr.
1592 353 1657 393 11.
1695 353 1783 393 ΒΕ
1818 352 2232 396 conseminia,
2272 352 2469 394 oarn‘r
2503 352 2543 391 1.
3034 335 3182 411 [144]

719 454 842 529 bet,
877 451 1125 516 credens
1171 469 1309 516 eam
1355 470 1486 515 esse
1531 453 1763 515 rectam
1812 450 1997 531 (alias
2043 469 2164 515 non
2212 450 2446 514 erraret
2499 467 2608 513 nec
2651 448 3000 513 inhaereret
3043 467 3184 513 con-

719 555 1010 618 scientiae
1047 572 1334 619 erroneae
1381 555 1630 637 propter
1675 553 2129 629 rectitudinem,
2169 572 2359 635 quam
2402 551 2468 616 in
2514 569 2587 616 ea
2634 570 2765 615 esse
2801 550 3043 635 eredit),
3092 552 3181 615 in·

718 657 932 721 haeret
963 656 1211 738 quidem
1248 675 1355 739 per
1392 676 1455 721 se
1489 655 1796 739 loquendo
1826 658 2030 720 rectae
2061 654 2488 731 conscientiae,
2531 652 2635 718 sed
2672 673 2961 719 erroneae
2996 655 3178 737 quasi

704 779 827 838 per
856 759 1163 833 acm‘dens,
1195 761 1259 823 in
1299 760 1605 841 quantum
1628 759 1787 822 hanc
1818 758 2277 835 conscientiam,
2311 776 2499 839 quam
2532 756 2726 821 credit
2757 774 2888 821 esse
2923 759 3178 836 rectam,

718 860 1029 946 contingit
1073 881 1203 926 esse
1241 879 1578 927 erroneam.
1618 861 1701 924 Et
1738 861 1950 925 exinde
1982 862 2097 939 est,
2137 859 2303 942 quod
2341 878 2448 941 per
2494 878 2558 924 se
2603 857 2911 941 loquendo
2942 859 3181 944 ligatur

719 984 754 1028 a
802 964 1177 1028 conscientia
1223 965 1411 1041 recta,
1452 984 1560 1047 per
1590 963 1871 1027 accidens
1907 981 2053 1027 vero
2087 963 2166 1025 ab
2204 979 2458 1026 erronea
2498 987 2557 1024 ».

811 1061 970 1135 144.
1006 1064 1132 1130 Cur
1171 1084 1429 1149 operans
1453 1066 1669 1129 contra
1694 1065 2134 1130 conscientiam
2156 1063 2599 1129 invincibiliter
2621 1082 2941 1128 erroneam
2972 1065 3183 1145 peccet

719 1186 791 1230 ea
829 1168 1026 1250 specie
1057 1168 1311 1250 peccati,
1348 1186 1536 1248 quam
1570 1166 1988 1249 apprehendit,
2029 1166 2208 1231 facile
2245 1166 2436 1250 patet.
2472 1164 2659 1230 Ratio
2702 1184 2847 1229 vera
2885 1167 2997 1242 est,
3031 1163 3180 1246 quia

722 1269 867 1331 talis
915 1270 1010 1332 est
1045 1267 1420 1333 inordinatio
1460 1268 1825 1343 voluntatis,
1866 1268 2114 1350 qualem
2146 1269 2283 1351 ipsa
2313 1268 2480 1332 vult:
2521 1266 2713 1331 talem
2762 1268 2973 1331 autem
3021 1265 3179 1342 vult,

720 1371 968 1451 qualem
1001 1371 1434 1453 apprehendit;
1470 1371 1713 1453 quippe,
1750 1371 1824 1434 ut
1854 1370 2042 1434 habet
2073 1390 2122 1435 s,
2163 1370 2381 1435 Thom.
2411 1372 2471 1434 2.
2498 1370 2642 1434 dist.
2670 1370 2775 1433 39.
2803 1390 2862 1451 q.
2889 1369 2950 1433 3.
2978 1370 3095 1432 art.
3116 1369 3178 1432 3.

725 1496 761 1529 ‹<
795 1472 1104 1536 obiectum
1136 1472 1480 1536 voluntatis
1517 1474 1613 1537 est
1644 1472 1874 1537 bonum
1907 1472 2004 1536 vel
2035 1472 2292 1551 malum,
2331 1470 2670 1536 secundum
2705 1470 2872 1552 quod
2904 1474 3000 1534 est
3036 1470 3186 1532 inea»

718 1577 1005 1657 qe'mztum
1028 1575 1124 1639 vel
1146 1574 1525 1639 intellectum
1557 1602 1617 1640 ».
1659 1574 1952 1641 Confirm.
1980 1595 2050 1640 ex
2074 1594 2122 1639 s.
2151 1575 2390 1640 Thoma
2415 1575 2489 1639 de
2532 1575 2721 1639 Verte.
2752 1593 2810 1655 q.
2843 1574 2944 1637 17.
2973 1575 3091 1637 art.
3119 1575 3180 1636 4.

721 1679 797 1743 ad
831 1681 928 1744 9.:
970 1704 1003 1737 «
1030 1678 1287 1758 Quando
1325 1679 1699 1744 conscientia
1737 1697 1991 1743 erronea
2039 1677 2253 1757 dictat,
2296 1677 2530 1760 aliquid
2576 1676 2946 1754 faciendum,
2986 1676 3185 1740 dictat

720 1782 875 1845 illud
913 1782 1028 1845 sub
1060 1782 1270 1863 aliqua
1292 1782 1533 1846 ratione
1570 1781 1734 1857 boni,
1776 1781 1874 1844 vel
1907 1780 2087 1862 quasi
2119 1800 2273 1860 opus
2302 1781 2583 1844 iustitiae
2607 1780 2706 1844 vel
2740 1779 3185 1859 temperantiae

721 1887 784 1948 et
822 1884 908 1949 sic
954 1885 1028 1948 de
1075 1885 1214 1948 aliis
1254 1885 1319 1947 et
1348 1884 1485 1948 ideo
1519 1884 1940 1967 transgressor
1984 1883 2248 1947 incurrit
2294 1882 2356 1950 in
2401 1882 2629 1948 vitium
2675 1882 3058 1948 contrarium
3094 1880 3191 1945 illi

722 1987 962 2063 virtuti,
1004 1988 1118 2051 sub
1143 1988 1319 2051 cuius
1344 1986 1541 2070 specie
1573 1986 1946 2050 conscientia
1978 1984 2134 2049 illud
2166 1985 2396 2049 dictat:
2431 1986 2530 2049 vel
2560 1985 2614 2050 si
2652 1985 2850 2049 dictat
2878 1984 3037 2048 illud
3069 1985 3185 2048 sub

721 2091 918 2174 specie
948 2089 1140 2154 divini
1180 2089 1508 2172 praecepti,
1541 2089 1639 2152 vel
1673 2088 1938 2152 alicuius
1975 2087 2250 2151 Praelati
2275 2089 2543 2165 tantum,
2577 2088 2841 2153 incurrit
2862 2090 3185 2171 peccatum

719 2193 1187 2270 inobedientiae,
1227 2191 1666 2257 conscientiam
1697 2189 2156 2275 transgrediens
2182 2216 2243 2254 ».

809 2295 891 2358 Et
921 2295 1041 2358 huc
1079 2296 1318 2377 spectat
1354 2294 1638 2379 generale
1684 2292 1844 2356 illud
1882 2293 2137 2356 effatum
2177 2292 2450 2358 eiusdem
2490 2311 2538 2357 s.
2574 2292 2863 2358 Doctoris
2901 2291 2976 2355 de
3014 2290 3182 2357 Mal.

721 2420 778 2481 q.
815 2400 873 2461 9.
904 2399 1021 2462 art.
1056 2399 1116 2460 2.
1154 2397 1229 2461 ad
1268 2399 1404 2461 10.:
1449 2422 1483 2454 «
1516 2397 1587 2460 In
1633 2393 1977 2459 moralibus
2024 2394 2333 2458 obiectum
2379 2394 2708 2459 constituit
2751 2394 3016 2477 speciem
3062 2413 3185 2459 non

723 2500 1058 2565 secundum
1105 2500 1187 2575 id,
1236 2498 1401 2583 quod
1457 2501 1552 2562 est
1605 2496 1928 2560 materiale
1981 2497 2045 2560 in
2090 2497 2246 2579 ipso,
2297 2496 2400 2561 sed
2465 2497 2800 2562 secundum
2858 2496 3186 2560 formalem

720 2604 1026 2668 rationem
1074 2602 1297 2667 obiecti
1335 2627 1395 2664 ».
1431 2602 1522 2665 De
1570 2619 1691 2682 quo
1725 2601 1852 2664 iam
1898 2600 2184 2676 diximuS,
2234 2600 2342 2664 ubi
2387 2599 2461 2664 de
2507 2599 2865 2664 moralitate
2909 2600 3186 2664 Actuum

725 2707 1140 2771 humanorum
1173 2725 1275 2768 nn.
1313 2705 1417 2767 82.
1460 2705 1564 2767 83.

1092 2865 1200 2929 Ex:
1237 2865 1423 2929 dictis
1452 2864 1852 2929 resolvuntur
1881 2868 2203 2945 sequentes
2234 2862 2418 2928 casas
2449 2869 2510 2928 et
2544 2864 2801 2930 simile-3.

831 3030 905 3080 ΙΙΙ.
936 3029 982 3081 l.
1010 3014 1197 3080 Putans'
1228 3041 1336 3079 esse
1373 3023 1621 3087 ieiunium,
1659 3027 1855 3091 quando
1892 3040 1987 3079 non
2026 3032 2116 3089 est,
2161 3032 2328 3091 peccat
2367 3033 2538 3079 contra
2577 3025 2966 3093 temperantiam,
3009 3026 3052 3080 si
3091 3041 3184 3080 non

733 3113 931 3168 ieiunet.
958 3115 1010 3166 S.
1036 3115 1177 3166 Tom.
1206 3113 1237 3166 l.
1266 3127 1306 3165 c.

903 3204 951 3253 2.
978 3199 1032 3253 Si
1070 3196 1178 3264 quis
1215 3197 1476 3251 mentiatur
1514 3198 1573 3249 ad
1613 3196 1917 3250 liberandum
1947 3194 2225 3262 proximum
2263 3209 2324 3249 ex
2366 3196 2586 3263 periculo
2625 3196 2775 3263 vitae,
2817 3204 2997 3264 putans
3032 3212 3087 3252 se
3125 3213 3185 3251 ex

725 3284 1060 3339 misericordia
1097 3286 1157 3336 ad
1196 3283 1245 3336 id
1288 3282 1455 3347 teneri,
1484 3291 1645 3336 actum
1686 3285 1865 3334 bonum
1893 3281 2019 3347 facit,
2046 3280 2163 3334 etsi
2201 3296 2295 3335 non
2335 3282 2612 3347 mentiatur,
2641 3289 2809 3349 peccat
2843 3290 3015 3337 contra
3045 3283 3184 3337 mise-

727 3369 1005 3423 ricordiam.
1035 3371 1202 3433 Laym.
1230 3369 1262 3421 l.
1300 3371 1339 3420 l.
1367 3374 1504 3420 tract.
1542 3369 1583 3420 Ι.
1610 3383 1653 3419 c.
1684 3367 1729 3419 4.

904 3457 951 3505 3.
990 3453 1334 3516 Scrupulosus
1375 3451 1486 3504 licet
1523 3458 1658 3517 putet
1695 3450 2057 3504 involuntarias
2094 3451 2438 3506 distractiones
2479 3466 2586 3505 esse
2626 3459 2838 3518 peecata,
2880 3467 2975 3505 non
3017 3460 3178 3507 tamen

725 3545 892 3604 peceat
910 3552 926 3604 3
963 3537 1074 3602 quia
1116 3551 1209 3589 non
1248 3544 1360 3591 sunt
1398 3536 1595 3590 liberae.
1626 3538 1736 3589 Bec.
1766 3535 1815 3588 in
1849 3538 1892 3587 1.
1921 3540 1968 3589 2.
1993 3543 2048 3589 tr.
2077 3540 2120 3588 1.
2145 3552 2186 3589 c.
2209 3537 2255 3590 4.
2278 3553 2323 3603 q.
2357 3537 2684 3602 to.t.aym.1.
2706 3552 2749 3590 c.

817 3648 971 3724 145.
1013 3652 1306 3737 Synopsis
1346 3654 1537 3718 trium
1577 3653 2052 3718 resolutionimi.

906 3758 972 3819 1ο
1010 3755 1227 3836 Quoad
1265 3759 1585 3839 peccatum
1633 3756 1848 3820 contra
1897 3758 2372 3838 temperantiam
2412 3757 2488 3821 ob
2527 3756 2827 3821 iudicium
2859 3777 3184 3823 erroneum

723 3860 796 3925 de
831 3858 1046 3925 ieiunii
1086 3859 1484 3944 obligatione,
1526 3859 1687 3922 ratio
1726 3860 1902 3941 patet
1940 3878 2010 3922 ex
2048 3858 2229 3923 dictis
2262 3880 2321 3923 11.
2358 3879 2558 3942 praee.

904 3966 972 4026 2Ο
1010 3963 1187 4042 Quod
1224 3964 1456 4027 bonum
1487 3962 1686 4044 possit
1724 3981 1853 4026 esse
1890 3962 2139 4025 mentiri
2180 3965 2242 4027 et
2273 3963 2511 4026 malum
2545 3981 2664 4027 non
2707 3963 2979 4042 mentiri,
3015 3967 3190 4048 patet

724 4087 792 4131 ex
833 4068 1112 4131 doctrina
1150 4065 1469 4148 proposita
1500 4084 1558 4127 n.
1606 4065 1751 4126 142.
1915 4075 1918 4076 ’

903 4170 971 4229 3⁰
1008 4165 1185 4246 Quod
1234 4186 1375 4231 vero
1424 4185 1545 4230 non
1583 4167 1867 4248 peccetur
1914 4186 1983 4229 ex
2022 4185 2272 4231 erronea
2312 4168 2704 4240 conscientia,
2751 4169 2802 4233 si
2853 4171 3017 4235 actio
3070 4191 3186 4236 non

724 4271 807 4334 sit
836 4270 1050 4344 libera,
1076 4269 1251 4351 patet
1283 4289 1353 4332 ex
1384 4268 1678 4332 doctrinis
1703 4267 1777 4330 de
1805 4269 2071 4331 Actibus
2104 4268 2413 4334 leemmm's.
2441 4271 2636 4336 Actus
2661 4272 2822 4336 enim
2858 4292 2977 4337 non
3011 4275 3185 4351 liber,

726 4390 845 4435 non
880 4374 973 4434 est
1010 4371 1347 4446 humanus3
1389 4388 1535 4453 ergo
1574 4389 1683 4434 nec
1720 4389 1913 4453 capax
1945 4370 2243 4435 malitiae.

815 4473 990 4553 Quod
1023 4472 1353 4537 secundam
1385 4475 1625 4554 partem
1666 4474 1768 4535 2¹¹0
1806 4472 2220 4542 resolutionis,
2262 4493 2440 4539 nenio
2477 4476 2724 4539 dubitat
2749 4495 2997 4560 peccare
3023 4497 3166 4542 eum

726 4577 834 4660 qui
873 4576 1024 4639 facit
1062 4576 1278 4640 contra
1316 4574 1772 4638 conscientiam.
