3529 5158
706 326 811 381 122
1206 337 1415 379 mmor.
1454 339 1494 378 1.
1531 338 1618 378 nna
1653 335 1910 379 ACTIBUS
1948 336 2241 378 nonanus.
2290 336 2490 379 ouum·
2528 338 2659 379 vm.
3029 326 3174 401 [129]

703 438 834 514 illo,
868 456 992 519 quo
1032 438 1277 501 tenetur
1323 436 1533 499 actum
1580 451 1764 497 suum
1810 433 1876 496 in
1922 431 2107 498 finem
2152 406 2449 498 ultimum
2496 434 2754 511 referre3
2789 462 2850 513 »‚
2887 436 3174 503 videlicet

705 539 951 621 quando
991 539 1300 603 tenebitur
1338 537 1416 601 ad
1455 538 1667 599 actum
1705 536 1990 600 caritatis
2027 538 2415 602 eliciendum.

791 641 875 704 Et
909 641 1030 704 huc
1062 642 1213 705 facit
1249 641 1414 722 quod
1439 641 1654 708 scribit
1677 641 1751 705 de
1785 639 1968 704 Malo
1985 661 2043 723 q.
2066 643 2125 704 2.
2147 661 2202 705 a.
2224 642 2283 704 5.
2312 641 2390 704 ad
2432 642 2490 705 7.
2525 640 2804 707 «Modus
2829 642 3170 727 (caritatis)

705 744 820 807 sub
866 744 1229 809 necessitate
1274 744 1631 823 includitur,
1682 745 2018 811 secundum
2066 744 2232 826 quod
2277 745 2672 826 praeceptum
2722 744 3044 809 ordinatur
3091 744 3169 808 ad

705 847 1200 911 consecutionem
1247 848 1683 913 beatitudinis:
1724 867 1847 912 non
1887 850 2096 911 autem
2144 845 2481 910 secundum
2525 845 2691 927 quod
2730 846 3053 910 ordinatur
3090 845 3169 910 ad

706 948 1030 1013 vitandum
1075 951 1321 1013 reatum
1366 968 1616 1032 poenae.
1658 950 1836 1016 Unde
1866 950 1973 1032 qui
2006 950 2274 1013 honorat
2302 949 2606 1030 parentes),
2642 968 2764 1012 non
2796 949 3028 1013 habens
3074 968 3171 1013 ca-

705 1050 978 1126 ritatem,
1027 1069 1149 1114 non
1195 1054 1503 1115 moretm:
1544 1052 1648 1116 sed
1696 1054 1906 1115 tamen
1951 1070 2148 1134 neque
2194 1050 2540 1115 demeretur
2564 1075 2625 1114 ».
2667 1048 2914 1115 Scilicet
2959 1050 3171 1116 huius-

706 1152 874 1216 modi
906 1153 1126 1216 relatio
1167 1171 1421 1234 operum
1451 1154 1514 1217 in
1548 1153 1732 1218 finem
1771 1156 1866 1218 est
1905 1172 2013 1237 pro
2051 1153 2273 1217 merito
2313 1153 2479 1218 vitae
2519 1154 2836 1218 aeternae:
2875 1153 3171 1218 meritum

707 1255 918 1318 autem
967 1254 1131 1318 vitae
1170 1255 1454 1317 aeternae
1494 1256 1711 1336 nequit
1747 1275 1878 1320 esse
1916 1256 2034 1320 nisi
2072 1257 2135 1320 in
2173 1256 2437 1320 habente
2469 1256 2797 1320 caritatem
2834 1256 2898 1319 et
2941 1255 3169 1320 idcirco

708 1356 804 1419 lex
850 1354 1149 1419 referendi
1181 1374 1364 1437 opera
1403 1358 1616 1420 nostra
1647 1358 1709 1421 in
1750 1357 1952 1422 Deum
1989 1376 2110 1421 non
2149 1359 2351 1442 magis
2400 1358 2657 1441 obligat,
2698 1376 2886 1439 quam
2934 1358 3171 1441 obliget

706 1457 1100 1539 praeceptum
1132 1458 1448 1522 caritatis,
