3529 5158
686 350 795 405 236
1157 361 1370 403 rnac‘r.
1411 362 1475 402 11.
1514 363 1600 402 nn
1636 360 2053 404 consonam-ra.
2093 360 2291 403 carm
2326 362 2392 403 11.
2430 362 2572 404 nun.
2610 362 2675 402 11.
3002 344 3152 421 [205]

689 460 956 524 alienam
1000 460 1194 523 etiam
1237 462 1454 523 contra
1499 477 1679 523 suam
1707 459 1903 541 ipsius
1942 458 2309 541 opinionem,
2342 477 2532 541 quam
2563 460 2743 542 putet
2773 457 3150 542 probabilio-

691 582 839 626 rem.
872 562 1066 644 Atqui
1114 562 1167 625 si
1213 562 1437 644 potest,
1471 562 1600 626 iam
1636 561 1922 626 subditus
1968 564 2213 625 tenetur
2260 560 2503 625 obedire
2537 562 2843 644 superiori
2888 560 2949 624 id
2981 579 3153 643 prae-

689 662 960 745 cipienti.
1002 663 1166 728 Nam
1197 662 1483 728 subditus
1513 666 1761 729 tenetur
1794 664 2055 742 obedire,
2080 663 2327 745 quando
2352 663 2700 730 obedientia
2729 664 2904 728 licita
2936 664 3050 741 est,
3077 664 3153 727 ut

688 766 753 830 in
784 785 931 831 casu
963 766 1386 850 supponimus,

799 907 981 960 xvnl.
1010 908 1059 959 6.
1085 909 1253 961 Potest
1278 908 1553 960 advocatus
1581 905 1832 974 suscipere
1862 906 2182 974 patrocinium
2208 921 2383 959 causae
2409 904 2689 973 probabilis,
2715 905 2809 958 etsi
2831 903 3014 957 iudicet
3039 917 3151 956 con·

696 989 897 1044 trariam
923 989 1319 1057 probabiliorem.
1351 993 1421 1044 lta
1448 992 1618 1056 Laym.
1638 992 1815 1043 Bonae.
1836 1007 1884 1056 q.
1907 993 1954 1044 4.
1976 1006 2023 1058 p.
2045 993 2094 1043 9.
2117 989 2259 1044 Ratio
2281 999 2371 1053 est,
2390 990 2501 1056 quia
2529 998 2736 1056 utraque
2760 1004 2876 1056 pars
2900 991 3048 1041 habet
3073 987 3151 1040 ius

694 1074 970 1141 proterendi
1008 1089 1124 1129 suas
1161 1088 1335 1128 causas
1372 1073 1427 1127 in
1465 1074 1665 1128 iudicio.
1693 1075 1810 1129 Vid.
1836 1075 1959 1129 intra
1988 1083 2044 1129 tr.
2065 1078 2115 1129 9.
2135 1091 2177 1129 c.
2201 1078 2247 1128 3.
2270 1077 2315 1127 d.
2339 1077 2387 1128 3.

782 1197 974 1261 Nulla
1023 1198 1156 1261 heic
1187 1196 1511 1281 intercedit
1542 1196 1898 1262 difficultas.

802 1345 942 1398 XIX.
970 1345 1086 1398 Dixi
1117 1347 1168 1398 2.
1194 1344 1243 1398 in
1271 1343 1620 1410 responsione:
1644 1343 1862 1399 seclusa
1900 1343 2150 1407 iniuria:
2191 1343 2302 1409 quia
2341 1343 2382 1396 si
2422 1342 2692 1409 periculum
2730 1342 2810 1405 sit,
2840 1356 2901 1394 ne
2928 1340 3152 1407 proximo

696 1432 779 1483 nat
803 1430 1029 1483 darnnum
1055 1437 1140 1482 aut
1165 1427 1356 1492 iniuria,
1383 1430 1546 1483 locum
1573 1430 1722 1483 habet
1747 1427 1969 1482 axioma:
1998 1428 2070 1482 In
2094 1426 2261 1482 dubio
2283 1428 2459 1481 tutior
2480 1427 2575 1481 via
2599 1423 2850 1495 eligenda
2874 1428 2970 1479 est.

784 1556 965 1630 205.
1006 1561 1142 1625 Hoc
1174 1560 1542 1644 principium
1580 1560 1780 1624 efferri
1811 1560 1899 1623 sic
1923 1561 2155 1642 potest:
2190 1560 2357 1622 certa
2393 1558 2492 1621 lex
2523 1559 2636 1634 est,
2669 1576 2768 1620 me
2804 1575 2928 1621 non
2974 1575 3152 1639 posse

698 1663 880 1727 alteri
911 1662 1207 1726 iniuriam
1245 1661 1465 1726 inferre
1513 1664 1702 1743 atque
1740 1659 1891 1725 adeo
1931 1665 2097 1725 certa
2136 1660 2232 1724 lex
2278 1663 2391 1736 est,
2430 1679 2529 1723 me
2560 1660 2758 1723 teneri
2802 1658 2879 1722 ad
2911 1677 3156 1741 praeca·

696 1764 961 1829 vendum
1008 1763 1323 1846 probabile
1354 1763 1698 1846 periculum
1728 1763 1939 1827 damni
1970 1762 2261 1839 alterius3
2296 1780 2441 1825 nam
2472 1761 2770 1825 iniurium
2802 1762 2916 1835 est,
2966 1759 3153 1824 addu-

696 1886 830 1931 cere
863 1864 1046 1929 alteri
1091 1865 1408 1948 probabile
1455 1865 1666 1929 damni
1711 1865 2073 1948 periculum.
2123 1865 2288 1949 Ergo
2335 1864 2578 1946 quoties
2624 1884 2695 1928 ex
2742 1864 2983 1928 actione
3013 1883 3151 1928 mea

697 1968 981 2032 imminet
1028 1967 1342 2048 probabile
1381 1968 1725 2050 periculum
1762 1968 1962 2044 alteri,
2006 1968 2167 2032 actio
2200 1969 2296 2031 est
2325 1966 2649 2031 manifeste
2694 1966 2936 2031 illicita.
2985 1965 3153 2051 Ergo

699 2068 798 2133 hic
845 2087 1024 2133 casus
1060 2068 1422 2132 nullatenus
1461 2070 1728 2152 pertinet
1762 2070 1843 2133 ad
1874 2071 2258 2152 praesentem
2290 2069 2793 2133 controversiam.

786 2170 847 2236 S.
881 2162 1236 2255 Alphonsus
1266 2172 1373 2236 lib.
1414 2173 1470 2236 1.
1496 2192 1554 2235 n.
1583 2173 1689 2235 42.
1715 2172 1804 2237 sic
1828 2191 1956 2235 rem
1988 2171 2284 2253 explicat:
2320 2196 2354 2229 «
2379 2170 2657 2235 Dicimus
2680 2190 2999 2253 nunquam
3023 2191 3154 2236 esse

697 2275 940 2340 licitum
973 2274 1068 2338 uti
1104 2274 1389 2357 opinione
1420 2275 1792 2357 probabili...
1832 2295 1972 2338 cum
2019 2274 2290 2356 periculo
2339 2272 2546 2336 damni
2594 2273 2852 2337 alterius
2899 2278 3011 2339 aut
3057 2274 3158 2337 sui

699 2377 894 2461 ipsius
927 2377 1034 2458 (ad
1059 2378 1224 2458 quod
1254 2378 1383 2442 scil.
1409 2377 1750 2442 cavendum
1782 2397 1853 2441 ex
1883 2377 2145 2440 caritate
2176 2396 2322 2461 erga
2354 2395 2452 2440 me
2476 2375 2681 2458 ipsum
2713 2378 2979 2460 teneor);
3007 2377 3157 2459 quia

702 2479 1059 2546 huiusmodi
1104 2480 1511 2564 probabilitas
1557 2499 1951 2562 nequaquam
1989 2479 2193 2543 aufert
2238 2478 2579 2562 periculum
2626 2478 2855 2543 damni.
2896 2477 2963 2543 Si
2991 2480 3156 2545 enim

699 2583 904 2667 opinio
943 2583 1050 2647 illa
1099 2587 1194 2648 est
1230 2584 1408 2661 falsa,
1449 2603 1569 2648 non
1606 2583 1946 2648 evitabitur
1983 2583 2278 2648 damntun
2310 2583 2637 2667 proximi...
2670 2602 2816 2647 nam
2848 2583 2901 2648 si
2932 2604 3022 2648 ex.
3056 2604 3152 2669 gr.

697 2686 1044 2769 baptismus
1077 2707 1219 2750 cum
1249 2687 1446 2751 saliva
1492 2687 1758 2751 collatus
1791 2689 1884 2751 est
1930 2686 2139 2750 nullus
2186 2685 2275 2750 ita
2325 2687 2396 2749 ut
2425 2685 2627 2749 infans
2666 2685 2796 2749 sine
2842 2685 3155 2768 baptismo

696 2789 1033 2862 remaneat,
1069 2788 1473 2871 probabilitas
1519 2789 1581 2853 in
1631 2789 1986 2871 oppositum
2016 2808 2138 2852 non
2184 2788 2390 2870 potest
2421 2788 2639 2868 utique
2669 2787 2925 2864 efficere,
2960 2791 3032 2852 ut
3071 2789 3157 2852 sit

699 2890 942 2956 validus
976 2918 1036 2955 ».
1065 2893 1164 2956 Ita
1212 2893 1265 2957 si
1311 2893 1507 2957 iacere
1553 2892 1706 2956 velis
1753 2891 2074 2976 sagittam,
2124 2891 2394 2954 incertus
2442 2910 2519 2954 an
2567 2891 2650 2954 sit
2695 2890 2783 2954 ibi
2829 2891 3013 2954 homo
3058 2892 3158 2956 vel

617 2983 626 2994 ⁴
698 2993 849 3067 fera,
883 2994 1028 3059 licet
1061 2995 1375 3078 probabile
1407 2995 1490 3058 sit
1528 3014 1658 3060 esse
1693 2993 1908 3058 feram.

788 3095 1012 3162 Suarez
1045 3098 1109 3161 in
1147 3099 1203 3161 1.
1247 3099 1305 3161 2.
1340 3096 1495 3180 disp.
1537 3097 1637 3160 12.
1671 3097 1750 3162 tr.
1803 3098 1861 3159 5.
1900 3098 2044 3160 sect.
2082 3096 2141 3159 6.
2178 3117 2235 3160 n.
2273 3096 2363 3159 8.:
2405 3121 2439 3152 «ι
2486 3094 2895 3180 Intelligenda
2944 3098 3156 3160 autem

699 3203 793 3265 est
840 3201 989 3266 haec
1037 3201 1348 3265 conclusio
1382 3200 1483 3280 (de
1516 3219 1635 3264 usu
1680 3218 1897 3282 nempe
1946 3198 2249 3281 opinionis
2281 3197 2644 3280 probabilis)
2690 3197 2959 3279 praecise
2992 3217 3062 3261 ex
3093 3199 3159 3263 vi

699 3301 886 3366 huius
911 3303 1132 3384 capitis
1159 3307 1404 3384 (nempe
1436 3302 1499 3366 in
1542 3301 1752 3366 ordine
1787 3301 1865 3364 ad
1899 3299 2339 3365 efformandam
2380 3299 2847 3382 conscientiam)
2871 3303 2932 3363 et
2971 3319 3044 3364 ex
3074 3299 3166 3364 di-

697 3408 864 3469 recta
899 3405 1278 3488 obligatione
1323 3405 1494 3468 illius
1525 3404 1700 3489 legis,
1729 3404 1803 3467 de
1835 3422 1956 3485 qua
1983 3404 2306 3466 versantur
2333 3402 2647 3484 opiniones
2673 3426 2687 3476 ;
2723 3421 2868 3465 nam
2891 3401 3159 3468 fortasse

703 3507 951 3571 aliunde
983 3527 1053 3570 ex
1085 3507 1203 3569 fine
1241 3506 1571 3571 intrinseco
1605 3506 1703 3570 vel
1741 3525 1812 3570 ex
1846 3505 1968 3569 alia
2004 3505 2402 3590 obligatione,
2441 3504 2620 3587 quasi
2650 3502 2892 3581 reflexa,
2923 3506 3161 3587 poterit

700 3608 925 3689 aliquis
948 3607 1261 3671 interdum
1308 3608 1502 3671 teneri
1547 3607 1625 3672 ad
1673 3606 2051 3689 operandum
2098 3607 2195 3671 vel
2241 3626 2363 3671 non
2411 3605 2786 3689 operandum
2834 3607 3005 3670 iuxta
3040 3607 3162 3672 ali-

699 3728 888 3791 quam
921 3709 1302 3793 probabilem
1341 3708 1689 3792 opinionem
1720 3736 1781 3771 2».

1438 3885 1613 3952 Unde
1658 3884 2056 3950 resolvuntur
2101 3884 2168 3948 hi
2212 3905 2411 3949 casus.

807 4071 923 4123 XX.
957 4071 1004 4120 t.
1035 4071 1084 4120 ln
1123 4065 1540 4120 administratione
1577 4069 2002 4119 Sacramentorum
2041 4078 2135 4116 non
2174 4078 2366 4131 semper
2404 4062 2516 4117 licet
2552 4063 2690 4130 sequi
2727 4063 2992 4118 sententias
3042 4080 3165 4131 spe-

699 4151 913 4207 culative
952 4151 1248 4218 probabiles,
1282 4150 1490 4204 maxime
1528 4149 1658 4204 circa
1697 4151 1916 4201 valorem
1954 4147 2254 4201 sacramenti
2266 4162 2283 4216 3
2310 4148 2395 4200 sed
2423 4149 2582 4214 quoad
2621 4163 2696 4212 ea,
2723 4163 2849 4214 quae
2880 4163 2905 4200 a
2934 4147 3163 4204 Ministro

701 4238 989 4302 praestanda
1029 4243 1157 4300 sunt,
1190 4237 1421 4288 utendum
1461 4243 1536 4289 est
1563 4233 1801 4286 sententia
1838 4231 2089 4286 securiore
2127 4241 2174 4286 et
2214 4231 2415 4285 materia
2454 4246 2509 4284 ac
2549 4235 2701 4285 torma
2738 4239 2883 4295 certa,
2915 4247 2961 4282 v.
3000 4248 3075 4296 gr.
3110 4233 3165 4287 in

702 4319 968 4386 Baptismo.
992 4349 1061 4358 —
1097 4319 1347 4374 Contraria
1387 4317 1623 4372 sententia
1661 4327 1736 4372 est
1772 4317 2026 4371 interdicta
2068 4332 2191 4370 nunc
2230 4319 2289 4370 ab
2332 4318 2490 4370 lnnoc.
2518 4318 2604 4370 Xl.
2634 4315 2711 4369 die
2738 4319 2785 4370 2.
2815 4316 2972 4371 Martii
3005 4318 3164 4374 ¹679.

708 4421 902 4473 propos,
937 4407 982 4457 t.
1012 4434 1079 4444 —
1107 4405 1249 4460 Ratio
1289 4413 1379 4468 est,
1410 4404 1541 4471 quia,
1568 4405 1680 4459 licet
1721 4405 1941 4472 praecise
1982 4404 2314 4473 operationem
2352 4406 2633 4471 spectando,
2657 4403 2875 4458 Minister
2908 4420 3001 4457 non
3042 4421 3162 4471 pec·

705 4497 857 4550 caret,
895 4492 1141 4555 sequendo
1179 4488 1455 4555 opinionem
1506 4488 1810 4556 probabilem
1848 4504 1936 4542 nec
1974 4491 2301 4543 sacramento.
2332 4487 2569 4552 irrogaret
2612 4487 3004 4554 irreverentiam
3042 4490 3165 4555 quia

702 4583 861 4628 tamen
900 4577 1099 4628 enectus
1136 4572 1453 4642 sacramenti,
1478 4580 1532 4628 ut
1570 4573 1795 4628 remissio
1834 4581 2138 4640 peccatorum
2175 4580 2225 4627 et
2261 4572 2438 4627 inlusio
2469 4573 2673 4640 gratiae,
2696 4575 2938 4642 dependet
2975 4588 3004 4628 a
3032 4588 3162 4630 vera
