3529 5158
702 339 810 393 464
1227 353 1440 394 1111101.
1478 352 1558 393 lv.
1598 352 1684 391 mn
1720 350 2027 392 Paeonis.
2065 350 2264 392 caru-r
2300 351 2339 390 1.
2377 351 2520 392 nun.
2558 351 2603 391 1.
3024 337 3165 412 [492]

791 449 986 514 Porro
1018 449 1233 513 contra
1268 449 1426 513 istos
1457 449 1607 512 haec
1637 448 1854 513 scribit
1888 447 2036 512 ibid.
2073 467 2205 531 cap.
2239 448 2301 512 3.
2335 468 2396 511 11.
2432 448 2517 511 6.:
2558 471 2595 505 «
2626 447 2985 513 Difficultas
3015 450 3166 515 11300

703 554 919 634 utpote
958 553 1108 617 adeo
1138 551 1423 633 frequens
1456 554 1644 633 atque
1688 552 2000 616 humanae
2031 551 2198 615 vitae
2235 550 2579 616 necessaria
2622 570 2747 615 non
2793 551 3015 637 effugit
3047 554 3167 618 Do-

698 654 899 717 ctores
944 655 1373 730 scholasticos;
1409 653 1515 717 sed
1547 653 1621 717 de
1652 673 1727 717 ea
1772 653 1867 717 ita
1905 655 2067 717 recte
2113 656 2177 718 et
2208 653 2438 717 sincere
2475 651 2898 735 disputarunt,
2938 656 3015 719 ut
3046 655 3166 720 nisi

697 756 1064 820 recentiores
1097 756 1291 837 aliqui
1337 756 1680 820 voluissent
1726 754 2091 820 manifestae
2138 756 2391 819 veritati
2441 754 2773 832 adversari,
2807 755 3000 839 longa
3046 757 3166 821 dis-

698 858 1021 939 putatione
1054 877 1208 940 opus
1253 877 1377 922 non
1423 860 1603 922 esset.
1638 857 1866 922 Omnes
1913 876 2082 941 ergo,
2116 875 2272 938 quos
2321 856 2543 920 statim
2589 856 2895 940 allegabo,
2933 856 3002 921 in
3048 859 3165 924 1100

696 979 891 1024 unum
935 962 1311 1044 conspirant,
1346 963 1420 1026 ut
1463 961 1709 1026 nullum
1747 960 1835 1024 sit
1866 961 2190 1042 peceatum
2235 958 2502 1023 mortale
2532 958 2598 1022 in
2644 958 2995 1024 voluntatis
3026 961 3166 1026 0011-

694 1085 895 1144 sensu,
915 1067 1037 1132 nisi
1070 1068 1372 1151 cogitatio
1405 1067 1617 1148 aliqua
1655 1065 2060 1149 praecesserit
2092 1068 2156 1129 et
2186 1064 2599 1130 consideratio
2638 1083 2944 1147 expressa,
2971 1086 3164 1148 quam

693 1178 919 1239 vocant
966 1175 1294 1251 actualem,
1342 1174 1621 1237 malitiae
1677 1172 1934 1237 moralis
1981 1173 2082 1236 vel
2119 1171 2396 1254 periculi,
2444 1171 2546 1235 vel
2597 1170 2821 1235 saltem
2877 1191 3164 1256 expressa

694 1279 904 1361 aliqua
934 1280 1245 1345 dubitatio
1278 1299 1387 1344 seu
1424 1280 1771 1362 scrupulus,
1809 1280 2032 1360 Itaque
2063 1280 2138 1343 ut
2170 1277 2310 1359 quis
2344 1277 2551 1360 peccet
2578 1278 2953 1356 mortaliter,
2982 1279 3161 1345 debet

693 1380 1075 1446 considerare
1106 1382 1204 1447 vel
1242 1381 1528 1446 dubitare
1576 1383 1687 1445 aut
1721 1399 1876 1464 opus
1907 1380 2064 1444 illud
2113 1398 2243 1444 esse
2281 1380 2519 1443 malum
2565 1381 2678 1444 aut
2706 1379 2796 1444 ibi
2841 1400 2978 1445 esse
3009 1383 3163 1465 peri-

692 1483 903 1548 culum
939 1484 1220 1548 malitiae
1263 1484 1435 1548 illius
1468 1483 1566 1547 vel
1613 1483 1977 1565 scrupulum
2013 1483 2236 1546 saltem
2283 1482 2557 1563 aliquem
2600 1482 2847 1546 habere.
2880 1481 3059 1562 Quod
3104 1486 3158 1549 si

688 1585 845 1648 nihil
874 1585 1098 1649 horum
1135 1585 1550 1669 praecesserit,
1585 1582 2192 1647 inconsiderantiam
2229 1584 2471 1646 censeri
2504 1584 2756 1647 omnino
2799 1584 3160 1650 naturalem

688 1691 752 1750 et
792 1707 1175 1763 consensum,
1208 1689 1493 1770 quamvis
1540 1687 1721 1770 lonyo
1763 1690 2034 1766 tempore
2069 1685 2271 1760 duret,
2304 1705 2434 1748 non
2469 1704 2601 1749 esse
2631 1690 2964 1766 peccatum
3006 1708 3164 1753 mor-

693 1792 815 1857 tale
844 1818 906 1858 ».
942 1793 1164 1859 Subdit
1195 1793 1333 1858 dein
1364 1795 1625 1878 longum
1672 1793 2036 1876 catalogum
2070 1791 2521 1876 allegationum
2568 1792 2634 1855 et
2669 1791 2965 1870 rationes,
2999 1814 3156 1877 quae

687 1895 752 1959 in
783 1915 848 1960 re
894 1897 1027 1960 tam
1056 1896 1387 1961 manifesta
1433 1895 1612 1960 facile
1643 1896 1720 1959 ad
1768 1914 2027 1959 manum
2059 1896 2239 1959 erant
2269 1895 2333 1959 et
2378 1893 2515 1958 ideo
2562 1893 2734 1992 dicit,
2768 1894 3156 1963 adversarios

683 2016 1027 2080 repugnare
1056 1997 1420 2062 manifestae
1458 1997 1730 2062 veritati.

777 2100 1034 2164 Interim
1079 2101 1204 2164 tria
1248 2102 1398 2165 bene
1428 2102 1806 2165 retineamus
1844 2100 1912 2162 1⁰
1944 2100 2228 2181 Vasquez
2269 2119 2306 2163 a
2352 2100 2537 2182 culpa
2583 2103 2797 2165 actum
2845 2119 3156 2181 excusare,

684 2202 930 2283 quando
961 2203 1239 2292 malitiae
1271 2204 1573 2288 cogitatio
1603 2222 1728 2267 non
1762 2204 2052 2280 occurrit,
2080 2222 2158 2265 ex
2193 2201 2732 2266 inconsiderantia
2760 2204 3017 2268 omnino
3048 2226 3156 2269 na-

685 2304 901 2379 turali,
940 2326 1098 2389 quae
1144 2307 1247 2390 (ut
1294 2307 1449 2372 alias
1494 2306 1794 2390 vidimus)
1835 2306 2284 2388 aequiparatur
2329 2305 2721 2389 ignorantiae
2767 2308 3156 2375 antecedenti

682 2409 746 2471 et
774 2408 1138 2474 invincibili.
2605 2425 2608 2426 ’

862 2513 933 2574 2⁰
967 2510 1108 2576 Non
1155 2532 1442 2577 excusare
1475 2515 1704 2589 actum,
1740 2511 1988 2594 quando
2024 2510 2254 2575 oblivio
2286 2509 2615 2593 culpabilis
2646 2511 2749 2589 sit,
2777 2512 2942 2577 unde
2975 2515 3153 2581 affert

679 2613 815 2697 ipsa
860 2616 1048 2679 verba
1080 2614 1366 2680 Corduba
1425 2634 1610 2696 quem
1658 2615 1766 2678 alii
1814 2633 1924 2696 pro
1964 2633 2027 2677 se
2062 2613 2418 2697 allegabant
2446 2613 2594 2677 ibid.
2629 2634 2687 2678 n.
2727 2615 2818 2680 7.:
2851 2642 2887 2674 «
2919 2617 3004 2682 Ε1
3035 2618 3151 2684 hoc

681 2735 895 2779 verum
927 2716 1043 2792 est,
1068 2717 1314 2798 quando
1346 2716 1660 2799 praedicta
1693 2716 1923 2780 oblivio
1952 2734 2076 2780 non
2117 2716 2317 2779 oritur
2348 2735 2418 2779 ex
2449 2715 2659 2799 culpa3
2687 2736 2833 2782 nam
2870 2721 3025 2784 tune
3056 2724 3150 2786 ost

675 2815 839 2880 idem
885 2817 1203 2895 iudicium,
1237 2818 1403 2900 quod
1448 2819 1511 2881 et
1544 2817 1617 2881 de
1656 2818 2017 2900 ignorantia
2049 2841 2110 2880 ».
2137 2817 2229 2881 Ex
2274 2818 2500 2899 quibus
2550 2823 2825 2902 apparet,
2860 2821 3147 2905 Vasquez

676 2938 798 2984 non
824 2938 1110 2985 excusare
1142 2923 1371 2997 actum,
1398 2920 1644 3002 quando
1670 2920 2087 3004 incogitantia
2111 2920 2392 2985 malitiae
2422 2922 2706 3004 provenit
2736 2942 2808 2987 ex
2834 2924 3146 2991 oblivione

677 3023 790 3086 aut
816 3023 1174 3107 ignorantia
1210 3023 1505 3107 culpabili
1536 3042 1646 3087 seu
1678 3022 2036 3087 voluntaria
2073 3024 2138 3087 in
2170 3042 2378 3088 causa.
2544 3102 2546 3104 η

854 3128 926 3190 3⁰
946 3127 1417 3193 Advertentiam
1441 3127 1982 3206 interpretativam
2015 3146 2051 3190 a
2088 3125 2372 3209 Vasquez
2405 3127 2545 3204 dici,
2571 3128 2841 3209 quando,
2876 3130 2958 3196 ob
2989 3132 3143 3197 obli-

680 3229 920 3295 vionem
951 3250 1060 3295 seu
1105 3230 1689 3296 inconsiderantiam
1740 3231 1988 3295 omnino
2022 3230 2373 3293 naturalem
2406 3232 2595 3312 atque
2632 3231 2783 3297 adeo
2815 3232 3141 3299 invincibi-

673 3331 817 3410 lem,
844 3332 917 3396 de
940 3333 1185 3397 malitia
1215 3352 1338 3397 non
1364 3334 1533 3397 subit
1555 3333 1878 3416 cogitatio,
1906 3333 2053 3396 lieet
2076 3331 2381 3414 potuisset
2405 3334 2468 3396 et
2500 3332 2813 3399 debuisset
2834 3337 3142 3420 cogitatio

673 3434 898 3497 subire.

763 3535 899 3598 Hoc
929 3555 1125 3599 unum
1149 3538 1309 3600 esset
1340 3536 1791 3617 inquirendum,
1819 3556 1928 3600 cur
1953 3537 2155 3601 solum
2182 3535 2255 3599 de
2266 3540 2521 3615 peccato
2551 3536 2810 3601 mortali
2830 3539 3135 3624 disputet3

673 3656 817 3700 nam
851 3636 979 3701 sine
1011 3638 1361 3721 cognitione
1388 3638 1596 3720 aliqua
1628 3658 1737 3703 neo
1768 3639 2120 3703 mortaliter
2149 3658 2260 3701 nec
2291 3638 2618 3704 venialiter
2647 3642 2886 3723 peccari
2910 3647 3138 3725 potest,

669 3740 743 3803 ut
780 3741 954 3821 patet
985 3757 1056 3802 ex
1087 3738 1440 3804 definitione
1472 3740 1727 3823 peccati,
1761 3760 1921 3821 quae
1954 3743 2075 3805 est:
2118 3738 2318 3802 libera
2359 3743 2795 3823 transyressw.

757 3836 936 3911 492.
950 3838 1183 3905 Contra
1203 3860 1345 3906 vero
1371 3841 1886 3907 Salmantioenses
1908 3840 2116 3906 Theol.
2140 3840 2441 3905 Scholast.
2454 3844 2641 3907 tract.
2665 3846 2767 3909 13.
2787 3846 2864 3909 de
2879 3847 3135 3913 Peeeat.

669 3945 823 4030 disp.
870 3947 970 4011 10.
1004 3966 1063 4010 11.
1105 3946 1248 4010 142.
1283 3947 1345 4009 111
1376 3947 1481 4010 1111.
1517 3947 1608 4010 113
1656 3945 1959 4010 definiunt
1997 3946 2448 4011 advertentiam
2480 3966 2589 4012 seu
2625 3947 3134 4018 deliberationem

672 4050 1224 4129 interpretativum,
1259 4050 1331 4112 ut
1361 4068 1483 4113 non
1533 4048 1609 4112 ad
1654 4048 2240 4112 inconsiderantiam
2286 4049 2637 4114 naturalem
2668 4051 2997 4125 referatur.
3034 4055 3133 4120 sed

669 4152 745 4215 ad
776 4151 1196 4216 voluntariam
1222 4143 1283 4214 et
1315 4151 1686 4233 culpabilem
1717 4150 2168 4235 negligentiam
2203 4152 2646 4216 considerandi.
2670 4154 2772 4218 Ita
2809 4154 2935 4220 illi:
2971 4182 3007 4215 «
3033 4159 3135 4223 Di-

556 4312 561 4319 .
662 4255 825 4317 citur
872 4256 1081 4318 autem
1127 4254 1489 4318 deliberatio
1536 4254 2035 4333 interpretativa,
2084 4273 2227 4318 cum
2281 4255 2468 4319 homo
2517 4256 2728 4339 potest
2771 4259 2837 4321 et
2884 4260 3134 4325 tenetur

663 4354 996 4419 deliberare
1027 4356 1187 4419 circa
1221 4355 1455 4437 aliquid
1494 4358 1557 4420 et
1593 4374 1715 4421 non
1755 4356 2084 4434 deliberat3
2111 4357 2203 4421 ita
2227 4357 2393 4439 quod
2416 4357 2774 4424 huiusmodi
2803 4379 2936 4424 non
2984 4361 3131 4426 deli-

664 4455 880 4518 berare
911 4457 994 4519 sit
1023 4457 1119 4519 illi
1156 4456 1580 4520 voluntarium
1611 4483 1671 4522 ».

754 4556 1098 4622 Secundum
1131 4579 1320 4640 quam
1350 4559 1771 4626 definitionem
1805 4562 1953 4626 alibi
1984 4562 2306 4643 loquentes
2339 4563 2412 4627 de
2451 4563 2799 4643 omissione,
2835 4564 3126 4649 inquiunt
