3529 5158
716 328 825 383 624
1090 342 1303 383 macr.
1343 344 1423 384 ιν.
1461 344 1546 383 nm
1583 343 1893 386 Pacca'rrs.
1932 345 2131 386 carm·
2169 344 2257 385 111.
2297 344 2441 387 nnn.
2482 345 2536 385 v.
2575 344 2715 384 am.
2754 343 2819 382 11.
3042 327 3186 403 [731]
3282 382 3286 390 ,

827 440 1146 493 LXXXVIII.
1170 442 1218 491 8.
1245 441 1390 493 Plena
1418 438 1632 494 ebrietas
1658 446 1858 494 notatur
1884 455 1946 494 ex
1975 440 2052 494 his
2077 439 2245 506 signis,
2265 454 2392 506 quae
2417 441 2501 493 dat
2526 442 2663 494 Loes.
2685 441 2718 494 I.
2735 453 2782 493 c.
2803 441 2850 492 d.
2880 441 2930 493 3.
2956 455 3003 493 n.
3025 441 3111 493 30.
3131 438 3184 492 Si

716 523 827 589 quis
863 539 957 577 non
997 523 1270 578 meminerit
1308 523 1568 587 dictorum,
1597 528 1854 589 tactorum,
1887 528 2135 591 quomodo
2177 528 2255 580 veI
2294 527 2488 591 quando
2527 526 2726 579 domum
2766 525 3028 578 deductus„
3059 527 3108 578 2.
3132 522 3188 577 si

718 608 959 662 commisit
995 624 1071 675 ea,
1096 625 1221 676 quae
1247 624 1490 675 nunquam
1529 610 1651 664 alias
1691 625 1805 664 sana
1846 619 2007 664 mente
2048 612 2188 675 solet,
2221 625 2267 663 v.
2292 624 2369 675 gr.
2397 610 2438 664 si
2470 617 2667 678 praeter
2705 623 2888 663 morem
2937 607 3096 675 turpia
3122 606 3185 661 sit

718 692 929 759 loeutuS,
954 693 1163 747 turbarit
1201 696 1414 755 domum,
1450 708 1652 747 uxorem
1691 694 1970 748 verberarit
2008 701 2101 748 etc.

809 805 963 880 731.
999 811 1315 891 Quaedam
1362 832 1433 876 ex
1465 812 1560 876 his
1593 813 1948 897 contingere
1987 814 2208 891 solent,
2243 813 2490 879 etiamsi
2526 832 2649 878 non
2695 812 2858 878 desit
2904 810 3187 877 totaliter

718 933 870 979 usus
916 914 1196 979 rationis,
1238 913 1475 997 Quippe
1522 915 1691 980 solus
1737 916 1942 980 fervor
1987 917 2117 981 vini
2161 916 2421 1000 impedit
2466 915 2808 1000 perfectum
2853 934 3041 979 usum
3087 932 3189 977 ra-

716 1017 907 1082 tionis
954 1019 1016 1081 et
1064 1036 1221 1099 quae
1267 1018 1401 1081 heic
1449 1018 1757 1095 dicuntur,
1792 1038 1916 1083 non
1948 1019 2288 1083 necessario
2328 1020 2686 1102 supponunt
2732 1017 3053 1082 sublatum
3099 1014 3190 1079 di-

717 1119 977 1185 scrimen
1010 1120 1157 1184 boni
1194 1122 1257 1184 et
1286 1120 1457 1184 mali.
1493 1121 1726 1186 Tamen
1758 1122 1870 1202 qui
1905 1142 2030 1184 non
2075 1120 2315 1185 solebat
2340 1120 2489 1185 haee
2505 1123 2899 1201 perpetrare,
2930 1122 3006 1183 ut
3034 1118 3191 1183 dicit

718 1221 818 1295 A.‚
850 1222 1261 1304 suspicionem
1300 1222 1487 1287 habet
1516 1224 1770 1300 iustam,
1805 1224 1867 1287 id
1901 1225 1978 1288 ab
2010 1225 2259 1288 sublato
2291 1243 2410 1288 usu
2448 1224 2710 1288 rationis
2742 1222 3120 1306 provenisse.

830 1355 1107 1408 LXXXIX.
1130 1356 1179 1407 9.
1209 1357 1326 1408 Mala
1355 1354 1404 1408 in
1432 1355 1669 1409 ebrietate
1696 1355 1975 1422 commissa,
2003 1355 2045 1410 si
2070 1355 2295 1424 prnevtsa
2323 1370 2416 1409 non
2441 1361 2552 1410 sunt
2578 1362 2663 1409 aut
2688 1355 2730 1409 si
2756 1354 2977 1409 adhibita
3004 1353 3182 1417 cautio,

717 1441 859 1506 cqua
902 1446 1090 1493 vacant.

809 1562 986 1636 732.
1022 1568 1115 1632 Ι)0
1159 1568 1360 1644 malis,
1397 1588 1555 1650 quae
1601 1570 1663 1633 in
1713 1569 2011 1634 ebrietate
2058 1571 2408 1652 patrantur,
2443 1567 2801 1633 recolendae
2837 1569 2987 1631 sunt
3034 1565 3188 1630 deci·

721 1670 942 1746 sioneS,
962 1690 1115 1752 quas
1140 1671 1376 1736 Auctor
1400 1672 1879 1755 compendiatim
1905 1672 2152 1738 exhibet
2173 1674 2235 1737 in
2261 1673 2324 1736 4.
2341 1672 2523 1737 resol.
2544 1670 2734 1735 Dubii
2756 1671 2814 1733 1.
2834 1667 3076 1751 Capitis
3103 1670 3182 1745 1.;

721 1791 876 1854 quas
922 1774 1170 1854 quidem
1215 1776 1625 1840 resolutiones
1671 1776 1987 1859 generales
2024 1775 2099 1839 de
2145 1774 2411 1858 peccatis
2455 1773 2522 1839 in
2567 1792 2756 1838 causa
2802 1771 3188 1837 enucleatius

721 1876 971 1957 exponit
1000 1875 1268 1942 Sanchez
1301 1877 1474 1941 Mor.
1509 1878 1616 1942 lib.
1655 1879 1713 1942 1.
1747 1897 1880 1961 cap.
1922 1878 2022 1941 16.
2056 1899 2116 1942 11.
2151 1879 2256 1941 42.
2292 1896 2365 1942 80
2395 1877 2517 1941 duo
2548 1877 2700 1941 haec
2732 1875 2858 1940 alia
2891 1875 3088 1939 addit.

808 1979 992 2044 Prius
1024 1982 1136 2055 est,
1170 1980 1377 2063 inquit
1422 1980 1689 2045 Sanchez
1738 1982 1820 2045 ib.
1856 2002 1914 2044 n.
1951 1981 2078 2055 43„
2113 1980 2316 2045 ebrios
2353 1978 2765 2045 communiter
2809 1996 2934 2042 non
2981 1998 3191 2062 perpe-

721 2081 888 2146 trare
934 2101 1025 2160 ea,
1074 2102 1231 2166 quae
1281 2084 1436 2147 alias
1483 2087 1736 2167 peccata
1784 2086 2008 2157 essent,
2058 2083 2177 2148 nisi
2225 2084 2303 2148 ab
2351 2082 2490 2147 aliis
2535 2081 2820 2146 irritatos
2866 2083 2932 2144 et
2975 2081 3072 2145 ita
3116 2100 3189 2146 ea

720 2184 1131 2250 communiter
1178 2205 1308 2251 esse
1357 2206 1392 2251 a
1430 2207 1580 2252 casu
1611 2206 1721 2252 nec
1751 2188 1947 2251 teneri
1978 2186 2179 2251 ebrios
2212 2204 2284 2250 ea
2315 2202 2710 2268 praecaver03
2745 2183 2912 2266 quod
2941 2184 3190 2250 irritan-

718 2286 883 2352 tium
928 2288 1145 2372 culpae
1206 2290 1269 2354 id
1325 2291 1535 2373 potius
1590 2290 1989 2354 tribuendum
2050 2289 2135 2354 sit
2188 2307 2260 2353 ac
2316 2289 2600 2371 respectu
2662 2286 2969 2351 ebriorum
3031 2305 3181 2351 casu

721 2390 1019 2455 accidant.
1070 2390 1247 2471 Quod
1295 2394 1504 2458 tamen
1550 2394 1681 2476 ipse
1729 2391 1998 2457 Sanchez
2043 2392 2298 2468 limitat,
2348 2390 2469 2455 nisi
2519 2390 2585 2454 in
2634 2407 2706 2455 eo
2752 2390 2883 2454 loco
2929 2389 3070 2470 quis
3115 2408 3185 2454 se

718 2492 999 2569 inebriet,
1039 2494 1103 2557 in
1140 2514 1264 2577 quo
1302 2496 1659 2578 praevideat
1695 2495 1845 2572 fore,
1879 2497 1954 2559 ut
1993 2494 2069 2559 ab
2116 2494 2257 2558 aliis
2287 2492 2568 2557 irritetur
2599 2495 2789 2574 atque
2826 2490 2978 2556 adeo
3009 2490 3077 2555 in
3114 2510 3189 2556 ea

720 2598 973 2680 peccata
1003 2602 1389 2682 prorumpat.
1418 2599 1591 2664 Tunc
1622 2599 1787 2664 enim
1818 2601 2024 2663 censet
2055 2596 2344 2673 Sanchez,
2370 2595 2565 2661 teneri
2596 2613 2740 2659 eum
2768 2594 2879 2658 illa
2911 2595 3190 2677 pericula

720 2690 1114 2783 praecavere,
1150 2721 1322 2765 secus
1354 2702 1417 2766 in
1454 2703 1701 2784 culpam
1739 2701 1860 2783 ipsi
1897 2720 1968 2765 ea
1997 2700 2315 2782 imputari.
3171 2745 3179 2750 -

810 2801 1098 2866 Alterum
1143 2804 1256 2879 est,
1289 2802 1437 2867 ibid.
1472 2824 1531 2866 n.
1582 2805 1710 2880 48„
1761 2803 2035 2886 plurium
2081 2802 2395 2867 ebriorum
2441 2800 2608 2866 dicta
2643 2799 2743 2864 vel
2787 2798 2959 2864 facta
3008 2819 3084 2864 ex
3125 2817 3188 2864 se

719 2903 936 2985 iniqua
982 2922 1103 2968 non
1157 2906 1433 2988 reputari
1485 2905 1843 2988 culpabilia,
1893 2904 2139 2970 etiamsi
2185 2903 2695 2988 praevideantur;
2743 2902 2892 2984 quia
2942 2902 3188 2967 nullum

721 3005 1018 3071 damnum
1062 3006 1337 3072 inferunt
1384 3010 1571 3090 atque
1617 3009 1681 3072 in
1730 3008 2031 3073 ebrietate
2077 3007 2408 3071 commissa
2454 3005 2884 3070 destituuntur
2934 3023 3188 3088 prorsus

720 3111 961 3176 ratione
997 3112 1296 3188 malitiae,
1331 3132 1521 3195 quam
1555 3112 1785 3176 habent
1814 3112 1982 3175 facta
2019 3110 2085 3175 iu
2116 3111 2320 3174 mente
2358 3127 2530 3187 sana,
2565 3110 2640 3173 ut
2669 3107 2858 3172 verba
2888 3108 2992 3173 vel
3021 3107 3186 3172 facta

720 3213 1186 3279 contumeliosa.
1228 3213 1464 3297 Quippe
1513 3217 1791 3297 tempore
1839 3213 2156 3278 ebrietatis
2204 3211 2359 3275 talia
2406 3210 2468 3274 in
2515 3208 2830 3274 communi
2861 3209 3190 3274 hominum
3307 3213 3320 3227 “

722 3319 1153 3385 aestimatione
1200 3339 1322 3385 non
1369 3321 1741 3403 reputantur
1787 3317 2255 3393 contumeliosa,
2289 3315 2394 3380 sed
2441 3317 2743 3397 tanquam
2777 3314 3047 3379 facetiae
3093 3312 3192 3377 ad-

719 3421 1062 3487 mittuntur
1094 3424 1281 3504 atque
1317 3423 1411 3487 ita
1442 3423 1711 3504 ipsimet,
1749 3422 2043 3486 adversus
2081 3437 2238 3502 quos
2270 3418 2562 3484 dicuntur
2593 3416 2691 3481 vel
2720 3415 2904 3493 fiunt,
2941 3417 3192 3480 tantum

723 3523 898 3587 abest
943 3525 1016 3587 ut
1059 3524 1196 3589 loco
1229 3525 1641 3590 contumeliae
1688 3543 1760 3588 ea
1786 3523 2117 3606 'accipiant
2155 3522 2233 3585 ad
2269 3521 2549 3602 iramque
2580 3517 2949 3595 excitentur,
2983 3520 3060 3582 ut
3087 3535 3194 3600 po-

720 3624 851 3690 tius
890 3625 1273 3690 oblectentur
1304 3630 1367 3692 et
1396 3627 1656 3691 rideant.

811 3722 987 3798 733.
1015 3728 1157 3794 Huc
1188 3731 1469 3812 spectant
1501 3749 1660 3812 quae
1691 3728 1880 3793 habet
1911 3727 2061 3792 Soto
2087 3726 2162 3789 de
2185 3725 2345 3789 Iust.
2373 3727 2435 3788 et
2462 3723 2600 3787 Iur.
2626 3722 2735 3787 lib.
2762 3724 2823 3786 5.
2849 3722 3101 3788 dissert.
3129 3724 3188 3787 9.

723 3833 841 3896 art.
876 3833 936 3894 2.
969 3832 1161 3897 concl.
1194 3833 1281 3896 1.:
1308 3859 1343 3891 «ι
1375 3831 2010 3897 Animadvertendum
2047 3827 2373 3894 discrimen
2404 3828 2499 3892 est
2527 3825 2690 3890 inter
2720 3825 2998 3908 peccata,
3033 3843 3193 3908 quae

721 3933 786 3998 in
809 3935 974 4022 facto
1006 3935 1374 4009 consistunt,
1404 3937 1595 4017 atque
1623 3952 1716 4012 ea,
1744 3953 1902 4016 quae
1925 3933 1990 3996 in
2023 3931 2225 3996 verbis
2249 3930 2454 4013 posita
2475 3930 2644 3993 sunt.
2670 3927 2743 3992 In
2768 3927 2896 3991 illis
2918 3946 3190 4011 namque

721 4041 988 4122 peccatis
1034 4059 1229 4124 genus
1278 4060 1349 4105 ex
1395 4039 1528 4104 solo
1568 4039 1807 4103 obiecto
1855 4037 2284 4121 perpenditu13
2317 4036 2383 4099 in
2414 4033 2616 4099 verbis
2653 4033 2866 4097 autem
2913 4051 3038 4098 non
3069 4033 3186 4097 nisi

722 4159 797 4207 ex
818 4143 1110 4208 adiuncta
1140 4143 1331 4208 simul
1352 4142 1757 4206 intentione...
1787 4141 1868 4206 Et
1898 4141 2060 4205 ratio
2094 4141 2207 4214 est,
2234 4137 2401 4220 quod
2432 4155 2574 4201 cum
2605 4136 2793 4201 verba
2813 4135 3040 4218 reipsa
3061 4151 3184 4199 non

722 4246 1051 4322 offendant,
1085 4247 1250 4311 sicut
1296 4247 1481 4318 facta,
1518 4246 1621 4311 sed
1673 4245 2151 4328 significatione3
2193 4240 2566 4327 significatio
2614 4240 2826 4305 autem
2875 4258 2950 4304 ex
2995 4238 3192 4303 inten-

722 4347 891 4414 tione
936 4351 1049 4415 fiat
1082 4350 1315 4432 aliquid
1346 4350 1758 4434 exprimendi:
1793 4368 1914 4413 non
1948 4349 2230 4414 censetur
2259 4345 2607 4412 formaliter
2635 4343 3040 4420 contumelia,
3071 4343 3188 4408 nisi

723 4469 881 4532 quae
929 4473 999 4516 ex
1033 4452 1238 4516 animo
1278 4453 1657 4517 convitiandi
1704 4451 1979 4534 procedit
2010 4452 2109 4515 vel
2139 4470 2209 4515 ex
2251 4469 2457 4514 crassa
2492 4446 2852 4534 ignorantia
2889 4448 2954 4510 et
3003 4446 3190 4531 negli—

721 4554 933 4638 gentia
973 4554 1348 4628 advertendi,
1384 4555 1548 4636 quod
1581 4554 1747 4617 dicas
1781 4579 1842 4617 ».
