3529 5158
674 342 782 395 680
1527 349 1841 390 Appssmx
1879 349 1916 390 1.
1960 347 2359 389 mssnn‘rxno

764 451 1064 532 Quocirca
1090 451 1188 513 vix
1216 450 1489 532 apparet,
1519 468 1627 512 3111
1659 446 1914 529 quidam
1948 444 2260 509 affirment
2288 445 2449 508 hanc
2474 441 2975 508 dissertationem
3001 444 3146 508 scri-

674 557 847 638 ptam
887 574 1017 618 esse
1050 553 1266 617 contra
1312 552 1490 613 mites
1541 550 1931 612 beatior-istas:
1967 568 2111 612 nam
2143 567 2190 611 3.
2232 549 2468 612 Doctor
2515 548 2724 629 aperte
2771 546 2942 621 dicit,
2979 566 3041 611 se
3073 548 3145 612 de

674 658 788 720 hac
836 654 1197 738 quaestione
1244 673 1371 715 non
1417 650 1738 714 disserere.
1781 648 2202 715 Confutantur
2249 649 2484 713 scilicet
2532 648 2892 713 tutioristae
2941 649 3142 727 mites»,

673 779 795 822 non
844 778 1017 822 secus
1081 776 1153 820 33
1199 755 1600 820 confutantur
1648 752 2004 817 tutioristae
2053 751 2274 836 rigidi;
2325 750 2472 833 qnia
2520 750 2802 833 quisquis
2851 750 3030 814 docet
3077 770 3148 814 ac

673 860 961 937 defendit,
996 859 1241 923 licitum
1290 877 1419 921 esse
1468 875 1650 920 usum
1702 855 2007 938 opinionis
2048 854 2238 918 etiam
2285 854 2493 917 minus
2542 852 2902 935 probabilis,
2937 872 2971 916 a
3022 852 3146 917 for-

675 963 820 1026 tiori
868 962 1047 1026 docet
1083 963 1146 1025 et
1192 958 1461 1025 defendit
1511 958 1585 1021 ad
1620 959 1875 1021 honeste
1925 957 2232 1041 agendum
2267 974 2386 1020 non
2421 955 2652 1038 requiri
2700 974 2809 1039 pro
2857 954 3148 1019 libertate

671 1066 1019 1145 opinionem
1072 1062 1672 1145 probabilissinmm,
1722 1079 1910 1142 quam
1969 1060 2365 1140 requirebant
2427 1056 2611 1123 mites
2666 1057 3024 1122 tutioristae
3075 1078 3147 1122 ac

672 1167 873 1231 multo
922 1167 1127 1231 minus
1178 1164 1527 1248 opinionem
1559 1161 1882 1225 moralitm·
1914 1164 2164 1237 certam,
2202 1180 2390 1243 quam
2431 1161 2760 1245 exigebant
2797 1161 3149 1224 mrim-istae

672 1270 909 1351 rislam,-
942 1289 1097 1351 quos
1129 1269 1265 1333 ideo
1304 1288 1352 1332 s.
1388 1268 1621 1331 Doctor
1668 1284 1792 1329 non
1839 1264 1990 1328 dicit
2022 1265 2137 1328 1133
2183 1264 2620 1328 dissertatione
2669 1263 3030 1328 confutatos
3066 1284 3148 1328 re-

675 1390 938 1447 manere,
967 1372 1113 1453 quia
1145 1372 1271 1434 iam
1304 1369 1560 1443 dixerat,
1590 1386 1725 1430 eam
1758 1366 2132 1431 sententiam
2171 1368 2247 1430 ab
2281 1366 2554 1431 Ecclesia
2590 1384 2720 1430 esse
2760 1367 3143 1432 damnatam.

767 1473 801 1536 7
810 1474 868 1536 6.
905 1471 1019 1537 Sed
1053 1473 1245 1537 etiam
1276 1469 1442 1554 quod
1474 1470 1703 1533 attinet
1740 1469 1818 1532 ad
1852 1470 2222 1533 sententiam
2251 1466 2931 1561 probabilioristarum,
2962 1470 3144 1533 verba

671 1576 779 1639 illa
806 1594 853 1639 s.
882 1575 1169 1640 Doctoris
1202 1601 1235 1631 «
1259 1577 1501 1636 tce-ntum
1536 1571 1731 1653 iye‘tur
1754 1569 1853 1633 lze'c
1877 1569 2308 1634 disserendam
2341 1570 2414 1633 de
2452 1571 2637 1633 tertia
2658 1571 2907 1655 (nempe
2933 1572 3148 1655 proba-

673 1677 1152 1759 bilioristarum)
1184 1679 1245 1739 et
1273 1678 1503 1756 quarta
1539 1674 1851 1736 sententia
1888 1683 2133 1756 (nempe
2168 1674 2746 1756 probabilistarum)
2779 1698 2814 1732 »
2847 1673 3146 1739 strictiori

675 1799 876 1856 sensu,
912 1798 1100 1860 quam
1138 1799 1245 1863 per
1277 1797 1339 1841 33
1370 1777 1481 1841 illa
1528 1777 1766 1851 sonent,
1803 1779 1953 1839 sunt
1987 1775 2357 1858 accipienda.
2393 1776 2528 1839 Iam
2561 1775 2723 1840 enim
2760 1776 3051 1853 diximus,
3077 1796 3146 1841 ex

675 1882 903 1965 duplici
939 1882 1138 1964 capite
1171 1879 1703 1964 probabilioristas
1736 1878 2053 1942 dissonare
2089 1896 2123 1941 a
2149 1877 2571 1959 probabilistis
2604 1877 2869 1960 illosque
2902 1879 2966 1942 in
3014 1898 3149 1962 pro-

674 1984 1110 2048 babilistarum
1136 1983 1415 2047 doctrina
1440 1981 1807 2064 impugnare
1833 1999 2014 2043 usum
2040 1979 2282 2043 licitum
2312 1979 2617 2062 opinionis
2642 1980 2982 2063 probabilis
3011 1982 3143 2045 tum

674 2087 727 2150 si
760 2087 908 2150 haec
942 2086 1025 2149 sit
1072 2105 1262 2167 aeque
1311 2083 1645 2166 probabilis
1695 2102 1766 2147 ac
1814 2083 2020 2165 opinio
2070 2100 2180 2165 pro
2230 2082 2384 2167 lege,
2426 2084 2565 2145 tum
2612 2082 2803 2145 etiam
2838 2102 2909 2146 33
2941 2084 3144 2148 multo

675 2189 897 2272 magis,
948 2188 1001 2251 si
1050 2188 1254 2270 opinio
1302 2205 1411 2270 pro
1468 2187 1758 2250 libertate
1812 2185 2018 2248 minus
2066 2184 2402 2268 probabilis
2453 2188 2767 2267 appareat,
2819 2204 2888 2248 ac
2936 2185 3143 2268 opinio

673 2310 783 2373 pro
821 2291 975 2375 lege.
1012 2291 1203 2355 Porro
1253 2308 1300 2353 3.
1343 2289 1576 2353 Doctor
1624 2288 1687 2351 in
1726 2288 2038 2370 praesenti
2086 2287 2538 2352 Dissertatione
2586 2287 2758 2351 nullo
2803 2288 2984 2352 modo
3021 2288 3141 2352 dis-

674 2395 825 2458 serit
873 2393 944 2457 de
994 2393 1277 2476 opinione
1326 2411 1516 2471 aeque
1541 2389 1883 2470 probabili,
1918 2389 2037 2452 nisi
2085 2389 2244 2453 forte
2292 2391 2598 2471 quatenus
2648 2392 3012 2474 argumenta
3063 2392 3141 2455 ab

672 2496 805 2578 ipso
843 2496 1035 2559 allata
1068 2495 1259 2559 etiam
1294 2493 1496 2575 quoad
1545 2493 1702 2556 hanc
1749 2495 1989 2575 partem
2026 2511 2133 2574 per
2165 2512 2228 2555 se
2263 2492 2598 2574 explodunt
2630 2492 2976 2557 doctrinam
3009 2514 3146 2577 pro-

673 2599 1225 2675 babilior-istarum,
1276 2617 1399 2662 non
1446 2616 1619 2661 secus
1669 2615 1739 2660 ac
1787 2597 2124 2659 sententias
2174 2596 2638 2660 tutioristarum
2685 2598 2999 2674 refutant3
3040 2599 3145 2663 sed

673 2702 847 2764 totus
895 2701 1216 2765 conflictus
1266 2719 1335 2762 ex
1390 2699 1662 2782 professo
1713 2699 1996 2761 versatur
2051 2698 2210 2762 circa
2262 2717 2394 2761 eam
2445 2700 2685 2782 partem
2733 2700 3141 2781 quaestionis

675 2821 832 2883 quae
864 2804 1115 2885 respicit
1145 2821 1329 2866 usum
1362 2801 1666 2884 opinionis
1699 2800 2133 2883 probabilis-in
2173 2819 2473 2864 concursu
2506 2800 2962 2884 probabilioris,

769 2905 870 2967 77.
899 2904 979 2967 Et
1003 2925 1067 2968 re
1100 2904 1349 2986 quidem
1378 2923 1515 2967 vera
1542 2904 1595 2966 si
1621 2906 1989 2987 argumenta
2016 2902 2323 2985 inspicias,
2353 2902 2576 2984 quibus
2604 2922 2651 2966 s,
2679 2902 2917 2968 Doctor
2941 2906 3145 2969 utitur

673 3005 751 3069 ad
785 3007 1011 3071 thesim
1058 3025 1236 3070 suam
1271 3006 1655 3074 firmandam,
1693 3025 1763 3068 ea
1799 3024 1943 3068 sane
1977 3005 2074 3068 vel
2108 3004 2184 3068 ad
2217 3004 2468 3069 unicum
2504 3004 2682 3070 illum
2730 3025 2990 3090 scopum
3040 3027 3145 3092 per

672 3129 736 3172 se
784 3110 1048 3186 tendere,
1084 3111 1181 3174 vel
1214 3111 1376 3174 certe
1408 3110 1471 3172 i'n
1519 3108 1778 3172 eundem
1818 3107 2253 3172 tantummodo
2289 3127 2544 3191 scopum
2584 3127 2618 3173 a
2653 3128 2701 3173 3.
2738 3110 3010 3176 Doctore
3044 3111 3143 3176 ad·

672 3211 870 3276 hiberi
906 3213 1152 3295 reperis

760 3313 840 3376 Et
872 3313 1076 3395 quoad
1116 3314 1555 3397 argumentum
1590 3313 1666 3374 ab
1700 3311 2076 3375 auctoritate
2110 3312 2397 3394 petitum,
2427 3313 2737 3394 quotquot
2778 3315 2989 3379 textus
3023 3317 3144 3379 Do-

671 3419 916 3478 ctorum
961 3415 1047 3478 ihi
1081 3415 1440 3491 afferuntur,
1476 3432 1754 3496 expresse
1787 3414 1859 3478 de
1911 3413 2214 3496 probabili
2259 3414 2316 3477 in
2367 3433 2670 3480 concursu
2700 3417 3140 3498 probabilioris

671 3516 981 3581 disserunt
1008 3521 1069 3581 et
1098 3518 1164 3581 in
1196 3517 1315 3582 fine
1342 3539 1398 3581 n.
1431 3517 1532 3581 11.
1559 3518 1710 3580 11333
1734 3518 2031 3601 legimus:
2060 3544 2093 3574 «
2113 3516 2404 3582 Ceterum
2426 3514 2818 3584 Christianus
2860 3520 3140 3606 Lupus..

671 3619 858 3684 refert
884 3622 944 3683 et
968 3620 1209 3703 probat,
1232 3641 1278 3684 3.
1299 3619 1771 3704 Hieronymum,
1795 3619 2272 3696 Theodoretum,
2294 3641 2342 3685 s,
2363 3620 2786 3707 Fulgentium‚
2810 3641 2861 3686 3.
2881 3623 3145 3688 Alexan-

672 3726 853 3790 drum
893 3727 1169 3809 aliosque
1200 3728 1406 3811 plures
1443 3726 1659 3790 Patres
1693 3726 1972 3791 docuisse
2011 3730 2072 3791 et
2105 3747 2248 3792 usos
2282 3728 2469 3794 fuisse
2501 3729 2899 3809 opinioniwa
2930 3732 3142 3796 minus

655 3831 1115 3911 probabilibus,
1155 3831 1486 3895 tutioribus
1532 3850 1606 3894 ao
1638 3830 2178 3910 probabilioribus
2225 3832 2474 3895 omissis
2519 3834 2581 3896 et
2629 3832 2900 3897 ostendit
2939 3834 3140 3899 adhuc

672 3931 960 3997 Summos
993 3933 1321 3999 Pontifices
1370 3935 1430 3998 et
1466 3932 1806 3997 Ecclesiam
1854 3933 2223 3998 catholicam
2266 3953 2504 4017 semper
2549 3935 2919 4017 permisisse,
2959 3957 3136 4000 usum

656 4034 1033 4114 probabili&
1054 4034 1478 4115 probabiliori
1513 4033 1734 4098 relicta
1773 4062 1833 4098 ».

764 4138 924 4202 Item
954 4159 1013 4202 n.
1056 4140 1160 4200 ⁴21.
1198 4136 1429 4201 videbis
1460 4139 1900 4221 argumentum
1947 4138 2174 4222 urgeri,
2216 4137 2381 4219 quod
2418 4138 2592 4201 nulla
2622 4138 2719 4202 lex
2758 4139 3014 4203 exsistat
3047 4159 3132 4202 se-

673 4241 897 4322 quendi
927 4240 1362 4325 probabiliora.
1398 4266 1431 4297 ⁴<
1465 4240 1617 4304 Peto
1658 4240 1891 4322 (inquit
1939 4260 1985 4303 3.
2031 4240 2292 4323 Doctor)
2327 4240 2403 4303 ab
2443 4239 2830 4317 adversariis,
2866 4242 2941 4304 ut
2986 4241 3138 4305 indi-

672 4346 830 4418 cent,
880 4345 930 4407 si
980 4344 1258 4427 possunt,
1308 4344 1562 4406 ubinam
1606 4343 1705 4405 lex
1750 4343 1900 4406 haec
1948 4344 2030 4406 sit
2077 4342 2325 4425 scripta,
2376 4342 2540 4425 quod
2589 4345 2929 4420 teneamur,
2981 4343 3140 4408 inter

676 4445 990 4527 opiniones
1017 4443 1382 4527 prohabiles,
1409 4444 1850 4526 probabiliores
1877 4444 2049 4526 sequi
2068 4467 2128 4508 »:
2152 4443 2317 4526 quod
2342 4447 2800 4529 argumentum,
2823 4447 2918 4509 uti
2942 4449 3136 4530 patet,

672 4548 789 4611 nisi
824 4546 896 4610 de
933 4546 1236 4629 probabili
1271 4546 1331 4609 in
1366 4564 1667 4610 concursu
1700 4546 2134 4628 probabilioris
2185 4547 2308 4610 vim
2350 4565 2471 4611 non
2508 4545 2713 4611 habet.
2749 4544 2928 4625 Quod
2976 4546 3134 4612 idem
