3529 5158
723 343 831 400 486
1115 355 1327 397 maor.
1367 356 1447 397 lv.
1486 355 1572 395 mc
1609 353 1915 396 Pmcarm.
1953 354 2167 398 cAPu'r.
2205 356 2247 395 1.
2281 357 2427 397 mm.
2467 357 2531 398 11.
2571 357 2711 398 aar.
2748 358 2791 398 1.
3047 343 3191 420 [525]

727 453 973 518 excusari.
996 453 1039 508 si
1076 453 1139 508 sit
1168 452 1428 508 delectatio
1455 450 1730 510 voluntaria
1767 449 2013 518 appetitus
2049 450 2291 518 sensitivi,
2316 467 2442 519 quae
2480 453 2682 520 proprie
2719 454 2981 508 delectatio
3009 454 3189 510 dicitur

729 541 879 606 fitque
902 537 1222 594 communiter
1258 552 1367 590 cum
1407 536 1567 602 aliqua
1603 536 1889 590 alteratione
1914 536 2151 602 corporis.
2178 536 2320 590 Ratio
2359 536 2654 590 discriminis
2691 545 2782 601 est,
2807 538 2921 604 quia
2964 542 3193 593 voluntas

732 631 892 692 potest
930 623 1047 678 terri
1082 623 1131 677 in
1157 622 1403 676 obiectum
1442 625 1738 675 abstractum
1779 636 1805 672 a
1844 620 2055 685 malitia3
2080 636 2189 674 cum
2215 629 2449 688 sequatur
2483 621 2804 689 intellectum,
2831 623 2974 680 cuius
2999 631 3078 678 est
3113 626 3195 678 ab·

729 713 968 764 sti-ahere:
993 707 1240 776 appetitus
1267 722 1404 770 vero,
1431 706 1544 773 quia
1570 705 1790 773 sequitur
1815 705 2222 771 imaginationem,
2252 721 2347 759 non
2375 711 2526 760 fertur
2551 705 2599 760 in
2626 707 2873 762 obiectum
2899 712 2993 762 suh
3031 709 3192 775 aliqua

729 801 859 850 certa
895 793 1175 849 conditione
1214 800 1372 847 status
1410 796 1487 846 vet
1528 790 1766 859 temporis
1804 795 2183 858 apprehensum,
2211 792 2296 844 sed
2334 799 2388 845 ut
2428 798 2503 846 est
2541 791 2590 845 in
2628 807 2684 846 se
2696 807 2711 858 3
2737 792 2951 858 ideoque
2975 793 3090 847 talis
3115 797 3194 847 de-

730 880 926 935 lectatio
952 887 1027 938 est
1052 883 1116 934 de
1138 879 1334 933 obiecto
1357 880 1584 934 absolute
1610 880 1755 932 malo.
1775 877 1906 932 Vide
1931 879 2097 941 Laym.
2123 880 2154 929 1.
2174 892 2219 930 c.
2241 893 2285 931 c.
2307 880 2358 931 6.
2384 886 2434 931 et
2452 880 2635 932 Bonae.
2657 877 2726 933 de
2742 878 2912 935 Matr.
2932 895 2982 945 q.
3006 879 3058 932 b.
3079 896 3127 945 p.
3142 884 3193 933 8.

818 1005 995 1079 525.
1034 1007 1207 1072 Haec
1251 1006 1561 1090 pertinent
1599 1005 1676 1069 ad
1706 1004 2038 1069 materiam
2076 1005 2248 1069 dubii
2280 1007 2593 1086 sequentis
2633 1008 2697 1071 et
2742 1007 2860 1070 hoc
2889 1007 3030 1072 loco
3062 1009 3196 1072 tan-

727 1111 899 1196 gitur
945 1109 1018 1173 de
1065 1109 1465 1172 delectatione
1510 1109 1764 1172 eatenus
1812 1107 2034 1185 solum,
2085 1107 2391 1189 quatenus
2424 1108 2851 1173 consideratur
2895 1108 3197 1172 conditio—

729 1211 919 1286 nalia,
945 1214 1045 1276 vel
1074 1212 1264 1276 etiam
1297 1210 1581 1295 tangitur
1611 1209 1684 1273 de
1720 1208 1971 1294 gaudie,
2007 1210 2313 1292 quatenus
2344 1212 2440 1274 est
2469 1210 2774 1292 quaedam
2803 1210 2958 1274 facti
2991 1212 3192 1295 operis

732 1315 885 1378 mali
931 1313 1315 1397 approbatio.

819 1417 910 1482 Ut
954 1416 1074 1480 rite
1117 1416 1507 1499 intelligatur
1551 1415 1832 1479 doctrina
1877 1416 2064 1480 huius
2116 1416 2532 1494 13301111101113,
2584 1415 2835 1481 adverte
2881 1417 3193 1501 duplicem

729 1519 1032 1603 distingui
1078 1518 1567 1583 delectationem.
1608 1517 1925 1597 Quaedam
1973 1518 2136 1582 enim
2183 1520 2279 1582 est
2325 1519 2637 1601 appetitus
2683 1519 3035 1597 rationalis,
3086 1520 3193 1602 (1111

729 1623 825 1687 est
869 1622 1160 1687 voluntas
1207 1623 1268 1686 et
1315 1621 1544 1685 dicitur
1588 1619 1930 1701 wadium,-
1978 1620 2278 1702 quaedam
2328 1640 2471 1685 vero
2523 1621 2839 1704 appetitus
2891 1622 3192 1694 sensitivi,

729 1743 888 1807 quae
934 1723 1255 1787 delectatio
1301 1722 1546 1806 proprie
1588 1722 1837 1786 dicitur.
1873 1722 2044 1786 Haec
2073 1741 2216 1787 cum
2248 1722 2518 1804 quadam
2564 1723 2839 1807 corporis
2887 1726 3198 1788 transmu-

731 1827 970 1892 tatione
1016 1826 1270 1900 aecidit3
1320 1825 1431 1889 illa
1479 1826 1689 1889 autem
1736 1824 1890 1888 nihil
1939 1823 2108 1888 aliud
2156 1826 2269 1900 est,
2320 1843 2507 1905 quam
2541 1825 2798 1907 simplex
2845 1825 3198 1890 voluntatis

731 1930 904 2011 quies
952 1931 1015 1992 et
1060 1927 1506 2010 complacentia
1538 1927 1861 2008 quaedam.
1897 1927 1996 1990 Ita
2029 1925 2297 1990 Sanchez
2330 1927 2371 1990 1.
2406 1946 2456 1990 c.
2491 1927 2598 1990 lib.
2637 1927 2695 1991 1.
2722 1947 2855 2009 cap.
2892 1929 2954 1991 2.
2991 1949 3053 1991 11.
3090 1929 3193 1992 32.

824 2029 995 2109 Quae
1030 2028 1280 2111 quidem
1325 2029 1605 2093 doctrina
1651 2031 1745 2092 est
1783 2048 1830 2093 s.
1872 2028 2147 2093 'rhomae
2182 2029 2239 2092 1.
2277 2031 2336 2092 2.
2372 2049 2429 2111 q.
2466 2029 2571 2093 31.
2608 2033 2724 2093 art.
2765 2031 2866 2093 4.:
2908 2056 2944 2088 «
2985 2031 3201 2095 Dicen-

733 2134 901 2212 dum,
942 2133 1107 2214 quod
1137 2131 1464 2196 delectatio
1503 2132 1806 2214 quaedam
1854 2132 2135 2213 sequitur
2181 2131 2723 2215 apprehensionem
2770 2133 3072 2197 rationis:
3123 2132 3195 2196 ad

736 2233 1278 2320 apprehensionem
1326 2235 1535 2299 autem
1566 2234 1827 2297 rationis
1859 2253 1981 2297 non
2014 2234 2217 2298 solum
2249 2236 2674 2299 commovetur
2722 2235 3041 2317 appetitus
3072 2254 3202 2299 sen·

734 2338 957 2402 sitivus
1004 2356 1111 2420 per
1156 2337 1632 2419 applicationem
1680 2334 1756 2399 ad
1806 2335 2039 2417 aliquid
2073 2335 2466 2419 particulare,
2501 2336 2605 2400 sed
2643 2336 2836 2400 etiam
2881 2339 3201 2421 appetitus

732 2440 1167 2514 intellectivusz
1218 2441 1325 2521 qui
1371 2439 1600 2502 dicitur
1629 2439 1922 2502 voluntas
1962 2441 2025 2502 et
2056 2439 2392 2502 secundum
2439 2439 2555 2503 hoc
2591 2440 2656 2503 in
2705 2438 2986 2523 appetitu
3018 2440 3200 2504 intel·

734 2546 960 2611 lectivo
1007 2545 1135 2610 sive
1180 2545 1243 2608 in
1290 2544 1617 2609 voluntate
1678 2544 1773 2606 est
1833 2542 2181 2623 delectati0‚
2229 2562 2388 2626 quae
2432 2542 2660 2608 dicitur
2703 2543 3030 2626 madiam,
3079 2564 3202 2610 non

735 2649 946 2713 31113111
992 2647 1319 2711 delectatio
1367 2646 1722 2729 corporalis
1773 2646 1910 2710 Hoc
1956 2648 2165 2710 tamen
2210 2645 2472 2709 interest
2516 2646 2678 2709 inter
2722 2646 3199 2712 delectationem

736 2750 1060 2831 utriusque
1084 2749 1417 2832 appetitus
1452 2749 1617 2830 quod
1648 2748 1975 2813 delectatio
2009 2748 2322 2831 appetitus
2355 2748 2660 2813 sensibilis
2685 2751 2780 2813 est
2811 2768 2956 2813 cum
2992 2751 3201 2834 aliqua

737 2851 1258 2916 transmutatione
1305 2851 1643 2933 corporali3
1678 2851 2005 2915 delectatio
2040 2852 2249 2915 autem
2285 2850 2598 2933 appetitus
2645 2850 3018 2916 intellectivi
3049 2853 3200 2917 nihil

737 2954 905 3019 aliud
931 2953 1043 3029 est,
1070 2973 1259 3036 quam
1283 2954 1541 3037 simplex
1572 2957 1783 3018 motus
1815 2952 2160 3018 voluntatis
2198 2954 2262 3016 et
2293 2953 2629 3016 secundum
2653 2954 2770 3017 hoc
2802 2954 3200 3036 Augustinus

735 3057 971 3133 dicit...‚
1021 3057 1184 3139 quod
1231 3056 1539 3139 cupiditas
1587 3058 1651 3120 et
1694 3056 1938 3119 laetitia
1986 3055 2139 3118 nihil
2188 3057 2282 3118 est
2331 3054 2519 3132 aliud,
2560 3074 2748 3136 quam
2796 3056 3097 3121 voluntas
3141 3058 3200 3121 in

736 3180 950 3227 eorum
996 3160 1496 3242 consequutione‚
1549 3178 1706 3242 quae
1753 3159 2044 3222 volumus
2078 3183 2138 3221 ».

824 3260 1000 3335 526.
1027 3264 1224 3328 Valde
1256 3263 1599 3328 notandum
1639 3264 1851 3327 autem
1883 3263 1978 3325 est
2007 3261 2070 3323 in
2100 3280 2228 3325 rem
2259 3262 2644 3343 praesentem
2678 3261 3010 3325 discrimen
3045 3263 3204 3327 inter

734 3368 888 3432 duas
933 3367 1076 3431 illas
1123 3366 1594 3440 delectationes3
1646 3364 1941 3427 nimirum
1989 3363 2156 3445 quod
2199 3363 2526 3427 rationalis
2565 3364 2774 3446 potest
2820 3383 2954 3429 esse
3000 3364 3210 3429 condi-

740 3468 1013 3544 tionalis,
1060 3487 1183 3533 non
1230 3469 1382 3532 item
1429 3466 1758 3531 delectatio
1809 3466 2123 3549 appetitus
2173 3466 2475 3530 sensitivi.

828 3571 982 3634 Rem
1014 3570 1106 3633 ita
1136 3570 1286 3633 bene
1318 3569 1584 3634 Sanchez
1618 3568 1724 3632 lib.
1759 3570 1814 3631 1.
1851 3588 1983 3652 cap.
2020 3570 2079 3631 2.
2114 3589 2174 3632 n.
2213 3569 2316 3631 33.
2344 3568 2637 3632 declarat.
2676 3568 2745 3631 Id
2774 3569 2936 3633 inter
2965 3570 3204 3633 utram-

737 3691 856 3754 que
887 3672 1357 3736 delectationem
1394 3672 1606 3748 distat,
1642 3670 1808 3753 quod
1840 3670 2167 3735 delectatio
2215 3670 2560 3734 voluntatis
2609 3670 2809 3752 possit
2841 3669 2914 3734 de
2965 3671 3201 3736 obiecto

735 3774 1139 3839 conditionali
1184 3794 1333 3851 esse,
1384 3792 1505 3838 non
1554 3774 1764 3837 autem
1812 3772 2138 3837 delectatio
2199 3772 2512 3855 appetitus
2559 3771 2860 3836 sensitivi.
2911 3771 2999 3835 Et
3045 3773 3199 3837 ratio

734 3878 1105 3943 discriminis
1152 3879 1265 3954 est,
1314 3877 1463 3959 quia
1509 3876 1837 3939 delectatio
1892 3875 2215 3959 consurgit
2260 3894 2332 3938 ex
2370 3876 2736 3953 praesentia
2794 3875 2944 3939 boni
2994 3895 3202 3941 conve-

736 3980 981 4058 nientia,
1018 3981 1131 4045 aut
1176 3978 1511 4044 secundum
1542 3998 1673 4042 rem
1704 3978 1968 4061 possessi
2010 3980 2122 4041 aut
2153 3976 2376 4041 saltem
2409 3976 2745 4041 secundum
2782 3977 3198 4061 cognitionem

738 4104 846 4151 3311
893 4082 1456 4168 apprehensionem.
1490 4080 1578 4145 At
1620 4081 1992 4157 intellectuS,
2035 4099 2105 4143 ex
2136 4078 2314 4143 cuius
2360 4078 2713 4163 cognitione
2743 4080 3042 4145 voluntas
3080 4099 3199 4144 mo-

737 4189 937 4265 vetur,
965 4186 1171 4269 potest
1207 4183 1654 4268 apprehendere
1686 4186 1748 4247 et
1780 4201 2117 4265 proponere
2156 4182 2468 4246 voluntati
2502 4182 2813 4246 obiectum
2852 4184 3198 4248 conditione

741 4290 1038 4354 vestitum
1071 4308 1141 4352 ac
1178 4308 1215 4352 a
1246 4287 1492 4352 malitia
1540 4286 1903 4369 praecisum.
1937 4285 2144 4368 Atque
2174 4284 2312 4349 ideo
2359 4285 2704 4349 voluntatis
2736 4283 3072 4351 delectatio
3104 4305 3200 4370 po-

738 4392 864 4455 test
909 4410 1038 4454 esse
1084 4391 1157 4454 de
1204 4389 1416 4453 eodem
1465 4388 1703 4452 obiecto
1752 4388 1866 4451 sub
1913 4387 2125 4452 eadem
2173 4387 2521 4452 conditione
2569 4388 2633 4450 et
2678 4388 3058 4470 praecisione
3104 4408 3199 4472 ap-

737 4494 1033 4578 prehenso
1067 4495 1129 4557 et
1163 4492 1339 4574 quasi
1388 4490 1696 4574 praesenti
1728 4492 1790 4553 et
1822 4490 1949 4553 iam
1981 4509 2279 4572 possesso.
2315 4490 2402 4553 At
2434 4489 2842 4574 imaginativa
2879 4510 2989 4555 seu
3023 4491 3199 4556 aesti-

738 4596 995 4673 mativa,
1045 4616 1116 4660 ex
1163 4595 1337 4658 cuius
1377 4591 1857 4675 apprehensione
1886 4594 2171 4657 movetur
2210 4591 2524 4675 appetitus
2571 4591 2925 4671 sensitivuS,
2960 4593 3196 4658 nullam
