3529 5158
706 341 813 398 596
1224 352 1435 393 maor.
1476 353 1556 393 lv.
1595 352 1680 392 mn
1716 349 2021 391 PECOATIS.
2060 348 2258 391 oapu‘r
2295 349 2361 389 11.
2399 349 2544 392 nun.
2580 348 2647 388 11.
3022 332 3172 408 [684]

816 449 1060 504 xxxvl.
1086 449 1333 515 Respond.
1365 451 1412 502 2.
1442 450 1695 503 Peccatum
1726 461 1789 501 ex
1814 460 1992 510 genere
2016 460 2105 498 suo
2145 446 2368 509 mortale,
2395 443 2553 497 tribus
2578 456 2641 497 ex
2679 441 2845 496 causis
2872 442 2979 497 fleri
3005 452 3172 511 potest

709 534 912 596 veniale,
939 540 995 587 ut
1029 539 1163 600 patet
1188 547 1248 586 ex
1274 531 1435 586 dictis.
1466 532 1623 585 Prima
1651 538 1742 595 est,
1771 530 1812 584 si
1850 546 1911 584 ex
1939 537 2072 598 parte
2097 528 2373 584 intellectus
2399 543 2496 581 non
2522 527 2586 582 sit
2614 531 2830 595 perlecta
2857 529 3163 583 advertentis

707 618 918 674 malitiae
955 632 1040 672 seu
1080 616 1385 671 deliberatio.
1414 616 1557 682 Signa
1594 624 1755 671 autem
1795 615 2106 681 imperfectae
2144 613 2512 668 deliberationis
2551 618 2680 675 sunt,
2716 615 2758 665 l.
2789 611 2831 664 si
2871 612 3081 668 tenuiter
3121 622 3169 669 et

704 704 844 771 qnasi
881 702 1245 758 semidormiens
1271 702 1631 770 apprehendisti
1657 716 1766 756 esse
1793 702 1999 755 malum:
2029 703 2076 753 2.
2105 698 2148 753 si
2175 705 2302 767 post,
2332 699 2415 754 ubi
2448 697 2624 754 melius
2650 694 2957 765 consideras,
2982 698 3170 754 indicas

701 797 754 844 te
792 803 887 842 non
926 787 1075 842 tuisse
1102 791 1357 850 iacturum,
1385 786 1428 841 si
1452 786 1521 842 ita
1558 785 1992 855 apprehendisses:
2019 786 2068 837 3.
2095 784 2138 838 si
2163 783 2593 839 vehementissima
2623 786 2870 855 passione,
2899 790 3170 854 apprehen-

707 874 845 929 sione
883 877 958 928 vel
997 872 1310 928 distractione
1347 872 1597 937 laborasti,
1624 875 1703 926 vel
1743 875 1970 926 turbatus
2001 870 2148 933 luisti,
2174 868 2241 923 ita
2280 876 2335 923 ut
2371 873 2474 924 lere
2510 871 2798 938 nesciveris,
2824 872 2942 939 quid
2982 885 3173 935 ageres.

813 961 1037 1013 Secunda
1074 973 1221 1013 causa
1257 964 1416 1012 estex
1444 964 1579 1025 parte
1617 955 1902 1021 voluntatis,
1933 955 1976 1008 si
2003 970 2097 1009 non
2136 954 2200 1009 sit
2236 958 2483 1022 perlectus
2519 971 2805 1011 consensus.
2832 956 2979 1021 Signa
3003 963 3171 1010 autem

706 1043 977 1111 imperfecti
1011 1057 1279 1097 consensus
1302 1047 1429 1106 sunt,
1464 1044 1509 1094 1.
1540 1040 1580 1095 si
1606 1040 1674 1096 ita
1711 1039 1980 1107 dispositus
2018 1038 2184 1103 lueri5‚
2209 1046 2260 1092 ut
2287 1037 2398 1093 licet
2428 1037 2566 1094 facile
2593 1039 2810 1106 potueris
2836 1038 3038 1105 exsequi
3064 1055 3176 1107 pec·

706 1137 884 1193 catum,
910 1143 1004 1182 non
1044 1134 1203 1181 tamen
1239 1127 1307 1181 sis
1344 1132 1606 1181 exsecutus
1630 1142 1643 1180 :
1667 1128 1713 1180 2.
1741 1125 1783 1179 si
1820 1124 1930 1192 quis
1966 1124 2172 1189 dubitet,
2204 1138 2317 1177 num
2356 1124 2675 1188 consenserit,
2714 1125 2999 1192 praesertim
3027 1125 3072 1177 si
3108 1124 3174 1178 sit

708 1209 785 1266 vir
822 1210 1107 1266 timoratus:
1136 1214 1184 1264 3.
1212 1210 1253 1264 si
1278 1210 1389 1277 quis
1415 1214 1569 1264 soleat
1606 1224 1716 1264 esse
1751 1209 1819 1263 ita
1859 1212 2076 1272 affectus,
2106 1216 2160 1262 ut
2198 1207 2334 1263 malit
2374 1208 2516 1272 mori,
2542 1224 2686 1275 quam
2726 1223 2964 1278 expresse
2990 1216 3171 1262 morta·

707 1296 819 1351 liter
846 1310 1073 1364 peccare:
1095 1295 1212 1362 quia
1232 1295 1342 1349 talis
1362 1310 1459 1349 non
1480 1294 1618 1349 facile
1637 1294 1905 1349 consentit:
1924 1294 1971 1348 6.
1992 1292 2034 1347 si
2051 1293 2162 1361 quis
2183 1296 2326 1347 valde
2346 1293 2515 1348 timide
2534 1302 2582 1349 et
2609 1308 2847 1362 suspense
2871 1294 3179 1362 processisse

706 1396 760 1435 se
799 1378 1043 1436 meminit:
1071 1381 1121 1434 5.
1149 1379 1192 1433 si
1216 1379 1523 1434 semisomnis
1550 1379 1638 1433 luit
1666 1393 1762 1433 non
1791 1381 1931 1447 plene
1955 1377 2033 1432 sui
2056 1393 2259 1445 compos
2285 1385 2382 1432 etc.
2406 1378 2689 1445 indicetque
2718 1394 2773 1434 se
2801 1380 2854 1433 id
2894 1393 2989 1433 non
3019 1378 3171 1433 luisse

709 1470 964 1530 facturum,
994 1463 1037 1517 si
1073 1467 1214 1532 plene
1253 1464 1518 1529 vigilasset.
1549 1463 1603 1514 V.
1631 1467 1806 1519 Sancti.
1841 1467 1884 1517 1.
1918 1464 2059 1519 Mor.
2087 1479 2129 1517 c.
2166 1464 2242 1516 lo.
2271 1465 2474 1518 Baldell.
2502 1465 2533 1517 1.
2569 1466 2648 1517 10.
2677 1466 2725 1517 d.
2756 1466 2806 1517 8.

814 1548 980 1604 Tertia
1019 1563 1166 1604 causa
1203 1564 1264 1603 ex
1304 1557 1440 1617 parte
1466 1548 1714 1611 materiae,
1742 1547 1786 1602 si
1825 1552 1943 1602 haec
1971 1548 2032 1600 sit
2062 1547 2204 1615 parvi
2231 1547 2478 1601 momenti.
2509 1550 2716 1615 Quando
2752 1555 2917 1601 autem
2953 1548 3067 1602 talis
3098 1547 3177 1611 sit,

708 1635 1080 1688 discernendum
1107 1641 1182 1689 est
1209 1633 1380 1688 morali
1405 1633 1586 1688 iudicio
1614 1632 1886 1701 prudentis,
1919 1632 1998 1687 cui
2027 1640 2286 1699 sequentes
2325 1634 2524 1697 regulae
2551 1632 2782 1686 servient.
2817 1634 2863 1686 1.
2893 1634 2958 1687 Ut
2983 1634 3044 1686 de
3071 1647 3173 1685 ma·

707 1721 830 1775 teria
865 1720 1124 1786 iudicetur,
1153 1736 1248 1774 non
1275 1727 1460 1775 tantum
1492 1719 1597 1788 ipsa
1637 1722 1903 1773 secundum
1944 1734 1997 1774 se
2036 1721 2259 1773 absolute
2295 1725 2371 1773 est
2407 1717 2777 1780 consideranda,
2806 1719 2894 1772 sed
2923 1716 3071 1772 etiam
3097 1733 3173 1771 re·

706 1805 926 1872 spective
963 1808 1024 1859 ad
1056 1808 1199 1860 tinem
1224 1805 1492 1860 intentum:
1520 1806 1581 1858 ad
1607 1819 1749 1872 quem
1777 1804 1818 1857 si
1848 1818 2019 1872 parum
2047 1803 2175 1868 lacit,
2204 1802 2328 1857 levis
2353 1809 2443 1867 est,
2470 1802 2637 1867 gravis
2663 1808 2848 1868 autem,
2875 1801 2918 1856 si
2947 1804 3173 1866 multum,

710 1897 759 1943 ut
781 1892 922 1944 docet
944 1891 1095 1955 Vasq.
1124 1892 1165 1941 l.
1187 1893 1236 1943 2.
1252 1892 1298 1943 d.
1322 1891 1436 1943 l58.
1462 1893 1509 1943 2.
1531 1890 1867 1943 Αῑῑεηιίεηᾰειε
1887 1896 1999 1943 sunt
2019 1886 2414 1943 circumstantiae
2428 1902 2445 1955 3
2464 1887 2578 1953 quia
2600 1902 2746 1955 saepe
2769 1890 2841 1951 nt,
2862 1896 2916 1942 ut
2938 1902 3024 1942 res
3041 1902 3105 1942 ex
3127 1903 3178 1941 se

708 1973 846 2036 tevi&
871 1973 1067 2027 attentis
1091 1972 1467 2027 circumstantiis
1494 1973 1608 2027 boni
1645 1972 1932 2039 communis,
1959 1972 2142 2027 vitandi
2170 1972 2387 2027 scandali
2425 1979 2517 2027 etc.
2546 1975 2627 2027 ssat
2668 1972 2852 2038 gravis.
2879 1976 2931 2027 3.
2960 1976 3037 2027 An
3066 1988 3177 2041 pars

707 2058 866 2125 aliqua
887 2057 958 2111 rei
984 2066 1272 2124 praeceptae
1299 2058 1361 2112 sit
1387 2057 1565 2125 gram,
1587 2073 1643 2112 ea
1669 2060 1932 2126 spectanda
1953 2066 2026 2112 est
2053 2064 2155 2111 tum
2185 2055 2412 2113 absolute
2437 2064 2486 2111 et
2510 2060 2780 2112 secundum
2807 2072 2882 2118 se,
2906 2066 3011 2112 tum
3032 2057 3175 2111 etiam

708 2140 756 2195 in
795 2140 967 2195 ordine
1007 2142 1067 2194 ad
1108 2148 1282 2195 totum.
1311 2143 1357 2195 t.
1386 2145 1435 2196 ln
1464 2141 1933 2207 transgressionibus
1970 2141 2207 2209 repetitis,
2236 2141 2278 2196 si
2305 2145 2470 2210 plures
2501 2141 2732 2196 materiae
2758 2156 2963 2209 parvae,
2991 2146 3071 2196 vel
3098 2157 3174 2196 se·

708 2228 918 2280 cundum
958 2236 1035 2291 se,⁴
1053 2229 1132 2279 vel
1172 2228 1439 2281 secundnm
1471 2231 1670 2281 eftectus
1708 2243 1733 2281 a
1776 2241 1829 2281 se
1866 2229 2150 2294 productoS‚
2182 2226 2434 2281 moraliter
2471 2226 2845 2292 coniungantur,
2875 2230 2929 2281 tlt
2968 2226 3171 2280 materia

706 2311 901 2380 gravis3
929 2311 1041 2378 quia
1070 2317 1183 2365 tunc
1207 2326 1377 2365 omnes
1401 2313 1653 2367 moraliter
1677 2318 1969 2379 reputantur
1988 2327 2078 2379 pro
2106 2326 2215 2366 una.
2236 2309 2420 2367 Contra
2449 2326 2568 2366 vero
2596 2327 2692 2366 non
2711 2319 2937 2367 censetur
2962 2311 3170 2364 materia

708 2396 892 2461 gravis,
908 2396 949 2451 si
970 2411 1149 2463 parvae
1169 2396 1402 2452 materiae
1422 2412 1511 2451 nec
1532 2400 1799 2451 secundum
1813 2413 1866 2451 se
1885 2411 1975 2451 nec
1993 2399 2261 2452 secundum
2275 2400 2476 2453 effectus
2496 2397 2696 2452 relictos
2713 2397 2843 2452 inter
2861 2410 2912 2451 se
2925 2396 3174 2451 uniantur.

798 2519 973 2595 684.
1009 2523 1367 2590 Generatim
1414 2524 1663 2591 adverte
1710 2524 2054 2590 doctrinam
2102 2543 2150 2591 s.
2201 2525 2475 2590 Thomas
2502 2526 2561 2589 2.
2598 2526 2657 2590 2.
2700 2544 2757 2607 q.
2794 2524 2899 2589 35.
2928 2525 3050 2588 art.
3079 2523 3172 2601 3.;

714 2653 749 2687 α
779 2625 1305 2692 Considerandum
1336 2629 1433 2692 est
1461 2628 1525 2692 in
1559 2628 1844 2692 omnibus
1891 2628 2177 2710 peccatis
2210 2647 2368 2710 quae
2415 2630 2563 2692 sunt
2607 2628 2950 2692 secundum
2986 2646 3175 2692 suum

708 2725 903 2812 genus
950 2729 1261 2806 mortalia,
1311 2730 1478 2810 quod
1524 2748 1643 2793 non
1700 2732 1847 2794 sunt
1901 2730 2213 2808 mortalia,
2261 2731 2380 2795 nisi
2427 2729 2672 2812 quando
2741 2748 2924 2794 suam
2976 2729 3178 2813 perfe-

709 2831 977 2894 ctionem
1008 2832 1487 2912 consequuntur.
1523 2831 1866 2913 Loquimur
1899 2831 2061 2896 enim
2092 2852 2254 2898 nunc
2285 2832 2357 2896 de
2389 2833 2639 2915 peccato
2671 2832 2972 2910 humano⁹
3008 2832 3174 2914 quod

707 2933 772 2997 in
811 2933 954 2997 actu
984 2933 1258 2997 humano
1295 2933 1599 3009 consistit,
1634 2933 1810 2997 cuius
1842 2935 2212 3018 principium
2251 2937 2345 2999 est
2382 2936 2543 2999 ratio
2580 2959 2640 2996 ›.

795 3035 957 3101 Hinc
987 3036 1163 3101 iuxta
1195 3056 1243 3101 s.
1279 3037 1584 3100 Thomam
1615 3037 1859 3101 nullum
1892 3040 1986 3102 est
2017 3039 2250 3121 peccati
2288 3057 2502 3123 genua,
2534 3037 2697 3120 quod
2731 3038 2809 3102 ob
2849 3039 3032 3103 actus
3064 3039 3175 3103 im·

706 3137 1141 3221 perfectionem
1177 3158 1299 3204 non
1331 3139 1529 3221 possit
1565 3138 1697 3204 fieri
1732 3140 1990 3204 veniale.
2032 3141 2134 3205 Ita
2171 3142 2231 3203 2.
2260 3141 2320 3204 2.
2348 3159 2407 3222 q.
2434 3140 2539 3205 36.
2568 3142 2687 3205 art.
2716 3142 2809 3205 3.:
2847 3166 2884 3200 «
2907 3141 2998 3205 In
3029 3162 3179 3224 quo—

706 3239 857 3304 libet
889 3261 1112 3322 ywere
1139 3243 1381 3320 peccate*
1425 3241 1711 3305 nwrtalis
1754 3243 2155 3306 inveniuntur
2202 3241 2396 3325 aliqui
2442 3244 2784 3326 imperfecti
2832 3246 3052 3310 motus
3099 3246 3162 3309 in

707 3344 1111 3409 sensualitate
1148 3345 1527 3422 exsistentes,
1555 3346 1661 3426 qui
1687 3347 1836 3408 sunt
1857 3347 2108 3428 peccata
2125 3346 2429 3411 venialia:
2458 3347 2620 3411 sicut
2647 3348 2712 3411 in
2736 3366 2964 3432 genere
3001 3348 3175 3413 adul·

708 3445 849 3509 terii
871 3446 1108 3528 primus
1124 3448 1334 3510 motus
1359 3447 1886 3530 concupiscentiae
1917 3449 1981 3511 et
2003 3448 2066 3510 in
2099 3466 2318 3531 genere
2349 3449 2667 3513 homicidii
2694 3451 2933 3532 primus
2958 3453 3174 3514 motus

708 3547 855 3622 irae,
904 3547 996 3610 ita
1042 3547 1232 3610 etiam
1286 3547 1349 3610 in
1406 3567 1625 3631 genere
1682 3548 1948 3613 invidiae
2008 3549 2409 3614 inveniuntur
2456 3551 2651 3633 aliqui
2700 3552 2887 3633 primi
2932 3556 3168 3620 motus,

708 3648 1076 3730 quandoque
1121 3649 1308 3712 etiam
1355 3650 1419 3713 in
1466 3650 1615 3715 viris
1660 3650 1965 3732 perfectis⁹
1995 3653 2121 3733 'qui
2171 3656 2317 3717 sunt
2361 3654 2612 3736 peccata
2659 3653 2928 3717 venialia
2961 3679 3025 3717 ».

797 3746 969 3821 685.
1003 3751 1214 3816 Prima
1251 3771 1438 3816 causa
1485 3755 1580 3818 est
1625 3772 1695 3816 ex
1743 3756 1919 3836 parte
1963 3753 2383 3820 adver-tentiae
2415 3774 2523 3820 seu
2556 3755 3027 3822 deliberationis
3060 3758 3172 3822 im-

708 3855 1030 3937 perfectae,
1078 3855 1254 3919 cuius
1315 3856 1493 3939 signa
1541 3856 1899 3938 suppeditat
1942 3857 2018 3921 A.
2069 3855 2332 3942 Signum
2376 3877 2498 3922 non
2547 3860 2644 3924 est
2690 3859 2854 3924 ratio
2901 3860 3015 3938 rei,
3067 3859 3170 3926 sed

708 3959 914 4048 potest
950 3977 1079 4022 esse
1111 3959 1293 4033 ratio,
1327 3977 1437 4021 cnr
1467 3958 1540 4021 de
1577 3977 1642 4021 re
1679 3957 1797 4022 hoc
1836 3959 1932 4023 vel
1963 3959 2072 4024 illo
2112 3962 2293 4044 pacto
2325 3961 2577 4025 iudices.

796 4057 1017 4141 Itaque
1053 4061 1323 4143 primum
1362 4060 1608 4144 signum
1641 4053 1820 4143 ponit
1849 4061 1912 4125 in
1945 4080 2016 4126 eo
2057 4063 2152 4139 A.⁹
2188 4063 2240 4128 si
2279 4063 2417 4147 quis
2450 4064 2918 4129 semidormiens
2951 4067 3045 4129 vel
3076 4084 3166 4129 se—

707 4162 1001 4227 miebrius
1034 4162 1248 4246 egerit.
1276 4161 1450 4242 Quad
1478 4163 1747 4227 alterum
1784 4164 2052 4249 signum,
2084 4165 2242 4231 illud
2265 4186 2386 4231 non
2423 4167 2487 4231 in
2519 4186 2590 4232 eo
2631 4169 2726 4232 est
2759 4169 2971 4242 situm,
2996 4169 3165 4249 quod

707 4264 847 4346 quis
888 4253 1271 4348 gravitatem
1318 4265 1581 4330 offensae
1626 4265 1873 4331 divinae
1919 4269 1983 4331 et
2026 4268 2283 4350 periculi
2327 4269 2426 4334 sui
2471 4269 2697 4335 melius
2747 4273 2893 4352 post
2929 4270 3170 4337 factum

708 4367 1100 4448 perpendens,
1132 4368 1363 4432 iudicet
1399 4387 1462 4432 se
1494 4387 1615 4432 non
1650 4367 1967 4434 facturum
1997 4370 2205 4448 fuisse,
2241 4373 2294 4436 si
2327 4391 2456 4436 rem
2502 4372 2727 4437 melius
2759 4374 2934 4456 prius
2967 4378 3172 4441 consi-

708 4467 1013 4542 derasset:
1054 4489 1199 4532 nam
1230 4463 1438 4553 potuit
1476 4469 1877 4535 nihilominus
1924 4475 2306 4555 praevertere
2343 4475 2568 4539 notitia
2617 4475 2933 4541 sufficiens
2965 4481 3176 4564 gravi·

710 4569 860 4632 tatis
893 4571 1140 4666 culpae:
1177 4571 1280 4635 sed
1311 4571 1374 4634 in
1406 4591 1476 4636 eo
1508 4576 1603 4635 est
1640 4573 1854 4650 situm,
1896 4574 2054 4656 quod
2091 4575 2230 4657 quis
2268 4577 2640 4660 perpende-ns
2688 4577 3172 4662 dispositionem
