3529 5158
698 337 927 379 DXXXVI
1575 339 1788 381 SDRIES
1826 336 2295 378 CHRONOLOGICA

792 441 899 499 20.
934 439 1405 501 Ecclesiastica
1429 444 1728 517 potestas
1751 455 1938 501 suam
1967 437 2435 498 auctoritatem
2458 452 2763 497 exercere
2791 454 2926 496 non
2960 436 3165 499 debet

703 528 959 603 absque
1008 529 1229 591 civilis
1279 530 1606 591 Gubernii
1658 529 1860 590 venia
1904 532 1974 587 et
2019 543 2318 588 assensu.

885 619 1100 678 ALloc.
1127 619 1421 678 Meminit
1453 619 1875 695 unusquisque
1905 618 2012 677 30.
2041 614 2454 691 Septembris
2491 616 2680 675 1861.

795 708 899 766 21.
952 708 1253 768 Ecclesia
1282 724 1413 767 non
1462 709 1665 768 habet
1710 709 2112 783 potestatem
2145 704 2521 780 dogmatice
2545 704 2926 781 definiendi,
2977 704 3160 765 Reli-

700 796 967 870 gionem
1015 797 1383 857 catholicae
1416 798 1753 857 Ecclesiae
1778 812 1922 856 esse
1970 795 2165 854 unice
2206 810 2430 853 veram
2461 793 2900 871 Religionem.

884 885 1043 945 Litt.
1082 888 1319 961 Apost.
1361 886 1745 962 Multiplices
1787 886 1952 943 inter
1976 888 2077 943 10.
2117 883 2294 942 Iunii
2338 885 2532 941 1851.

794 974 897 1032 22.
921 974 1283 1052 obligatio,
1299 993 1433 1050 qua
1455 974 1766 1035 catholici
1785 973 2089 1048 magistri
2114 976 2182 1031 et
2207 972 2563 1047 scriptores
2587 973 2855 1032 omnino
2870 971 3161 1032 adstrin-

697 1067 974 1137 guntur,
1026 1068 1404 1125 coarctatur
1451 1064 1523 1123 in
1570 1064 1653 1124 iis
1701 1066 1988 1137 tantum,
2049 1078 2220 1137 quae
2275 1061 2360 1120 ab
2415 1060 2761 1121 infallibili
2817 1062 3160 1122 Ecclesiae

700 1150 948 1211 iudicio
982 1154 1195 1213 velut-i
1228 1154 1384 1214 fidei
1433 1153 1748 1229 dogmata
1771 1152 1857 1212 ab
1881 1151 2192 1211 omnibus
2242 1149 2569 1210 credenda
2615 1155 3107 1226 proponuntur.

880 1241 1095 1316 Epist.
1130 1242 1215 1301 ad
1250 1243 1574 1318 Archiep.
1610 1242 1901 1317 Frising.
1944 1241 2110 1299 Tuas
2139 1240 2398 1299 libenter
2424 1239 2935 1300 21.Decembris
2963 1242 3156 1300 1863.

791 1332 895 1387 23.
946 1331 1230 1390 Romani
1278 1332 1641 1391 Pontifices
1672 1335 1741 1390 et
1776 1329 2074 1390 Concilia
2108 1328 2530 1390 oecumenica
2559 1346 2598 1385 a
2635 1328 2964 1389 limitibus
2997 1346 3160 1391 suae

700 1419 1061 1492 potestatis
1119 1426 1559 1493 recesserunt,
1594 1420 1741 1480 iura
1779 1419 2171 1493 Principum
2229 1420 2642 1492 usurparunt
2705 1423 2907 1493 atque
2954 1418 3159 1479 etiam

696 1506 769 1565 in
819 1509 1020 1568 rebus
1067 1509 1222 1569 fidei
1270 1513 1338 1569 et
1384 1528 1639 1570 morum
1689 1508 2088 1568 definiendis
2120 1514 2449 1566 errarunt.

881 1598 1043 1659 Litt.
1083 1600 1324 1674 Apost.
1359 1599 1748 1674 Multiplices
1795 1597 1962 1656 inter
1996 1599 2100 1657 10.
2136 1595 2316 1655 Iunii
2355 1598 2548 1654 1851.

790 1690 896 1746 24.
948 1688 1248 1748 Ecclesia
1292 1688 1398 1748 vis
1444 1687 1833 1748 inferendae
1879 1689 2276 1761 potestatem
2313 1701 2446 1744 non
2486 1684 2689 1745 habet
2721 1700 2935 1760 neque
2971 1691 3156 1761 pote-

694 1779 939 1835 statem
990 1777 1196 1836 ullam
1243 1778 1671 1852 temporalem
1708 1776 2030 1835 direct-am
2066 1776 2174 1834 vel
2209 1774 2622 1833 indirectam.

882 1866 1043 1924 Litt.
1072 1868 1313 1940 Apost.
1342 1867 1449 1924 Ac]
1482 1866 1889 1942 Apostolieae
1921 1867 2025 1923 22.
2056 1864 2358 1939 Augusti
2395 1866 2585 1923 1851.

789 1955 893 2012 25.
946 1955 1219 2014 Praeter
1264 1958 1659 2028 potestatem
1710 1953 2129 2029 episcopatui
2179 1952 2656 2027 inhaerentem,
2704 1952 2837 2014 alia
2882 1957 2985 2014 est
3055 1959 3157 2013 at·

696 2041 956 2101 tributa
1004 2043 1390 2117 temporalis
1436 2048 1734 2117 potestas
1781 2060 1821 2102 a
1867 2043 2052 2102 civili
2101 2042 2380 2116 imperio
2419 2042 2527 2102 vel
2568 2059 2879 2118 expresse
2913 2042 3022 2103 vel
3056 2047 3155 2102 ta-

694 2130 827 2189 cite
876 2148 1205 2209 concessa,
1241 2132 1611 2191 revocanda
1659 2135 2032 2207 propterea,
2070 2148 2219 2191 cum
2254 2131 2528 2191 libuerit
2561 2150 2600 2191 a
2633 2131 2816 2192 civili
2851 2132 3149 2207 imperiO.

880 2220 1041 2279 Litt.
1084 2222 1326 2295 Apost.
1362 2222 1469 2280 Ad
1501 2222 1907 2297 Apostolicae
1944 2223 2049 2279 22.
2080 2221 2380 2295 Augusti
2419 2224 2611 2280 1851.

787 2310 891 2367 26.
922 2309 1219 2370 Ecclesia
1266 2327 1400 2370 non
1450 2311 1654 2371 habet
1702 2310 2010 2370 nativum
2058 2328 2136 2371 ac
2183 2310 2558 2385 legitimum
2606 2309 2713 2370 ius
2758 2309 3151 2386 acquirendi

696 2413 773 2455 ac
822 2399 1225 2473 possidendi.

874 2489 1090 2548 Alloc.
1128 2487 1473 2562 anqmmn
1504 2488 1659 2565 fore
1693 2492 1796 2547 15.
1833 2487 2219 2548 Decembris
2261 2490 2452 2547 1856.
2495 2488 2710 2563 Epist.
2748 2488 2996 2564 encycl.
3034 2488 3149 2549 Ioz-

961 2577 1248 2636 crede'bili
1289 2579 1391 2637 17.
1430 2577 1842 2653 Septembris
1878 2581 2070 2638 1863.
2101 2605 2106 2610 ·

784 2668 889 2724 27.
942 2666 1124 2726 Sacri
1174 2667 1511 2725 Ecclesiae
1560 2667 1852 2727 Ministri
1911 2669 2384 2741 Romanusque
2457 2665 2775 2727 Pontifex
2831 2667 2916 2727 ab
2964 2671 3146 2729 omni

692 2770 915 2813 rerum
963 2756 1427 2830 temporalium
1468 2774 1625 2815 cura
1659 2773 1735 2816 ac
1774 2756 2068 2815 dominio
2102 2760 2263 2815 sunt
2300 2757 2571 2816 0111111110
2605 2756 3023 2816 excludendi.

874 2844 1087 2903 Alloc.
1124 2843 1411 2902 Maxima
1447 2846 1688 2920 quidem
1727 2851 1786 2906 9.
1831 2845 2011 2905 Ι111111
2050 2847 2241 2904 1862.
2635 2885 2642 2894 ·

786 2934 890 2990 28.
942 2933 1311 3011 Episcopis,
1346 2933 1489 2993 sine
1523 2935 1854 2994 Gubernii
1899 2935 2116 3008 venia,
2155 2934 2256 2992 fas
2290 2950 2422 2992 non
2457 2938 2560 2994 est-
2594 2935 2699 2993 001
2742 2934 2920 3010 ipsas
2962 2940 3150 3013 Apo-

691 3020 961 3080 stolicas
996 3021 1285 3081 Litteras
1317 3024 1755 3100 promulgare.

870 3110 1086 3170 Alloc.
1117 3110 1457 3187 Nunquam
1475 3113 1629 3188 sore
1663 3117 1767 3172 15.
1807 3113 2194 3173 Decembris
2229 3115 2423 3172 1856.

779 3202 882 3259 29.
922 3199 1195 3260 Gratiae
1252 3219 1291 3259 a
1346 3202 1643 3261 Romano
1694 3202 2016 3264 Pontifice
2080 3218 2430 3263 concessae
2479 3202 2849 3263 existimari
2891 3205 3146 3266 debent

688 3291 1001 3364 tanquam
1057 3289 1303 3368 irritae,
1339 3289 1468 3348 nisi
1506 3307 1625 3364 per
1652 3292 2067 3351 Gubernium
2103 3291 2356 3352 fuerint
2389 3291 2797 3367 imploratae.

868 3379 1081 3437 Alloc.
1118 3377 1455 3455 Nunquam
1484 3379 1638 3456 sore
1676 3384 1776 3439 15.
1816 3382 2202 3442 Decembris
2243 3384 2434 3441 1856.

775 3469 880 3524 30.
917 3467 1252 3526 Ecclesiae
1288 3472 1353 3527 et
1387 3485 1814 3543 personarum
1868 3472 2459 3531 ecclesiasticarum
2499 3472 2895 3534 immunitas
2927 3491 2967 3533 a
3000 3474 3146 3535 iure

684 3555 871 3614 civili
920 3561 1136 3614 ortum
1174 3558 1428 3617 habuit.

863 3644 1021 3703 Litt.
1058 3648 1296 3719 Apost.
1336 3646 1722 3722 illnltiplices
1754 3648 1923 3705 iuter
1959 3652 2060 3707 10.
2097 3649 2278 3706 1111111
2316 3651 2509 3708 1851.

773 3735 877 3791 31.
916 3734 1453 3795 Ecclesiasticnm
1508 3736 1723 3794 forum
1775 3753 1895 3810 pro
1944 3737 2422 3811 temporalibus
2464 3740 2864 3799 Clericorun]
2920 3745 3145 3803 causis

683 3822 827 3881 sive
874 3823 1187 3882 civilibus
1235 3825 1378 3884 sive
1424 3825 1885 3884 criminalibus
1933 3826 2201 3884 omnino
2235 3826 2316 3884 de
2351 3828 2566 3887 medio
2606 3828 2978 3889 tollendum
3012 3838 3138 3908 est,

680 3911 881 3971 etiam
932 3912 1314 3972 inconsulta
1346 3917 1414 3972 et
1453 3914 1858 3972 reclamante
1893 3915 2288 3988 Apostolica
2339 3915 2527 3975 Sede.

860 4003 1074 4060 Alloc.
1112 4002 1598 4060 Aeerlroesivnum
1637 4006 1741 4062 27.
1767 4003 2176 4078 Septembris
2207 4007 2397 4064 1852.
2436 4040 2517 4050 --
2549 4006 2762 4067 Alloc.
2794 4007 3142 4084 Nunquam-

946 4091 1087 4160 fore
1120 4093 1223 4148 15.
1262 4091 1649 4150 Decembris
1688 4095 1877 4152 1856.

768 4183 873 4237 32.
912 4180 1191 4253 Absque
1218 4179 1359 4237 ulla
1404 4180 1731 4240 naturalis
1781 4181 1944 4242 iuris
1991 4189 2061 4243 et
2107 4184 2470 4258 aequit-atis
2508 4185 2872 4245 violatione
2913 4192 3144 4260 potest

678 4267 982 4342 abrogari
1030 4268 1401 4341 personalis
1447 4267 1853 4348 immunitas,
1905 4290 2037 4346 qua
2087 4274 2324 4334 Clerici
2374 4274 2458 4333 ab
2506 4291 2707 4334 onere
2753 4275 3146 4338 subeundae

675 4356 1218 4429 exercendaeqne
1264 4357 1545 4416 militiae
1592 4360 2005 4434 eximuntur3
2049 4364 2218 4423 hanc
2267 4380 2424 4422 vero
2471 4364 2966 4438 abrogationem
3023 4384 3143 4442 po-

676 4446 887 4504 stulat
911 4444 1129 4502 civilis
1168 4462 1578 4524 progressus,
1618 4451 1901 4510 maxime
1927 4452 1994 4510 111
2021 4454 2339 4512 societate
2374 4453 2458 4512 ad
2498 4453 2771 4513 formam
2807 4453 3146 4515 liberioris

676 4533 1023 4606 regiminis
1071 4535 1455 4596 constituta.
