3529 5158
978 430 1465 473 PROPOSITIONUM
1501 434 1951 477 DAMNATARUM.
1992 437 2258 478 LUTnfflu
2704 441 2828 483 xvn

382 547 515 590 non
552 530 727 590 enim
765 529 1025 591 sufficit
1072 531 1373 592 remissio
1419 532 1676 609 peccati
1704 539 1773 595 et
1812 536 2066 612 gratiae
2096 536 2388 617 donatio,
2425 542 2540 601 sed
2573 546 2834 617 oportet

382 620 587 680 etiam
621 619 889 680 credere
921 635 1065 680 esse
1113 620 1478 681 remissum.

475 712 580 768 11.
616 706 819 768 Nullo
846 708 1039 768 modo
1072 709 1365 769 confidas
1396 711 1652 772 absolvi
1686 716 1961 789 propter
1984 720 2166 775 tuam
2202 718 2688 799 contritionem,
2716 721 2829 781 sed

383 805 658 875 propter
705 798 981 858 verbum
1042 797 1322 859 Christi:
1380 798 1813 878 Quodcumque
1867 805 2126 864 solveris
2173 810 2295 866 etc.
2347 808 2587 868 Matth.
2638 808 2827 869 XVI.

384 887 582 965 Hinc,
625 887 920 966 inquam,
971 887 1247 966 confide,
1298 888 1353 948 si
1402 889 1763 952 sacerdotis
1811 892 2180 955 obtinueris
2226 897 2713 958 absolutionem
2763 904 2829 959 et

381 978 572 1038 crede
607 976 874 1037 sort-iter
900 980 967 1037 te
999 977 1398 1057 absolutum,
1426 980 1496 1039 et
1526 979 1874 1041 absolutus
1905 998 2061 1042 vere
2085 984 2234 1063 eris,
2263 986 2596 1061 quidquid
2627 987 2716 1048 sit
2748 986 2828 1049 de

378 1066 799 1127 contritione.
2477 1118 2480 1119 ⁷

470 1160 572 1216 12.
603 1155 675 1217 si
700 1173 818 1232 per
837 1155 1248 1231 impossibile
1274 1155 1617 1218 confessus
1643 1175 1773 1217 non
1803 1163 1979 1219 esset
2012 1160 2338 1223 contritus
2371 1168 2489 1224 aut
2521 1166 2826 1227 sacerdos

381 1263 511 1306 non
547 1246 719 1306 serio
753 1245 870 1305 sed
917 1246 1059 1306 ioco
1092 1247 1497 1306 absolveret:
1546 1247 1601 1307 si
1636 1252 1857 1308 tamen
1894 1249 2121 1310 credat
2169 1269 2239 1311 se
2271 1253 2671 1333 absolutum,
2712 1272 2824 1316 ve-

378 1334 637 1395 rissime
668 1338 772 1394 est
818 1335 1185 1396 absolutus,

471 1426 575 1483 13.
614 1425 696 1483 In
736 1428 1148 1484 sacramento
1181 1425 1645 1486 Poenitentiae
1677 1443 1753 1487 ac
1801 1428 2189 1490 remissione
2220 1431 2453 1505 culpae
2492 1447 2622 1493 non
2671 1434 2825 1508 plus

379 1512 546 1573 facit
590 1513 779 1588 Papa
827 1517 948 1574 aut
980 1514 1370 1593 Episcopus,
1412 1532 1609 1591 quam
1658 1516 1926 1576 infimus
1972 1517 2305 1579 sacerdos:
2349 1521 2502 1597 imo,
2542 1522 2658 1581 ubi
2691 1539 2819 1582 non

380 1605 481 1662 est
529 1601 856 1678 sacerdos,
904 1620 1117 1679 aeque
1164 1606 1427 1664 tantum
1474 1604 1761 1680 quilibet
1808 1606 2237 1687 christianuS,
2278 1609 2540 1669 etiamsi
2589 1612 2826 1671 mulier

375 1692 494 1751 aut
532 1708 700 1768 puer
737 1696 931 1753 esset.

468 1783 572 1840 14.
621 1781 867 1840 Nullus
916 1780 1117 1840 debet
1164 1782 1489 1843 sacerdoti
1540 1783 1958 1863 respondere,
2001 1801 2071 1845 se
2103 1802 2247 1846 esse
2295 1786 2654 1847 contritum
2706 1804 2827 1849 nee

374 1869 681 1931 sacerdos
713 1871 1070 1945 requirere.
1848 1910 1866 1923 -

465 1962 569 2019 15.
606 1960 896 2035 Magnus
933 1963 1037 2019 est
1068 1977 1250 2019 error
1286 1976 1531 2038 eorum,
1576 1960 1690 2036 qui
1725 1961 1808 2021 ad
1843 1969 2327 2023 sacramentum
2365 1964 2826 2028 Eucharistiae

374 2048 703 2109 accedunt
733 2049 891 2109 huic
916 2049 1154 2127 innixi,
1183 2050 1360 2125 quod
1391 2050 1528 2110 sint
1552 2050 1860 2129 confessi,
1888 2053 2066 2127 quod
2103 2071 2232 2113 non
2261 2053 2399 2113 sint
2423 2056 2549 2115 sibi
2580 2058 2820 2118 conscii

371 2138 657 2198 alicuius
711 2138 966 2214 peccati
1022 2138 1341 2212 mortalis,
1399 2139 1576 2215 quod
1631 2140 2099 2216 praemiserint
2154 2144 2489 2205 orationes
2543 2163 2698 2207 snas
2756 2152 2824 2207 et

375 2228 909 2303 praeparatoria:
937 2243 1166 2288 omnes
1203 2227 1301 2288 illi
1340 2228 1657 2288 iudicium
1693 2227 1822 2288 sibi
1855 2230 2263 2293 manducant
2294 2236 2364 2294 et
2396 2232 2661 2295 bibunt.
2691 2235 2822 2296 Sed

371 2317 427 2378 si
454 2317 733 2378 credant
756 2321 826 2378 et
863 2317 1204 2377 confidant
1235 2335 1305 2377 se
1329 2318 1613 2394 gratiam
1646 2318 1739 2378 ibi
1774 2325 2264 2401 consecuturOS,
2299 2323 2461 2383 haec
2486 2323 2627 2385 sola
2658 2324 2823 2385 fides

372 2405 536 2467 facit
567 2422 679 2467 eos
715 2421 920 2482 puros
951 2408 1020 2467 et
1051 2406 1309 2483 dignos

462 2498 565 2556 16.
603 2496 1000 2557 Consultum
1030 2496 1321 2575 videtur,
1355 2496 1533 2571 quod
1567 2496 1864 2557 Ecclesia
1896 2495 1966 2555 in
1992 2501 2323 2559 communi
2359 2500 2655 2561 Concilio
2689 2505 2821 2562 sta-
2863 2564 2866 2567 .

372 2589 613 2663 tueret,
640 2584 845 2647 laicos
869 2585 994 2646 sub
1020 2593 1308 2661 utraque
1333 2586 1551 2661 specie
1567 2587 2169 2669 communicandos,
2196 2606 2320 2650 nec
2344 2591 2621 2651 Bohemi
2647 2608 2821 2652 com-

373 2676 796 2736 municantes
827 2676 953 2736 sub
984 2678 1273 2751 utraque
1320 2674 1540 2751 specie
1581 2681 1741 2736 sunt
1772 2677 2112 2756 haeretici,
2153 2678 2266 2738 sed
2301 2680 2729 2742 schismatici.

471 2766 572 2825 17.
612 2764 935 2825 Tbesauri
968 2764 1325 2842 Ecclesiae,
1376 2764 1556 2824 unde
1587 2766 1775 2841 Papa
1804 2765 1922 2827 dat
1954 2767 2431 2848 indulgentias,
2481 2787 2612 2831 non
2662 2774 2824 2832 sunt

372 2854 614 2914 merita
646 2853 897 2915 Christi
932 2856 1003 2914 et
1034 2857 1436 2914 sanctorum.

464 2946 569 3004 18.
606 2943 1078 3020 Indulgentiae
1110 2946 1272 3003 sunt
1305 2943 1454 3018 piae
1487 2940 1757 3004 fraudes
1789 2943 2084 3005 fidelium
2132 2951 2200 3007 et
2245 2946 2668 3009 remissiones
2707 2949 2821 3010 bo-

368 3048 607 3092 norum
656 3048 959 3107 operum:
994 3036 1063 3093 et
1094 3033 1255 3092 sunt
1302 3032 1383 3092 de
1430 3048 1705 3092 numero
1753 3049 1981 3093 eorum
2018 3051 2190 3112 quae
2221 3037 2429 3096 licent
2461 3042 2530 3097 et
2567 3055 2699 3099 non
2739 3039 2823 3098 de

366 3138 648 3182 numero
678 3137 905 3182 eorum
938 3137 1108 3197 quae
1146 3122 1530 3198 expediunt.

461 3214 567 3272 19.
595 3211 1070 3287 Indulgentiae
1096 3209 1226 3289 his,
1251 3212 1366 3288 qui
1388 3211 1720 3271 veraciter
1745 3229 1857 3271 eas
1883 3218 2406 3290 consequuntur,
2436 3231 2566 3273 non
2593 3216 2822 3275 valent

364 3301 452 3361 ad
487 3301 943 3361 remissionem
994 3317 1247 3377 poenae
1293 3318 1413 3377 pro
1460 3301 1753 3375 peccatis
1791 3301 2169 3360 actualibus
2216 3301 2481 3361 debitae
2517 3302 2697 3378 apud
2724 3303 2822 3362 di-

363 3392 594 3452 vinam
626 3389 976 3450 iustitiam.

453 3483 561 3540 20.
607 3479 1033 3541 seducuntur
1071 3478 1413 3539 credentes
1443 3477 1900 3554 indulgentias
1932 3494 2076 3539 esse
2108 3482 2438 3543 salut-ares
2458 3485 2527 3542 et
2558 3482 2642 3542 ad
2680 3479 2818 3543 fru-

360 3573 514 3630 ctus
554 3567 834 3644 spiritus
871 3567 1092 3628 utiles.

454 3661 562 3718 21.
603 3656 1078 3734 Indulgentiae
1109 3658 1517 3718 necessariae
1554 3659 1716 3718 sunt
1738 3658 1948 3718 solum
1975 3659 2263 3734 publicis
2295 3662 2711 3740 criminibuS,
2747 3667 2816 3722 et

362 3747 637 3826 proprie
674 3746 1132 3808 conceduntur
1162 3747 1349 3807 duris
1382 3746 1794 3807 solummodo
1825 3750 1894 3806 et
1925 3747 2453 3822 impatientibus.

454 3840 563 3899 22.
607 3837 739 3898 Sex
776 3836 1135 3914 generibus
1165 3835 1504 3896 hominum
1556 3834 2019 3911 indulgentiae
2051 3855 2175 3897 nec
2206 3842 2369 3898 sunt
2408 3839 2819 3899 necessariae

362 3945 489 3990 nec
521 3927 758 3988 utiles:
792 3925 1111 3987 videlicet
1158 3926 1439 3986 mortuis
1469 3941 1589 3986 seu
1625 3924 1987 4001 morituris,
2020 3925 2319 4004 infirmis,
2354 3927 2653 4002 legitime
2699 3926 2820 3986 im·

359 4017 636 4095 peditis,
669 4017 776 4076 his
807 4015 925 4091 qui
950 4032 1085 4075 non
1117 4015 1592 4075 commiserunt
1620 4014 1919 4092 crimina,
1958 4014 2066 4074 his
2099 4014 2211 4091 qui
2246 4016 2523 4075 crimina
2553 4015 2820 4076 commi-

362 4109 605 4168 sesunt
638 4104 757 4166 sed
789 4121 923 4164 non
958 4104 1244 4180 publica,
1280 4105 1386 4164 his
1418 4104 1534 4179 qui
1566 4103 1840 4164 meliora
1871 4108 2250 4178 operantur.

452 4198 562 4256 23.
600 4193 1340 4256 Excommunicationes
1378 4197 1538 4255 sunt
1584 4195 1846 4252 tantum
1882 4199 2197 4260 externae
2244 4211 2497 4270 poenae
2527 4210 2650 4255 nec
2683 4195 2817 4270 pri-

364 4288 533 4346 vant
563 4284 901 4345 hominem
940 4282 1405 4343 communibus
1436 4282 1903 4358 spiritualibus
1929 4284 2262 4345 Ecclesiae
2293 4284 2726 4345 orationibus.

452 4377 562 4433 24.
595 4371 895 4435 Docendi
947 4375 1111 4433 sunt
1155 4372 1499 4432 christiani
1542 4372 1695 4447 plus
1726 4370 2009 4448 diligere
2044 4374 2812 4450 excommunicationem,

356 4481 564 4541 quam
611 4463 866 4524 timere.

445 4555 556 4614 25.
591 4553 934 4613 Romanus
963 4549 1302 4624 Pontifex,
1336 4548 1524 4608 Petri
1547 4565 1902 4624 successor,
1938 4566 2072 4610 non
2095 4554 2201 4611 est
2233 4549 2486 4611 Obristi
2517 4552 2813 4612 vicarius

356 4659 566 4720 super
586 4657 819 4703 omnes
840 4641 1055 4701 totius
1084 4637 1319 4700 mundi
1345 4637 1676 4698 Eeclesias
1706 4637 1793 4698 ab
1824 4638 1969 4713 ipso
1995 4639 2264 4700 Christo
2290 4640 2360 4699 in
2385 4640 2583 4700 beato
2607 4642 2812 4701 Petro

354 4732 738 4794 institutus.
