3529 5158
318 360 467 437 [725]
1019 376 1350 419 immane
1387 376 1460 419 sn
1494 376 1691 419 oausA
1728 376 2075 419 unmomnn
2673 366 2779 422 621

321 474 737 538 necessariam
769 498 830 537 ».
866 473 989 538 Ubi
1036 472 1203 538 vides
1252 474 1355 558 agi
1401 473 1474 538 de
1521 493 1689 549 casu,
1739 492 1862 556 quo
1902 492 2051 538 usus
2093 476 2354 541 rationis
2388 478 2484 540 est
2513 478 2779 543 maxime

321 577 719 642 necessarius.

405 677 695 744 Ceterum
726 679 890 744 ratio
928 676 1130 755 Croix,
1165 678 1328 761 quod
1358 677 1459 740 hic
1503 698 1630 742 non
1676 682 1771 742 est
1797 679 1950 759 finis
1973 683 2185 759 potus,
2218 681 2437 746 debilis
2469 685 2583 747 est.
2610 682 2783 747 Nun-

320 781 467 863 quid
513 781 676 847 enim
722 781 861 846 finis
898 782 1086 863 potus
1124 781 1243 845 erit
1288 799 1620 863 provocare
1669 782 2021 847 vomitum?
2053 781 2347 865 Quisquis
2394 784 2479 848 sit
2525 785 2779 850 effectus

319 884 581 950 alicuius
604 885 713 959 rei,
739 885 873 949 eius
902 884 1043 949 finis
1080 883 1337 961 dicetur,
1370 884 1422 947 si
1448 884 1584 949 ideo
1622 883 1808 964 (citra
1838 885 2384 970 inordinationem)
2409 888 2780 953 adhibeatur

319 988 383 1051 et
426 987 482 1052 si
523 1008 585 1052 v.
623 1008 717 1072 gr.
755 987 918 1052 libro
962 1006 1012 1050 S.
1047 984 1400 1068 Scripturae
1444 987 1591 1051 utor
1636 986 1713 1050 ad
1761 987 2158 1053 occidendum
2203 990 2606 1072 scorpionem,
2655 1008 2779 1056 non

316 1088 454 1153 ideo
492 1108 694 1173 pecco,
729 1090 876 1172 quia
907 1089 1047 1152 finis
1083 1087 1227 1151 libri
1258 1106 1338 1151 ss.
1380 1087 1727 1152 Bibliorum
1757 1108 1881 1152 non
1914 1092 2007 1153 est
2041 1090 2310 1154 occidere
2351 1092 2723 1173 scorpiones

406 1190 574 1277 Ergo
622 1190 903 1275 quaestio
951 1209 1021 1255 eo
1053 1189 1311 1253 redibit:
1343 1189 1564 1253 licetne
1612 1188 1689 1251 ad
1736 1189 2061 1254 vitandum
2109 1209 2355 1255 sensum
2395 1193 2612 1275 magni
2649 1212 2783 1258 cru-

314 1291 521 1358 ciatus
567 1294 768 1377 sopire
812 1294 979 1376 ipsos
1026 1295 1288 1356 sensus?
1320 1291 1400 1354 Et
1446 1291 1593 1354 haee
1641 1292 1923 1372 quaestio
1972 1292 2233 1356 refertur
2279 1311 2400 1357 non
2449 1293 2653 1357 solum
2702 1293 2779 1358 ad

314 1393 680 1459 ebrietatem
727 1414 839 1477 ope
886 1394 1034 1468 vini,
1074 1393 1178 1458 sed
1212 1393 1289 1457 ad
1338 1393 1655 1458 obtentam
1689 1414 1796 1477 per
1842 1395 2152 1474 tabacum,
2189 1395 2423 1478 opium,
2466 1396 2780 1461 aetherem

314 1500 429 1561 aut
467 1496 635 1561 aliud
667 1496 973 1561 medium:
1006 1515 1151 1560 nam
1190 1496 1254 1559 in
1290 1493 1435 1560 vino
1469 1495 1782 1560 accederet
1813 1496 1944 1560 sola
1979 1497 2268 1581 voluptas
2300 1498 2566 1575 bibendi,
2591 1518 2781 1580 quam

312 1599 450 1663 heic
487 1600 891 1682 supponimus
926 1618 1050 1664 non
1097 1598 1311 1680 quaeri
1357 1617 1466 1662 neo
1503 1617 1611 1680 per
1654 1617 1720 1662 se
1752 1600 1846 1662 est
1877 1599 2118 1664 sslicita.
2158 1601 2352 1666 Porro
2393 1602 2444 1665 si
2477 1601 2647 1665 licite
2679 1600 2783 1665 ad-

310 1701 565 1765 hibetur
594 1702 828 1778 vinum,
855 1704 929 1766 ut
960 1701 1052 1765 ait
1089 1721 1136 1765 s,
1163 1700 1456 1778 ThomaS,
1484 1699 1562 1763 ad
1590 1699 1925 1765 levandum
1955 1700 2232 1766 dolorem
2264 1704 2597 1781 stomachi,
2633 1703 2780 1785 quia

312 1823 427 1887 per
462 1803 678 1868 vinum
707 1805 1025 1890 purgatur,
1051 1803 1315 1876 vomitu,
1347 1820 1469 1866 non
1502 1801 1700 1875 video,
1732 1822 1843 1866 cnr
1874 1803 2150 1867 adhiberi
2181 1823 2305 1868 non
2335 1806 2536 1888 possit
2578 1804 2657 1869 ad
2688 1824 2784 1869 so-

310 1905 572 1990 piendos
626 1925 859 1970 sensus.
907 1905 1070 1970 Nam
1125 1906 1375 1970 effectus
1420 1904 1648 1969 directe
1694 1905 1975 1969 intentus
2022 1908 2188 1970 esset
2233 1925 2528 1971 sensuum
2574 1925 2778 1989 sopor,

309 2009 653 2092 permissus
682 2008 944 2074 rationis
976 2026 1159 2091 sopor
1190 2010 1253 2072 et
1288 2026 1411 2073 non
1443 2025 1614 2071 usus.

424 2148 700 2200 Lxxxm.
729 2150 779 2200 3.
805 2148 904 2199 Nec
928 2144 1045 2200 item
1070 2151 1146 2198 cst
1186 2152 1453 2211 peceatum,
1480 2144 1525 2199 si
1548 2144 1658 2211 quis
1680 2152 1886 2209 cogatur
1910 2144 2098 2199 intento
2125 2160 2259 2201 ense.
2287 2147 2351 2200 V.
2377 2149 2515 2201 Less-
2535 2151 2566 2202 l.
2589 2148 2638 2202 4.
2657 2164 2701 2202 c.
2728 2150 2779 2202 3.

311 2234 364 2286 d.
389 2232 440 2285 4.
464 2246 518 2285 n.
544 2232 629 2284 ³7.
654 2234 803 2285 Azor.
828 2229 999 2295 Regin.
1029 2231 1166 2284 Bam.

401 2336 585 2411 725.
610 2340 732 2404 Hic
755 2358 934 2404 casus
960 2340 1034 2403 ad
1060 2338 1503 2422 disputandum
1527 2339 1695 2415 facit,
1715 2358 1837 2404 non
1870 2339 1946 2403 ad
1972 2341 2230 2423 praxim,
2250 2341 2346 2405 uti
2372 2343 2566 2425 patet.
2587 2340 2647 2406 S.
2675 2342 2780 2406 Al-

308 2444 592 2528 phonsus
624 2440 700 2506 ad
732 2441 793 2506 h.
827 2442 870 2505 l.
904 2463 962 2506 n.
994 2441 1095 2505 76.
1130 2444 1314 2525 putat
1343 2441 1724 2526 probabilius
1757 2461 1907 2520 esse,
1944 2461 2065 2507 non
2111 2442 2292 2508 licere
2325 2447 2389 2508 et
2424 2443 2600 2507 affert
2637 2448 2781 2527 post

309 2543 678 2611 Salmantio.
706 2546 783 2609 tr.
812 2546 915 2610 25.
943 2563 1074 2628 cap.
1104 2545 1163 2608 2.
1190 2563 1249 2608 n.
1278 2544 1383 2608 45.
1410 2543 1715 2626 quaedam
1745 2545 1930 2610 verba
1969 2564 2017 2609 S.
2058 2545 2399 2632 Augustini
2445 2564 2516 2610 ex
2549 2565 2782 2613 sermo·

306 2647 496 2714 nibus
548 2649 697 2712 231.
746 2650 809 2712 et
840 2647 990 2711 232.
1024 2646 1096 2711 de
1141 2649 1437 2730 tempore.
1478 2644 1594 2711 Sed
1642 2649 1789 2711 sunt
1813 2648 2064 2734 spurii:
2104 2667 2215 2712 nec
2262 2667 2408 2714 sane
2458 2648 2522 2713 in
2570 2649 2780 2715 Africa

308 2751 490 2815 erant
539 2767 713 2834 reges
760 2768 832 2813 ea
879 2751 1103 2823 aetate,
1138 2748 1244 2830 qui
1291 2768 1507 2833 cogere
1553 2751 1804 2833 possent
1851 2750 1928 2814 ad
1974 2749 2326 2826 bibendum,
2362 2753 2435 2816 ut
2483 2753 2780 2836 supponit

306 2852 556 2918 Auctor
585 2871 957 2916 sermonum.

400 2955 692 3020 Utuntur
714 2958 1100 3039 argumento,
1127 2953 1291 3036 quod
1315 2955 1579 3019 ebrietas
1606 2955 1688 3019 sit
1712 2954 2049 3017 intrinsece
2073 2954 2261 3018 mala.
2291 2954 2627 3019 Mittamus
2654 2975 2779 3033 eos,

306 3058 416 3140 qui
447 3057 572 3122 hac
593 3056 659 3120 in
682 3074 870 3121 causa
900 3056 1262 3120 ebrietatem
1293 3058 1656 3139 comparant
1688 3076 1830 3120 cum
1869 3056 2239 3139 pollutione;
2268 3057 2580 3138 quomodo
2615 3058 2782 3122 enim

305 3160 733 3237 concederent,
759 3158 940 3223 licere
963 3159 1170 3244 gratia
1202 3159 1534 3222 sanitatis?
1556 3158 1751 3238 Atqui
1783 3157 1836 3220 si
1861 3157 2139 3239 permitti
2171 3159 2384 3240 potest
2415 3159 2655 3222 ratione
2688 3178 2783 3223 sa-

305 3262 557 3338 nitatis,
582 3261 908 3326 intrinsece
937 3260 1106 3324 mala
1130 3261 1248 3323 erit
1279 3260 1483 3323 solum
1506 3259 1567 3322 si
1593 3258 1714 3337 fiat
1739 3259 1877 3322 sine
1913 3260 2083 3321 ite-sta
2105 3278 2315 3332 causa,
2342 3259 2552 3342 prouti
2583 3259 2781 3325 dicere

305 3365 589 3431 solemus
615 3364 816 3452 quoad
848 3364 1149 3428 laesiones
1176 3362 1441 3426 aliorum
1466 3361 1528 3425 in
1554 3361 1704 3438 vita,
1726 3361 2097 3438 substantia,
2124 3360 2294 3425 fama
2327 3363 2442 3426 eto.
2470 3361 2636 3447 Ergo
2671 3364 2780 3428 abs

304 3486 374 3532 re
400 3467 663 3532 affertur
690 3467 853 3531 ratio
886 3464 1165 3528 vvmlitiae
1196 3464 1591 3536 intrinsecae,
1617 3462 1738 3527 nisi
1764 3462 2145 3540 ostendatur,
2173 3482 2295 3528 non
2328 3463 2512 3530 licere
2535 3465 2599 3528 in
2632 3484 2782 3531 casu

307 3570 387 3636 ob
441 3570 756 3635 rationem
811 3567 1144 3633 servandae
1200 3567 1363 3630 vitae
1409 3566 1764 3650 permittere
1819 3564 2240 3630 turbationem
2297 3555 2447 3632 usus
2495 3568 2777 3647 rationis,

306 3675 523 3757 prouti
561 3673 732 3737 licite
764 3671 1150 3755 permittitur
1185 3670 1424 3733 ratione
1462 3668 1799 3733 servandae
1839 3668 2152 3732 sanitatis.

398 3775 461 3840 S.
479 3775 842 3859 Alphonsus
867 3774 1118 3837 excusat
1149 3772 1509 3835 ebrietatem
1542 3789 1729 3836 causa
1756 3771 2065 3838 sanitatis,
2095 3771 2239 3853 quia
2265 3774 2452 3854 potus
2477 3772 2605 3835 vini
2631 3773 2783 3835 tunc

304 3896 431 3942 non
464 3877 700 3941 dieitur
729 3875 1203 3943 immoderatus:
1239 3893 1309 3937 ex
1350 3893 1399 3937 s.
1432 3873 1672 3937 Thoma
1713 3873 1922 3938 autem
1961 3874 2023 3937 in
2073 3873 2426 3938 definitione
2460 3874 2782 3938 ebrietatis

304 3975 596 4046 formalis
643 3979 926 4054 habetur,
961 3976 1124 4059 quod
1156 3977 1342 4058 potus
1374 3976 1458 4039 sit
1502 3975 1967 4040 immoderatus.
2005 3974 2426 4039 Veruntamen
2475 3975 2656 4040 facile
2688 3978 2784 4040 est

302 4101 628 4167 reponere,
659 4101 733 4146 ex
767 4080 981 4146 eodem
1012 4098 1061 4143 s.
1096 4078 1336 4143 Thoma
1384 4077 1462 4142 ad
1508 4077 1833 4142 formalem
1864 4077 2227 4142 ebrietatem
2276 4077 2506 4159 requiri
2539 4080 2679 4141 tum
2708 4080 2784 4142 ut

303 4186 369 4251 id
396 4185 520 4249 fiat
549 4186 688 4250 sine
711 4183 1092 4254 necessitate,
1118 4185 1257 4245 tum
1280 4200 1352 4245 ex
1381 4180 1518 4244 sola
1541 4179 1852 4260 voluptate
1877 4179 2039 4243 vini:
2065 4179 2232 4260 quod
2255 4179 2504 4261 quidem
2534 4183 2599 4244 et
2621 4181 2784 4245 Azor

304 4287 415 4352 lib.
454 4289 513 4352 7.
543 4305 679 4370 cap.
703 4287 808 4349 33.
832 4305 889 4367 q.
920 4287 978 4348 5.
1004 4284 1250 4366 saepius
1278 4283 1569 4357 inculcat,
1596 4282 1726 4346 scil.
1762 4281 1929 4364 quod
1952 4281 2074 4345 «in
2107 4282 2223 4346 hoc
2260 4282 2572 4346 ebriorum
2600 4283 2785 4366 culpa

303 4388 639 4465 consistat,
674 4389 833 4452 teste
871 4406 918 4451 s.
950 4386 1211 4461 Thoma,
1251 4385 1416 4468 quod
1448 4385 1707 4450 scienter
1734 4383 2147 4449 immoderato
2200 4384 2354 4468 potu
2394 4385 2658 4448 utantur
2706 4384 2784 4450 ad

305 4493 707 4577 voluptatem
740 4516 802 4554 ».
838 4490 920 4553 Et
947 4503 1164 4553 mrsus
1200 4488 1385 4552 ibid.:
1417 4512 1451 4546 ιι
1484 4487 1769 4552 Ebrietas
1800 4488 2044 4552 exsistit
2067 4505 2138 4551 ex
2184 4486 2597 4553 immoderato
2627 4492 2784 4570 potu

304 4597 384 4662 ad
416 4597 818 4678 voluptatem
850 4597 913 4658 et
950 4595 1165 4657 contra
1195 4593 1501 4657 rationem
1541 4592 1711 4670 facit,
1746 4592 1855 4674 qui
1900 4591 2228 4657 immodice
2274 4591 2452 4656 bibat
2489 4591 2563 4656 ad
2605 4591 2786 4655 volu-

2953 4839 3374 5040 Α.
