<?xml version="1.0" encoding="UTF-8"?>
<!DOCTYPE html PUBLIC "-//W3C//DTD XHTML 1.0 Transitional//EN"
    "http://www.w3.org/TR/xhtml1/DTD/xhtml1-transitional.dtd">
<html xmlns="http://www.w3.org/1999/xhtml" xml:lang="en" lang="en">
 <head>
  <title>
</title>
<meta http-equiv="Content-Type" content="text/html;charset=utf-8" />
  <meta name='ocr-system' content='tesseract 3.04.00' />
  <meta name='ocr-capabilities' content='ocr_page ocr_carea ocr_par ocr_line ocrx_word'/>
</head>
<body>
  <div class='ocr_page' id='page_1' title='image "./opustheologicum00palmgoog_0648.png"; bbox 0 0 3529 5158; ppageno 0'>
   <div class='ocr_carea' id='block_1_1' title="bbox 337 358 2798 434">
    <p class='ocr_par' dir='ltr' id='par_1_1' title="bbox 337 358 2798 434">
     <span class='ocr_line' id='line_1_1' title="bbox 337 358 2798 434; baseline -0.001 -19"><span class='ocrx_word' id='word_1_1' title='bbox 337 358 478 434; x_wconf 83' lang='lat'>[621]</span> <span class='ocrx_word' id='word_1_2' title='bbox 557 373 907 416; x_wconf 65' lang='lat' dir='ltr'>mern-tono</span> <span class='ocrx_word' id='word_1_3' title='bbox 942 373 1257 415; x_wconf 61' lang='lat' dir='ltr'>sumnum</span> <span class='ocrx_word' id='word_1_4' title='bbox 1293 372 1697 415; x_wconf 64' lang='lat' dir='ltr'>Pacca‘ronuu</span> <span class='ocrx_word' id='word_1_5' title='bbox 1732 374 1816 414; x_wconf 77' lang='lat' dir='ltr'>nx</span> <span class='ocrx_word' id='word_1_6' title='bbox 1853 373 2218 417; x_wconf 70' lang='lat' dir='ltr'>marimens</span> <span class='ocrx_word' id='word_1_7' title='bbox 2257 373 2562 415; x_wconf 69' lang='lat' dir='ltr'>orposrns</span> <span class='ocrx_word' id='word_1_8' title='bbox 2685 358 2798 414; x_wconf 70' lang='lat'>555</span> 
     </span>
    </p>
   </div>
   <div class='ocr_carea' id='block_1_2' title="bbox 341 469 2844 4653">
    <p class='ocr_par' dir='ltr' id='par_1_2' title="bbox 341 469 2808 1356">
     <span class='ocr_line' id='line_1_2' title="bbox 428 469 2800 553; baseline 0 -19"><span class='ocrx_word' id='word_1_9' title='bbox 428 469 851 536; x_wconf 78' lang='lat' dir='ltr'>Veruntamen</span> <span class='ocrx_word' id='word_1_10' title='bbox 894 471 1096 536; x_wconf 87' lang='lat' dir='ltr'>maior</span> <span class='ocrx_word' id='word_1_11' title='bbox 1140 472 1292 536; x_wconf 86' lang='lat' dir='ltr'>haec</span> <span class='ocrx_word' id='word_1_12' title='bbox 1320 469 1591 535; x_wconf 75' lang='lat' dir='ltr'>facilitas</span> <span class='ocrx_word' id='word_1_13' title='bbox 1636 489 1709 535; x_wconf 89' lang='lat' dir='ltr'>ex</span> <span class='ocrx_word' id='word_1_14' title='bbox 1755 488 1828 534; x_wconf 94' lang='lat' dir='ltr'>eo</span> <span class='ocrx_word' id='word_1_15' title='bbox 1875 471 2177 553; x_wconf 84' lang='lat' dir='ltr'>provenit,</span> <span class='ocrx_word' id='word_1_16' title='bbox 2227 470 2393 552; x_wconf 89' lang='lat' dir='ltr'>quod</span> <span class='ocrx_word' id='word_1_17' title='bbox 2431 471 2510 535; x_wconf 87' lang='lat' dir='ltr'>ad</span> <span class='ocrx_word' id='word_1_18' title='bbox 2538 489 2800 535; x_wconf 87' lang='lat' dir='ltr'>manum</span> 
     </span>
     <span class='ocr_line' id='line_1_3' title="bbox 341 572 2802 657; baseline -0.001 -18"><span class='ocrx_word' id='word_1_19' title='bbox 341 574 424 639; x_wconf 89' lang='lat' dir='ltr'>sit</span> <span class='ocrx_word' id='word_1_20' title='bbox 467 572 690 638; x_wconf 91' lang='lat' dir='ltr'>modus</span> <span class='ocrx_word' id='word_1_21' title='bbox 736 573 989 655; x_wconf 88' lang='lat' dir='ltr'>quidam</span> <span class='ocrx_word' id='word_1_22' title='bbox 1030 573 1377 639; x_wconf 89' lang='lat' dir='ltr'>materialis</span> <span class='ocrx_word' id='word_1_23' title='bbox 1406 592 1538 637; x_wconf 90' lang='lat' dir='ltr'>rem</span> <span class='ocrx_word' id='word_1_24' title='bbox 1575 572 1949 657; x_wconf 85' lang='lat' dir='ltr'>expediendi,</span> <span class='ocrx_word' id='word_1_25' title='bbox 1982 574 2290 655; x_wconf 90' lang='lat' dir='ltr'>quatenus</span> <span class='ocrx_word' id='word_1_26' title='bbox 2327 572 2507 637; x_wconf 85' lang='lat' dir='ltr'>facile</span> <span class='ocrx_word' id='word_1_27' title='bbox 2539 575 2634 637; x_wconf 89' lang='grc'>001</span> <span class='ocrx_word' id='word_1_28' title='bbox 2669 592 2802 637; x_wconf 90' lang='lat' dir='ltr'>ma·</span> 
     </span>
     <span class='ocr_line' id='line_1_4' title="bbox 341 675 2804 761; baseline -0.001 -20"><span class='ocrx_word' id='word_1_29' title='bbox 341 675 643 741; x_wconf 80' lang='grc'><strong>1011311101</strong></span> <span class='ocrx_word' id='word_1_30' title='bbox 686 675 1067 761; x_wconf 74' lang='lat' dir='ltr'>distinguere</span> <span class='ocrx_word' id='word_1_31' title='bbox 1112 676 1413 741; x_wconf 89' lang='lat' dir='ltr'>virtutem</span> <span class='ocrx_word' id='word_1_32' title='bbox 1459 694 1495 740; x_wconf 92' lang='lat' dir='ltr'>a</span> <span class='ocrx_word' id='word_1_33' title='bbox 1543 676 1798 742; x_wconf 84' lang='lat' dir='ltr'>virtute.</span> <span class='ocrx_word' id='word_1_34' title='bbox 1833 677 1920 741; x_wconf 84' lang='lat' dir='ltr'>At</span> <span class='ocrx_word' id='word_1_35' title='bbox 1965 676 2129 741; x_wconf 88' lang='lat' dir='ltr'>enim</span> <span class='ocrx_word' id='word_1_36' title='bbox 2175 677 2314 741; x_wconf 89' lang='lat' dir='ltr'>tota</span> <span class='ocrx_word' id='word_1_37' title='bbox 2360 676 2484 740; x_wconf 90' lang='lat' dir='ltr'>ista</span> <span class='ocrx_word' id='word_1_38' title='bbox 2529 675 2804 740; x_wconf 72' lang='lat' dir='ltr'><strong>facilitas</strong></span> 
     </span>
     <span class='ocr_line' id='line_1_5' title="bbox 342 777 2801 861; baseline -0.001 -18"><span class='ocrx_word' id='word_1_39' title='bbox 342 780 681 854; x_wconf 77' lang='lat' dir='ltr'>evanescet,</span> <span class='ocrx_word' id='word_1_40' title='bbox 731 779 785 842; x_wconf 91' lang='lat' dir='ltr'>si</span> <span class='ocrx_word' id='word_1_41' title='bbox 829 779 970 861; x_wconf 90' lang='lat' dir='ltr'>quis</span> <span class='ocrx_word' id='word_1_42' title='bbox 1016 797 1194 844; x_wconf 88' lang='lat' dir='ltr'>nosse</span> <span class='ocrx_word' id='word_1_43' title='bbox 1238 780 1555 861; x_wconf 88' lang='lat' dir='ltr'>praetcrea</span> <span class='ocrx_word' id='word_1_44' title='bbox 1599 779 1754 842; x_wconf 83' lang='lat' dir='ltr'>velit</span> <span class='ocrx_word' id='word_1_45' title='bbox 1809 779 2116 843; x_wconf 89' lang='lat' dir='ltr'>rationem</span> <span class='ocrx_word' id='word_1_46' title='bbox 2168 777 2584 843; x_wconf 86' lang='lat' dir='ltr'>distinctionis</span> <span class='ocrx_word' id='word_1_47' title='bbox 2637 778 2801 842; x_wconf 89' lang='lat' dir='ltr'>inter</span> 
     </span>
     <span class='ocr_line' id='line_1_6' title="bbox 344 881 2808 965; baseline -0.001 -18"><span class='ocrx_word' id='word_1_48' title='bbox 344 881 589 947; x_wconf 84' lang='lat' dir='ltr'>easdem</span> <span class='ocrx_word' id='word_1_49' title='bbox 634 882 921 946; x_wconf 81' lang='lat' dir='ltr'>virtutes.</span> <span class='ocrx_word' id='word_1_50' title='bbox 954 882 1300 947; x_wconf 80' lang='lat' dir='ltr'>Diversitas</span> <span class='ocrx_word' id='word_1_51' title='bbox 1330 882 1493 946; x_wconf 91' lang='lat' dir='ltr'>enim</span> <span class='ocrx_word' id='word_1_52' title='bbox 1531 881 1841 947; x_wconf 85' lang='lat' dir='ltr'>virtutum</span> <span class='ocrx_word' id='word_1_53' title='bbox 1887 882 2123 965; x_wconf 86' lang='lat' dir='ltr'>petitur</span> <span class='ocrx_word' id='word_1_54' title='bbox 2170 900 2205 945; x_wconf 92' lang='lat' dir='ltr'>a</span> <span class='ocrx_word' id='word_1_55' title='bbox 2253 881 2597 945; x_wconf 87' lang='lat' dir='ltr'>differentia</span> <span class='ocrx_word' id='word_1_56' title='bbox 2645 881 2808 945; x_wconf 87' lang='lat' dir='ltr'>obie-</span> 
     </span>
     <span class='ocr_line' id='line_1_7' title="bbox 344 983 2805 1069; baseline -0.001 -21"><span class='ocrx_word' id='word_1_57' title='bbox 344 984 589 1050; x_wconf 90' lang='lat' dir='ltr'>ctorum</span> <span class='ocrx_word' id='word_1_58' title='bbox 617 984 681 1047; x_wconf 88' lang='lat' dir='ltr'>in</span> <span class='ocrx_word' id='word_1_59' title='bbox 713 1003 934 1069; x_wconf 78' lang='lat' dir='ltr'>genere</span> <span class='ocrx_word' id='word_1_60' title='bbox 964 984 1173 1049; x_wconf 88' lang='lat' dir='ltr'>moris.</span> <span class='ocrx_word' id='word_1_61' title='bbox 1207 984 1372 1069; x_wconf 81' lang='lat' dir='ltr'>Ergo</span> <span class='ocrx_word' id='word_1_62' title='bbox 1410 983 1923 1065; x_wconf 78' lang='lat' dir='ltr'>quandocumque</span> <span class='ocrx_word' id='word_1_63' title='bbox 1966 1003 2090 1048; x_wconf 91' lang='lat' dir='ltr'>non</span> <span class='ocrx_word' id='word_1_64' title='bbox 2137 984 2343 1049; x_wconf 90' lang='lat' dir='ltr'>solum</span> <span class='ocrx_word' id='word_1_65' title='bbox 2373 983 2805 1059; x_wconf 73' lang='lat' dir='ltr'>materialiter,</span> 
     </span>
     <span class='ocr_line' id='line_1_8' title="bbox 344 1085 2802 1168; baseline -0.001 -18"><span class='ocrx_word' id='word_1_66' title='bbox 344 1085 450 1150; x_wconf 89' lang='lat' dir='ltr'>sed</span> <span class='ocrx_word' id='word_1_67' title='bbox 492 1085 949 1151; x_wconf 74' lang='lat' dir='ltr'>rationabiliter</span> <span class='ocrx_word' id='word_1_68' title='bbox 993 1105 1239 1168; x_wconf 90' lang='lat' dir='ltr'>quoque</span> <span class='ocrx_word' id='word_1_69' title='bbox 1284 1104 1461 1152; x_wconf 89' lang='lat' dir='ltr'>nosse</span> <span class='ocrx_word' id='word_1_70' title='bbox 1506 1086 1647 1167; x_wconf 88' lang='lat' dir='ltr'>quis</span> <span class='ocrx_word' id='word_1_71' title='bbox 1694 1086 1849 1150; x_wconf 88' lang='lat' dir='ltr'>velit</span> <span class='ocrx_word' id='word_1_72' title='bbox 1903 1085 2362 1151; x_wconf 80' lang='lat' dir='ltr'>distinctionem</span> <span class='ocrx_word' id='word_1_73' title='bbox 2408 1086 2802 1168; x_wconf 88' lang='lat' dir='ltr'>peccatorum</span> 
     </span>
     <span class='ocr_line' id='line_1_9' title="bbox 345 1186 2806 1272; baseline -0 -20"><span class='ocrx_word' id='word_1_74' title='bbox 345 1207 455 1272; x_wconf 90' lang='lat' dir='ltr'>per</span> <span class='ocrx_word' id='word_1_75' title='bbox 497 1189 746 1271; x_wconf 88' lang='lat' dir='ltr'>species,</span> <span class='ocrx_word' id='word_1_76' title='bbox 787 1207 857 1253; x_wconf 93' lang='lat' dir='ltr'>eo</span> <span class='ocrx_word' id='word_1_77' title='bbox 890 1187 1150 1271; x_wconf 89' lang='lat' dir='ltr'>denique</span> <span class='ocrx_word' id='word_1_78' title='bbox 1196 1188 1484 1253; x_wconf 78' lang='lat' dir='ltr'>deveniat</span> <span class='ocrx_word' id='word_1_79' title='bbox 1532 1190 1798 1271; x_wconf 86' lang='lat' dir='ltr'>oportet,</span> <span class='ocrx_word' id='word_1_80' title='bbox 1832 1188 2119 1252; x_wconf 85' lang='grc'><strong>111-1113111</strong></span> <span class='ocrx_word' id='word_1_81' title='bbox 2165 1190 2427 1269; x_wconf 88' lang='lat' dir='ltr'>quaerat</span> <span class='ocrx_word' id='word_1_82' title='bbox 2471 1188 2536 1251; x_wconf 88' lang='lat' dir='ltr'>in</span> <span class='ocrx_word' id='word_1_83' title='bbox 2581 1186 2806 1252; x_wconf 90' lang='lat' dir='ltr'>morali</span> 
     </span>
     <span class='ocr_line' id='line_1_10' title="bbox 349 1291 1143 1356; baseline -0.001 0"><span class='ocrx_word' id='word_1_84' title='bbox 349 1291 733 1356; x_wconf 85' lang='lat' dir='ltr'>obiectorum</span> <span class='ocrx_word' id='word_1_85' title='bbox 779 1291 1143 1356; x_wconf 84' lang='lat' dir='ltr'>differentia.</span> 
     </span>
    </p>

    <p class='ocr_par' dir='ltr' id='par_1_3' title="bbox 347 1391 2815 2071">
     <span class='ocr_line' id='line_1_11' title="bbox 437 1391 2814 1476; baseline -0.001 -20"><span class='ocrx_word' id='word_1_86' title='bbox 437 1392 629 1458; x_wconf 90' lang='lat' dir='ltr'>Porro</span> <span class='ocrx_word' id='word_1_87' title='bbox 676 1392 955 1476; x_wconf 88' lang='lat' dir='ltr'>specifica</span> <span class='ocrx_word' id='word_1_88' title='bbox 1002 1394 1384 1459; x_wconf 83' lang='lat' dir='ltr'>obiectorum</span> <span class='ocrx_word' id='word_1_89' title='bbox 1431 1393 1766 1457; x_wconf 89' lang='lat' dir='ltr'>moralium</span> <span class='ocrx_word' id='word_1_90' title='bbox 1813 1392 2158 1457; x_wconf 86' lang='lat' dir='ltr'>differentia</span> <span class='ocrx_word' id='word_1_91' title='bbox 2195 1392 2480 1457; x_wconf 81' lang='lat' dir='ltr'>consistit</span> <span class='ocrx_word' id='word_1_92' title='bbox 2513 1392 2576 1455; x_wconf 88' lang='lat' dir='ltr'>in</span> <span class='ocrx_word' id='word_1_93' title='bbox 2610 1391 2814 1454; x_wconf 80' lang='lat' dir='ltr'>diver-</span> 
     </span>
     <span class='ocr_line' id='line_1_12' title="bbox 349 1492 2813 1561; baseline -0.002 -1"><span class='ocrx_word' id='word_1_94' title='bbox 349 1496 539 1561; x_wconf 87' lang='lat' dir='ltr'>sitate</span> <span class='ocrx_word' id='word_1_95' title='bbox 582 1494 882 1560; x_wconf 89' lang='lat' dir='ltr'>bonitatis</span> <span class='ocrx_word' id='word_1_96' title='bbox 918 1496 983 1559; x_wconf 89' lang='lat' dir='ltr'>et</span> <span class='ocrx_word' id='word_1_97' title='bbox 1026 1496 1089 1558; x_wconf 89' lang='lat' dir='ltr'>in</span> <span class='ocrx_word' id='word_1_98' title='bbox 1136 1495 1495 1559; x_wconf 83' lang='lat' dir='ltr'>diversitate</span> <span class='ocrx_word' id='word_1_99' title='bbox 1541 1495 1841 1559; x_wconf 85' lang='lat' dir='ltr'>malitiae.</span> <span class='ocrx_word' id='word_1_100' title='bbox 1874 1495 2135 1559; x_wconf 87' lang='lat' dir='ltr'>Bonitas</span> <span class='ocrx_word' id='word_1_101' title='bbox 2185 1496 2397 1559; x_wconf 90' lang='lat' dir='ltr'>autem</span> <span class='ocrx_word' id='word_1_102' title='bbox 2438 1495 2534 1558; x_wconf 85' lang='lat' dir='ltr'>vel</span> <span class='ocrx_word' id='word_1_103' title='bbox 2565 1492 2813 1557; x_wconf 88' lang='lat' dir='ltr'>malitia</span> 
     </span>
     <span class='ocr_line' id='line_1_13' title="bbox 347 1596 2810 1680; baseline -0.002 -17"><span class='ocrx_word' id='word_1_104' title='bbox 347 1598 606 1663; x_wconf 86' lang='lat' dir='ltr'>moralis</span> <span class='ocrx_word' id='word_1_105' title='bbox 654 1596 957 1661; x_wconf 82' lang='lat' dir='ltr'>obiectiva</span> <span class='ocrx_word' id='word_1_106' title='bbox 1018 1597 1295 1680; x_wconf 82' lang='lat' dir='ltr'>exsurgit</span> <span class='ocrx_word' id='word_1_107' title='bbox 1340 1616 1413 1660; x_wconf 87' lang='lat' dir='ltr'>ex</span> <span class='ocrx_word' id='word_1_108' title='bbox 1457 1597 1884 1662; x_wconf 86' lang='lat' dir='ltr'>convenientia</span> <span class='ocrx_word' id='word_1_109' title='bbox 1945 1598 2042 1660; x_wconf 85' lang='lat' dir='ltr'>vel</span> <span class='ocrx_word' id='word_1_110' title='bbox 2098 1596 2620 1661; x_wconf 88' lang='lat' dir='ltr'>disconvenientia</span> <span class='ocrx_word' id='word_1_111' title='bbox 2667 1613 2810 1658; x_wconf 89' lang='lat' dir='ltr'>cum</span> 
     </span>
     <span class='ocr_line' id='line_1_14' title="bbox 348 1697 2811 1782; baseline -0.002 -16"><span class='ocrx_word' id='word_1_112' title='bbox 348 1702 580 1766; x_wconf 87' lang='lat' dir='ltr'>natura</span> <span class='ocrx_word' id='word_1_113' title='bbox 602 1697 897 1763; x_wconf 86' lang='lat' dir='ltr'>rationali</span> <span class='ocrx_word' id='word_1_114' title='bbox 917 1698 1048 1761; x_wconf 87' lang='lat' dir='ltr'>sive</span> <span class='ocrx_word' id='word_1_115' title='bbox 1070 1717 1213 1762; x_wconf 91' lang='lat' dir='ltr'>cum</span> <span class='ocrx_word' id='word_1_116' title='bbox 1235 1699 1405 1761; x_wconf 88' lang='lat' dir='ltr'>recta</span> <span class='ocrx_word' id='word_1_117' title='bbox 1427 1699 1686 1762; x_wconf 88' lang='lat' dir='ltr'>ratione.</span> <span class='ocrx_word' id='word_1_118' title='bbox 1721 1698 1896 1762; x_wconf 80' lang='lat' dir='ltr'>Tunc</span> <span class='ocrx_word' id='word_1_119' title='bbox 1927 1717 2074 1782; x_wconf 88' lang='lat' dir='ltr'>ergo</span> <span class='ocrx_word' id='word_1_120' title='bbox 2106 1699 2470 1763; x_wconf 87' lang='lat' dir='ltr'>habebimus</span> <span class='ocrx_word' id='word_1_121' title='bbox 2502 1697 2811 1761; x_wconf 88' lang='lat' dir='ltr'>diversam</span> 
     </span>
     <span class='ocr_line' id='line_1_15' title="bbox 348 1798 2814 1882; baseline -0.002 -16"><span class='ocrx_word' id='word_1_122' title='bbox 348 1801 719 1876; x_wconf 82' lang='lat' dir='ltr'>bonitatem,</span> <span class='ocrx_word' id='word_1_123' title='bbox 768 1818 910 1863; x_wconf 90' lang='lat' dir='ltr'>cum</span> <span class='ocrx_word' id='word_1_124' title='bbox 956 1799 1197 1863; x_wconf 87' lang='lat' dir='ltr'>diversa</span> <span class='ocrx_word' id='word_1_125' title='bbox 1244 1800 1340 1862; x_wconf 90' lang='lat' dir='ltr'>cst</span> <span class='ocrx_word' id='word_1_126' title='bbox 1383 1799 1566 1876; x_wconf 88' lang='lat' dir='ltr'>ratio,</span> <span class='ocrx_word' id='word_1_127' title='bbox 1615 1819 1724 1863; x_wconf 88' lang='lat' dir='ltr'>cur</span> <span class='ocrx_word' id='word_1_128' title='bbox 1772 1800 2005 1882; x_wconf 90' lang='lat' dir='ltr'>aliquid</span> <span class='ocrx_word' id='word_1_129' title='bbox 2051 1801 2284 1865; x_wconf 85' lang='lat' dir='ltr'>bonum</span> <span class='ocrx_word' id='word_1_130' title='bbox 2331 1801 2417 1863; x_wconf 88' lang='grc'>011</span> <span class='ocrx_word' id='word_1_131' title='bbox 2446 1802 2511 1863; x_wconf 90' lang='grc'>01</span> <span class='ocrx_word' id='word_1_132' title='bbox 2541 1798 2814 1863; x_wconf 88' lang='lat' dir='ltr'>vicissim</span> 
     </span>
     <span class='ocr_line' id='line_1_16' title="bbox 350 1894 2815 1984; baseline -0.002 -14"><span class='ocrx_word' id='word_1_133' title='bbox 350 1905 665 1970; x_wconf 81' lang='lat' dir='ltr'>diversam</span> <span class='ocrx_word' id='word_1_134' title='bbox 709 1902 1019 1966; x_wconf 85' lang='lat' dir='ltr'>malitiam</span> <span class='ocrx_word' id='word_1_135' title='bbox 1049 1901 1433 1977; x_wconf 77' lang='lat' dir='ltr'>habebimuS,</span> <span class='ocrx_word' id='word_1_136' title='bbox 1466 1901 1710 1984; x_wconf 88' lang='lat' dir='ltr'>quando</span> <span class='ocrx_word' id='word_1_137' title='bbox 1744 1894 1986 1967; x_wconf 79' lang='lat' dir='ltr'>diversa</span> <span class='ocrx_word' id='word_1_138' title='bbox 2017 1903 2112 1968; x_wconf 90' lang='grc'>001</span> <span class='ocrx_word' id='word_1_139' title='bbox 2142 1903 2325 1977; x_wconf 90' lang='lat' dir='ltr'>rati0,</span> <span class='ocrx_word' id='word_1_140' title='bbox 2360 1921 2468 1966; x_wconf 84' lang='lat' dir='ltr'>cur</span> <span class='ocrx_word' id='word_1_141' title='bbox 2502 1901 2815 1966; x_wconf 85' lang='lat' dir='ltr'>obiectum</span> 
     </span>
     <span class='ocr_line' id='line_1_17' title="bbox 349 2004 1606 2071; baseline -0.001 0"><span class='ocrx_word' id='word_1_142' title='bbox 349 2024 479 2071; x_wconf 89' lang='grc'><strong>11011</strong></span> <span class='ocrx_word' id='word_1_143' title='bbox 508 2005 838 2070; x_wconf 86' lang='lat' dir='ltr'>conveniat</span> <span class='ocrx_word' id='word_1_144' title='bbox 865 2024 1009 2070; x_wconf 87' lang='grc'><strong>011111</strong></span> <span class='ocrx_word' id='word_1_145' title='bbox 1036 2004 1330 2069; x_wconf 86' lang='lat' dir='ltr'>rationali</span> <span class='ocrx_word' id='word_1_146' title='bbox 1358 2005 1606 2070; x_wconf 89' lang='lat' dir='ltr'>natura.</span> 
     </span>
    </p>

    <p class='ocr_par' dir='ltr' id='par_1_4' title="bbox 354 2105 2822 2994">
     <span class='ocr_line' id='line_1_18' title="bbox 442 2105 2812 2192; baseline -0.001 -20"><span class='ocrx_word' id='word_1_147' title='bbox 442 2108 609 2173; x_wconf 86' lang='lat' dir='ltr'>Hinc</span> <span class='ocrx_word' id='word_1_148' title='bbox 655 2107 954 2186; x_wconf 78' lang='lat' dir='ltr'>videmuS,</span> <span class='ocrx_word' id='word_1_149' title='bbox 1002 2126 1111 2171; x_wconf 89' lang='lat' dir='ltr'>cur</span> <span class='ocrx_word' id='word_1_150' title='bbox 1156 2106 1410 2189; x_wconf 90' lang='lat' dir='ltr'>quidam</span> <span class='ocrx_word' id='word_1_151' title='bbox 1455 2125 1589 2189; x_wconf 89' lang='lat' dir='ltr'>sup.</span> <span class='ocrx_word' id='word_1_152' title='bbox 1634 2108 1784 2171; x_wconf 82' lang='lat'>612.</span> <span class='ocrx_word' id='word_1_153' title='bbox 1835 2109 1985 2172; x_wconf 89' lang='lat' dir='ltr'>tunc</span> <span class='ocrx_word' id='word_1_154' title='bbox 2030 2107 2227 2191; x_wconf 89' lang='lat' dir='ltr'>specie</span> <span class='ocrx_word' id='word_1_155' title='bbox 2273 2106 2514 2170; x_wconf 88' lang='lat' dir='ltr'>differre</span> <span class='ocrx_word' id='word_1_156' title='bbox 2559 2105 2812 2192; x_wconf 87' lang='lat' dir='ltr'>peccata</span> 
     </span>
     <span class='ocr_line' id='line_1_19' title="bbox 355 2208 2816 2292; baseline -0.002 -17"><span class='ocrx_word' id='word_1_157' title='bbox 355 2209 641 2285; x_wconf 85' lang='lat' dir='ltr'>dixerint,</span> <span class='ocrx_word' id='word_1_158' title='bbox 689 2209 937 2291; x_wconf 89' lang='lat' dir='ltr'>quando</span> <span class='ocrx_word' id='word_1_159' title='bbox 966 2209 1031 2273; x_wconf 91' lang='lat' dir='ltr'>in</span> <span class='ocrx_word' id='word_1_160' title='bbox 1070 2210 1146 2273; x_wconf 88' lang='lat' dir='ltr'>iis</span> <span class='ocrx_word' id='word_1_161' title='bbox 1193 2208 1443 2277; x_wconf 82' lang='lat' dir='ltr'>diversa</span> <span class='ocrx_word' id='word_1_162' title='bbox 1481 2210 1577 2274; x_wconf 89' lang='lat' dir='ltr'>est</span> <span class='ocrx_word' id='word_1_163' title='bbox 1621 2209 1805 2285; x_wconf 88' lang='lat' dir='ltr'>ratio,</span> <span class='ocrx_word' id='word_1_164' title='bbox 1855 2229 1964 2274; x_wconf 86' lang='lat' dir='ltr'>cur</span> <span class='ocrx_word' id='word_1_165' title='bbox 2011 2209 2471 2292; x_wconf 84' lang='lat' dir='ltr'>prohibeantur.</span> <span class='ocrx_word' id='word_1_166' title='bbox 2506 2208 2669 2272; x_wconf 88' lang='lat' dir='ltr'>Hinc</span> <span class='ocrx_word' id='word_1_167' title='bbox 2709 2226 2816 2289; x_wconf 90' lang='lat' dir='ltr'>pa·</span> 
     </span>
     <span class='ocr_line' id='line_1_20' title="bbox 354 2310 2813 2396; baseline -0.003 -18"><span class='ocrx_word' id='word_1_168' title='bbox 354 2312 507 2378; x_wconf 83' lang='lat' dir='ltr'>riter</span> <span class='ocrx_word' id='word_1_169' title='bbox 550 2311 762 2396; x_wconf 85' lang='lat' dir='ltr'>palam</span> <span class='ocrx_word' id='word_1_170' title='bbox 806 2311 900 2387; x_wconf 91' lang='lat' dir='ltr'>fit,</span> <span class='ocrx_word' id='word_1_171' title='bbox 948 2331 1058 2376; x_wconf 89' lang='lat' dir='ltr'>cur</span> <span class='ocrx_word' id='word_1_172' title='bbox 1104 2311 1214 2376; x_wconf 89' lang='lat' dir='ltr'>alii</span> <span class='ocrx_word' id='word_1_173' title='bbox 1257 2330 1399 2376; x_wconf 89' lang='lat' dir='ltr'>cum</span> <span class='ocrx_word' id='word_1_174' title='bbox 1445 2312 1850 2388; x_wconf 83' lang='lat' dir='ltr'>Pallavicino,</span> <span class='ocrx_word' id='word_1_175' title='bbox 1886 2311 2049 2394; x_wconf 89' lang='lat' dir='ltr'>apud</span> <span class='ocrx_word' id='word_1_176' title='bbox 2087 2310 2269 2377; x_wconf 85' lang='lat' dir='ltr'>Croix</span> <span class='ocrx_word' id='word_1_177' title='bbox 2307 2311 2413 2375; x_wconf 90' lang='lat' dir='ltr'>lib.</span> <span class='ocrx_word' id='word_1_178' title='bbox 2450 2313 2509 2375; x_wconf 83' lang='lat'>5.</span> <span class='ocrx_word' id='word_1_179' title='bbox 2543 2330 2603 2375; x_wconf 92' lang='lat' dir='ltr'>n.</span> <span class='ocrx_word' id='word_1_180' title='bbox 2643 2310 2813 2384; x_wconf 67' lang='lat'>121„</span> 
     </span>
     <span class='ocr_line' id='line_1_21' title="bbox 356 2411 2820 2498; baseline -0.002 -18"><span class='ocrx_word' id='word_1_181' title='bbox 356 2414 783 2480; x_wconf 78' lang='lat' dir='ltr'>diversitatem</span> <span class='ocrx_word' id='word_1_182' title='bbox 827 2414 1176 2497; x_wconf 84' lang='lat' dir='ltr'>specificam</span> <span class='ocrx_word' id='word_1_183' title='bbox 1219 2414 1629 2498; x_wconf 82' lang='lat' dir='ltr'>colligendam</span> <span class='ocrx_word' id='word_1_184' title='bbox 1691 2414 1904 2479; x_wconf 90' lang='lat' dir='ltr'>dicant</span> <span class='ocrx_word' id='word_1_185' title='bbox 1948 2433 2019 2479; x_wconf 86' lang='lat' dir='ltr'>ex</span> <span class='ocrx_word' id='word_1_186' title='bbox 2064 2413 2322 2478; x_wconf 84' lang='lat' dir='ltr'>diversis</span> <span class='ocrx_word' id='word_1_187' title='bbox 2378 2411 2820 2479; x_wconf 87' lang='lat' dir='ltr'>dictaminibus</span> 
     </span>
     <span class='ocr_line' id='line_1_22' title="bbox 357 2513 2822 2601; baseline -0.003 -17"><span class='ocrx_word' id='word_1_188' title='bbox 357 2517 765 2584; x_wconf 86' lang='lat' dir='ltr'>conscientiae</span> <span class='ocrx_word' id='word_1_189' title='bbox 811 2535 921 2582; x_wconf 89' lang='lat' dir='ltr'>seu</span> <span class='ocrx_word' id='word_1_190' title='bbox 978 2517 1258 2594; x_wconf 75' lang='grc'><strong>1311011111,</strong></span> <span class='ocrx_word' id='word_1_191' title='bbox 1321 2517 1548 2600; x_wconf 84' lang='grc'><strong>1111111110</strong></span> <span class='ocrx_word' id='word_1_192' title='bbox 1602 2518 1856 2601; x_wconf 87' lang='lat' dir='ltr'>peccata</span> <span class='ocrx_word' id='word_1_193' title='bbox 1916 2517 2330 2600; x_wconf 86' lang='lat' dir='ltr'>opponuntur,</span> <span class='ocrx_word' id='word_1_194' title='bbox 2380 2534 2540 2598; x_wconf 89' lang='lat' dir='ltr'>quae</span> <span class='ocrx_word' id='word_1_195' title='bbox 2601 2513 2822 2599; x_wconf 86' lang='lat' dir='ltr'>regula</span> 
     </span>
     <span class='ocr_line' id='line_1_23' title="bbox 357 2617 2817 2703; baseline -0.002 -17"><span class='ocrx_word' id='word_1_196' title='bbox 357 2620 485 2686; x_wconf 81' lang='lat' dir='ltr'>fere</span> <span class='ocrx_word' id='word_1_197' title='bbox 527 2620 819 2685; x_wconf 87' lang='lat' dir='ltr'>coincidit</span> <span class='ocrx_word' id='word_1_198' title='bbox 864 2640 1007 2685; x_wconf 88' lang='lat' dir='ltr'>cum</span> <span class='ocrx_word' id='word_1_199' title='bbox 1052 2618 1456 2703; x_wconf 81' lang='lat' dir='ltr'>praecedenti,</span> <span class='ocrx_word' id='word_1_200' title='bbox 1497 2639 1657 2702; x_wconf 90' lang='lat' dir='ltr'>quae</span> <span class='ocrx_word' id='word_1_201' title='bbox 1702 2621 1798 2684; x_wconf 89' lang='lat' dir='ltr'>est</span> <span class='ocrx_word' id='word_1_202' title='bbox 1843 2619 2151 2684; x_wconf 89' lang='lat' dir='ltr'>Harnoldi</span> <span class='ocrx_word' id='word_1_203' title='bbox 2198 2619 2363 2702; x_wconf 90' lang='lat' dir='ltr'>apud</span> <span class='ocrx_word' id='word_1_204' title='bbox 2417 2617 2602 2684; x_wconf 81' lang='lat' dir='ltr'>Croix</span> <span class='ocrx_word' id='word_1_205' title='bbox 2646 2617 2817 2693; x_wconf 68' lang='lat' dir='ltr'>ibid„</span> 
     </span>
     <span class='ocr_line' id='line_1_24' title="bbox 361 2718 2820 2805; baseline -0.001 -19"><span class='ocrx_word' id='word_1_206' title='bbox 361 2724 475 2787; x_wconf 89' lang='lat' dir='ltr'>aut</span> <span class='ocrx_word' id='word_1_207' title='bbox 504 2742 649 2787; x_wconf 90' lang='grc'><strong>011111</strong></span> <span class='ocrx_word' id='word_1_208' title='bbox 680 2723 805 2786; x_wconf 91' lang='lat' dir='ltr'>alia</span> <span class='ocrx_word' id='word_1_209' title='bbox 837 2723 1103 2788; x_wconf 90' lang='lat' dir='ltr'>aliorum</span> <span class='ocrx_word' id='word_1_210' title='bbox 1141 2722 1304 2805; x_wconf 89' lang='lat' dir='ltr'>apud</span> <span class='ocrx_word' id='word_1_211' title='bbox 1351 2720 1533 2787; x_wconf 85' lang='lat' dir='ltr'>Oroix</span> <span class='ocrx_word' id='word_1_212' title='bbox 1564 2743 1623 2786; x_wconf 93' lang='lat' dir='ltr'>n.</span> <span class='ocrx_word' id='word_1_213' title='bbox 1661 2723 1834 2799; x_wconf 67' lang='lat'>223„</span> <span class='ocrx_word' id='word_1_214' title='bbox 1869 2722 1976 2803; x_wconf 90' lang='lat' dir='ltr'>qui</span> <span class='ocrx_word' id='word_1_215' title='bbox 2010 2722 2392 2800; x_wconf 87' lang='lat' dir='ltr'>statuebant,</span> <span class='ocrx_word' id='word_1_216' title='bbox 2435 2723 2573 2785; x_wconf 83' lang='lat' dir='ltr'>tum</span> <span class='ocrx_word' id='word_1_217' title='bbox 2603 2718 2820 2785; x_wconf 87' lang='lat' dir='ltr'>haberi</span> 
     </span>
     <span class='ocr_line' id='line_1_25' title="bbox 360 2823 2821 2909; baseline -0.002 -19"><span class='ocrx_word' id='word_1_218' title='bbox 360 2825 637 2891; x_wconf 81' lang='lat' dir='ltr'>diversae</span> <span class='ocrx_word' id='word_1_219' title='bbox 682 2825 902 2909; x_wconf 87' lang='lat' dir='ltr'>speciei</span> <span class='ocrx_word' id='word_1_220' title='bbox 948 2827 1218 2908; x_wconf 89' lang='lat' dir='ltr'>peccata,</span> <span class='ocrx_word' id='word_1_221' title='bbox 1257 2825 1367 2890; x_wconf 92' lang='lat' dir='ltr'>ubi</span> <span class='ocrx_word' id='word_1_222' title='bbox 1408 2825 1810 2889; x_wconf 87' lang='lat' dir='ltr'>inveniuntur</span> <span class='ocrx_word' id='word_1_223' title='bbox 1855 2824 2220 2890; x_wconf 88' lang='lat' dir='ltr'>notabiliter</span> <span class='ocrx_word' id='word_1_224' title='bbox 2257 2824 2536 2889; x_wconf 86' lang='lat' dir='ltr'>diversae</span> <span class='ocrx_word' id='word_1_225' title='bbox 2584 2823 2821 2887; x_wconf 89' lang='lat' dir='ltr'>discon-</span> 
     </span>
     <span class='ocr_line' id='line_1_26' title="bbox 362 2927 1526 2994; baseline -0.003 0"><span class='ocrx_word' id='word_1_226' title='bbox 362 2928 708 2994; x_wconf 82' lang='lat' dir='ltr'>venientiae</span> <span class='ocrx_word' id='word_1_227' title='bbox 754 2947 897 2993; x_wconf 87' lang='lat' dir='ltr'>cum</span> <span class='ocrx_word' id='word_1_228' title='bbox 942 2931 1168 2993; x_wconf 86' lang='lat' dir='ltr'>natura</span> <span class='ocrx_word' id='word_1_229' title='bbox 1213 2927 1526 2992; x_wconf 87' lang='lat' dir='ltr'>rationali.</span> 
     </span>
    </p>

    <p class='ocr_par' dir='ltr' id='par_1_5' title="bbox 359 3027 2829 3522">
     <span class='ocr_line' id='line_1_27' title="bbox 453 3027 2823 3114; baseline -0.005 -12"><span class='ocrx_word' id='word_1_230' title='bbox 453 3028 635 3102; x_wconf 74' lang='grc'><strong>620.</strong></span> <span class='ocrx_word' id='word_1_231' title='bbox 674 3030 858 3097; x_wconf 80' lang='lat' dir='ltr'>croix</span> <span class='ocrx_word' id='word_1_232' title='bbox 886 3033 1036 3097; x_wconf 90' lang='lat' dir='ltr'>haec</span> <span class='ocrx_word' id='word_1_233' title='bbox 1066 3032 1273 3099; x_wconf 88' lang='lat' dir='ltr'>omnia</span> <span class='ocrx_word' id='word_1_234' title='bbox 1303 3033 1559 3114; x_wconf 86' lang='lat' dir='ltr'>respuit,</span> <span class='ocrx_word' id='word_1_235' title='bbox 1596 3032 1776 3112; x_wconf 90' lang='lat' dir='ltr'>quasi</span> <span class='ocrx_word' id='word_1_236' title='bbox 1822 3030 2075 3114; x_wconf 88' lang='lat' dir='ltr'>regulae</span> <span class='ocrx_word' id='word_1_237' title='bbox 2106 3030 2233 3093; x_wconf 90' lang='lat' dir='ltr'>sint</span> <span class='ocrx_word' id='word_1_238' title='bbox 2268 3029 2718 3109; x_wconf 86' lang='lat' dir='ltr'>inadaequatae</span> <span class='ocrx_word' id='word_1_239' title='bbox 2757 3027 2823 3089; x_wconf 90' lang='lat' dir='ltr'>et</span> 
     </span>
     <span class='ocr_line' id='line_1_28' title="bbox 362 3126 2827 3219; baseline -0.004 -19"><span class='ocrx_word' id='word_1_240' title='bbox 362 3135 613 3217; x_wconf 88' lang='lat' dir='ltr'>insuper</span> <span class='ocrx_word' id='word_1_241' title='bbox 642 3135 730 3217; x_wconf 90' lang='lat' dir='ltr'>(n.</span> <span class='ocrx_word' id='word_1_242' title='bbox 770 3134 948 3219; x_wconf 87' lang='grc'><strong>126.)</strong></span> <span class='ocrx_word' id='word_1_243' title='bbox 979 3135 1168 3210; x_wconf 87' lang='lat' dir='ltr'>addit,</span> <span class='ocrx_word' id='word_1_244' title='bbox 1202 3159 1237 3192; x_wconf 67' lang='grc' dir='ltr'><strong><em>α</em></strong></span> <span class='ocrx_word' id='word_1_245' title='bbox 1260 3152 1579 3196; x_wconf 81' lang='lat' dir='ltr'>remanere</span> <span class='ocrx_word' id='word_1_246' title='bbox 1603 3132 2044 3213; x_wconf 70' lang='lat' dir='ltr'>quaestionem,</span> <span class='ocrx_word' id='word_1_247' title='bbox 2069 3129 2319 3211; x_wconf 69' lang='lat' dir='ltr'>quando</span> <span class='ocrx_word' id='word_1_248' title='bbox 2351 3130 2698 3193; x_wconf 76' lang='lat' dir='ltr'>dictamina</span> <span class='ocrx_word' id='word_1_249' title='bbox 2728 3126 2827 3190; x_wconf 81' lang='lat' dir='ltr'>de-</span> 
     </span>
     <span class='ocr_line' id='line_1_29' title="bbox 371 3230 2829 3317; baseline -0.004 -15"><span class='ocrx_word' id='word_1_250' title='bbox 371 3237 557 3302; x_wconf 78' lang='lat' dir='ltr'>bcant</span> <span class='ocrx_word' id='word_1_251' title='bbox 583 3236 711 3303; x_wconf 70' lang='lat' dir='ltr'>dim·</span> <span class='ocrx_word' id='word_1_252' title='bbox 737 3238 936 3317; x_wconf 79' lang='lat' dir='ltr'>specie</span> <span class='ocrx_word' id='word_1_253' title='bbox 965 3237 1213 3301; x_wconf 80' lang='lat' dir='ltr'>diversa</span> <span class='ocrx_word' id='word_1_254' title='bbox 1236 3262 1272 3296; x_wconf 83' lang='lat'><strong>»</strong></span> <span class='ocrx_word' id='word_1_255' title='bbox 1297 3236 1571 3317; x_wconf 89' lang='lat' dir='ltr'>itemque</span> <span class='ocrx_word' id='word_1_256' title='bbox 1602 3235 1690 3315; x_wconf 91' lang='lat' dir='ltr'>(n.</span> <span class='ocrx_word' id='word_1_257' title='bbox 1730 3233 1928 3315; x_wconf 82' lang='lat'>125.),</span> <span class='ocrx_word' id='word_1_258' title='bbox 1955 3252 2069 3296; x_wconf 76' lang='lat' dir='ltr'>nos</span> <span class='ocrx_word' id='word_1_259' title='bbox 2099 3230 2376 3295; x_wconf 77' lang='lat' dir='ltr'>nondum</span> <span class='ocrx_word' id='word_1_260' title='bbox 2419 3232 2598 3306; x_wconf 80' lang='lat' dir='ltr'>scire,</span> <span class='ocrx_word' id='word_1_261' title='bbox 2634 3250 2829 3310; x_wconf 73' lang='lat' dir='ltr'>quan-</span> 
     </span>
     <span class='ocr_line' id='line_1_30' title="bbox 367 3332 2828 3419; baseline -0.003 -16"><span class='ocrx_word' id='word_1_262' title='bbox 367 3337 596 3403; x_wconf 80' lang='lat' dir='ltr'>donam</span> <span class='ocrx_word' id='word_1_263' title='bbox 638 3343 698 3403; x_wconf 73' lang='lat' dir='ltr'>ct</span> <span class='ocrx_word' id='word_1_264' title='bbox 732 3338 895 3403; x_wconf 76' lang='lat' dir='ltr'>unde</span> <span class='ocrx_word' id='word_1_265' title='bbox 942 3338 1155 3419; x_wconf 71' lang='lat' dir='ltr'>colliyi</span> <span class='ocrx_word' id='word_1_266' title='bbox 1198 3338 1432 3410; x_wconf 80' lang='lat' dir='ltr'>debeat,</span> <span class='ocrx_word' id='word_1_267' title='bbox 1471 3335 1638 3418; x_wconf 77' lang='lat' dir='ltr'>quod</span> <span class='ocrx_word' id='word_1_268' title='bbox 1666 3336 1735 3398; x_wconf 79' lang='grc' dir='ltr'>-ἰη</span> <span class='ocrx_word' id='word_1_269' title='bbox 1773 3334 1874 3398; x_wconf 78' lang='lat' dir='ltr'>his</span> <span class='ocrx_word' id='word_1_270' title='bbox 1918 3333 2013 3397; x_wconf 85' lang='lat' dir='ltr'>vel</span> <span class='ocrx_word' id='word_1_271' title='bbox 2058 3332 2193 3396; x_wconf 52' lang='lat' dir='ltr'>illas</span> <span class='ocrx_word' id='word_1_272' title='bbox 2238 3334 2327 3397; x_wconf 81' lang='lat' dir='ltr'>sit</span> <span class='ocrx_word' id='word_1_273' title='bbox 2368 3332 2617 3396; x_wconf 78' lang='lat' dir='ltr'>diversa</span> <span class='ocrx_word' id='word_1_274' title='bbox 2661 3332 2828 3395; x_wconf 73' lang='lat' dir='ltr'>ratio</span> 
     </span>
     <span class='ocr_line' id='line_1_31' title="bbox 359 3440 759 3522; baseline 0.005 -17"><span class='ocrx_word' id='word_1_275' title='bbox 359 3440 759 3522; x_wconf 76' lang='lat' dir='ltr'>prohibendi.</span> 
     </span>
    </p>

    <p class='ocr_par' dir='ltr' id='par_1_6' title="bbox 372 3538 2836 4453">
     <span class='ocr_line' id='line_1_32' title="bbox 459 3538 2832 3623; baseline -0.003 -13"><span class='ocrx_word' id='word_1_276' title='bbox 459 3545 548 3610; x_wconf 86' lang='lat' dir='ltr'>At</span> <span class='ocrx_word' id='word_1_277' title='bbox 592 3546 756 3610; x_wconf 89' lang='lat' dir='ltr'>enim</span> <span class='ocrx_word' id='word_1_278' title='bbox 801 3563 1002 3611; x_wconf 88' lang='lat' dir='ltr'>nonne</span> <span class='ocrx_word' id='word_1_279' title='bbox 1046 3543 1261 3609; x_wconf 89' lang='lat' dir='ltr'>eodem</span> <span class='ocrx_word' id='word_1_280' title='bbox 1304 3540 1693 3607; x_wconf 89' lang='lat' dir='ltr'>incommodo</span> <span class='ocrx_word' id='word_1_281' title='bbox 1740 3540 1989 3605; x_wconf 88' lang='lat' dir='ltr'>laborat</span> <span class='ocrx_word' id='word_1_282' title='bbox 2032 3539 2269 3623; x_wconf 89' lang='lat' dir='ltr'>regula,</span> <span class='ocrx_word' id='word_1_283' title='bbox 2309 3558 2499 3620; x_wconf 90' lang='lat' dir='ltr'>quam</span> <span class='ocrx_word' id='word_1_284' title='bbox 2545 3538 2673 3622; x_wconf 88' lang='lat' dir='ltr'>ipse</span> <span class='ocrx_word' id='word_1_285' title='bbox 2719 3557 2832 3603; x_wconf 87' lang='lat' dir='ltr'>ceu</span> 
     </span>
     <span class='ocr_line' id='line_1_33' title="bbox 372 3645 2830 3736; baseline -0.004 -18"><span class='ocrx_word' id='word_1_286' title='bbox 372 3653 548 3718; x_wconf 90' lang='lat' dir='ltr'>unice</span> <span class='ocrx_word' id='word_1_287' title='bbox 592 3653 879 3718; x_wconf 90' lang='lat' dir='ltr'>idoneam</span> <span class='ocrx_word' id='word_1_288' title='bbox 916 3650 1246 3736; x_wconf 78' lang='lat' dir='ltr'>proponit?</span> <span class='ocrx_word' id='word_1_289' title='bbox 1292 3649 1447 3714; x_wconf 74' lang='lat' dir='ltr'>Ista&#39;</span> <span class='ocrx_word' id='word_1_290' title='bbox 1470 3648 1636 3714; x_wconf 89' lang='lat' dir='ltr'>enim</span> <span class='ocrx_word' id='word_1_291' title='bbox 1680 3649 1769 3712; x_wconf 91' lang='lat' dir='ltr'>sic</span> <span class='ocrx_word' id='word_1_292' title='bbox 1815 3667 1880 3711; x_wconf 91' lang='lat' dir='ltr'>se</span> <span class='ocrx_word' id='word_1_293' title='bbox 1925 3647 2147 3711; x_wconf 89' lang='lat' dir='ltr'>habet:</span> <span class='ocrx_word' id='word_1_294' title='bbox 2194 3671 2229 3706; x_wconf 76' lang='lat'><strong>&lt;</strong></span> <span class='ocrx_word' id='word_1_295' title='bbox 2263 3645 2328 3711; x_wconf 87' lang='lat' dir='ltr'>Si</span> <span class='ocrx_word' id='word_1_296' title='bbox 2374 3646 2684 3710; x_wconf 87' lang='lat' dir='ltr'>obiectum</span> <span class='ocrx_word' id='word_1_297' title='bbox 2731 3645 2830 3709; x_wconf 85' lang='lat' dir='ltr'>vel</span> 
     </span>
     <span class='ocr_line' id='line_1_34' title="bbox 373 3749 2832 3837; baseline -0.004 -17"><span class='ocrx_word' id='word_1_298' title='bbox 373 3756 594 3821; x_wconf 91' lang='lat' dir='ltr'>modus</span> <span class='ocrx_word' id='word_1_299' title='bbox 640 3754 927 3820; x_wconf 88' lang='lat' dir='ltr'>tendendi</span> <span class='ocrx_word' id='word_1_300' title='bbox 974 3754 1150 3818; x_wconf 89' lang='lat' dir='ltr'>actus</span> <span class='ocrx_word' id='word_1_301' title='bbox 1197 3752 1604 3837; x_wconf 87' lang='lat' dir='ltr'>peccaminosi</span> <span class='ocrx_word' id='word_1_302' title='bbox 1650 3751 1735 3814; x_wconf 86' lang='lat' dir='ltr'>sit</span> <span class='ocrx_word' id='word_1_303' title='bbox 1779 3749 2139 3814; x_wconf 86' lang='lat' dir='ltr'>notabiliter</span> <span class='ocrx_word' id='word_1_304' title='bbox 2184 3749 2463 3813; x_wconf 88' lang='lat' dir='ltr'>diversus</span> <span class='ocrx_word' id='word_1_305' title='bbox 2509 3749 2571 3811; x_wconf 92' lang='lat' dir='ltr'>in</span> <span class='ocrx_word' id='word_1_306' title='bbox 2611 3766 2832 3831; x_wconf 86' lang='lat' dir='ltr'>genere</span> 
     </span>
     <span class='ocr_line' id='line_1_35' title="bbox 374 3849 2832 3940; baseline -0.005 -17"><span class='ocrx_word' id='word_1_307' title='bbox 374 3857 585 3936; x_wconf 81' lang='lat' dir='ltr'>morie,</span> <span class='ocrx_word' id='word_1_308' title='bbox 611 3859 777 3922; x_wconf 89' lang='lat' dir='ltr'>recte</span> <span class='ocrx_word' id='word_1_309' title='bbox 810 3856 1164 3940; x_wconf 84' lang='lat' dir='ltr'>colligimus</span> <span class='ocrx_word' id='word_1_310' title='bbox 1194 3855 1505 3919; x_wconf 88' lang='lat' dir='ltr'>malitiam</span> <span class='ocrx_word' id='word_1_311' title='bbox 1536 3853 1734 3936; x_wconf 88' lang='lat' dir='ltr'>specie</span> <span class='ocrx_word' id='word_1_312' title='bbox 1764 3852 2074 3916; x_wconf 84' lang='lat' dir='ltr'>diversam</span> <span class='ocrx_word' id='word_1_313' title='bbox 2104 3852 2300 3915; x_wconf 87' lang='lat' dir='ltr'>inesse</span> <span class='ocrx_word' id='word_1_314' title='bbox 2333 3850 2501 3914; x_wconf 88' lang='lat' dir='ltr'>actui</span> <span class='ocrx_word' id='word_1_315' title='bbox 2524 3874 2587 3911; x_wconf 85' lang='lat'>».</span> <span class='ocrx_word' id='word_1_316' title='bbox 2614 3849 2832 3928; x_wconf 83' lang='lat' dir='ltr'>Atqui,</span> 
     </span>
     <span class='ocr_line' id='line_1_36' title="bbox 377 3949 2835 4037; baseline -0.005 -11"><span class='ocrx_word' id='word_1_317' title='bbox 377 3979 487 4025; x_wconf 89' lang='lat' dir='ltr'>nos</span> <span class='ocrx_word' id='word_1_318' title='bbox 533 3959 887 4035; x_wconf 89' lang='lat' dir='ltr'>subdemus,</span> <span class='ocrx_word' id='word_1_319' title='bbox 920 3979 1032 4024; x_wconf 87' lang='lat' dir='ltr'>nos</span> <span class='ocrx_word' id='word_1_320' title='bbox 1065 3958 1266 4022; x_wconf 89' lang='lat' dir='ltr'>adhuc</span> <span class='ocrx_word' id='word_1_321' title='bbox 1310 3957 1559 4032; x_wconf 88' lang='lat' dir='ltr'>nescire,</span> <span class='ocrx_word' id='word_1_322' title='bbox 1593 3954 1989 4037; x_wconf 87' lang='lat' dir='ltr'>quandonam</span> <span class='ocrx_word' id='word_1_323' title='bbox 2026 3954 2091 4017; x_wconf 90' lang='grc'>01</span> <span class='ocrx_word' id='word_1_324' title='bbox 2136 3952 2444 4016; x_wconf 91' lang='lat' dir='ltr'>undenam</span> <span class='ocrx_word' id='word_1_325' title='bbox 2489 3949 2835 4035; x_wconf 88' lang='lat' dir='ltr'>colligenda</span> 
     </span>
     <span class='ocr_line' id='line_1_37' title="bbox 379 4052 2836 4129; baseline -0.005 -2"><span class='ocrx_word' id='word_1_326' title='bbox 379 4063 441 4127; x_wconf 88' lang='lat' dir='ltr'>ct</span> <span class='ocrx_word' id='word_1_327' title='bbox 482 4061 826 4129; x_wconf 86' lang='lat' dir='ltr'>definienda</span> <span class='ocrx_word' id='word_1_328' title='bbox 872 4063 957 4127; x_wconf 91' lang='lat' dir='ltr'>sit</span> <span class='ocrx_word' id='word_1_329' title='bbox 999 4062 1123 4126; x_wconf 90' lang='lat' dir='ltr'>ista</span> <span class='ocrx_word' id='word_1_330' title='bbox 1168 4058 1464 4125; x_wconf 90' lang='lat' dir='ltr'>notabilis</span> <span class='ocrx_word' id='word_1_331' title='bbox 1510 4056 1837 4121; x_wconf 81' lang='lat' dir='ltr'>diversitas</span> <span class='ocrx_word' id='word_1_332' title='bbox 1886 4056 2110 4121; x_wconf 89' lang='lat' dir='ltr'>obiecti</span> <span class='ocrx_word' id='word_1_333' title='bbox 2158 4057 2269 4119; x_wconf 89' lang='lat' dir='ltr'>aut</span> <span class='ocrx_word' id='word_1_334' title='bbox 2323 4054 2491 4117; x_wconf 91' lang='lat' dir='ltr'>modi</span> <span class='ocrx_word' id='word_1_335' title='bbox 2548 4052 2836 4116; x_wconf 85' lang='lat' dir='ltr'>tendendi</span> 
     </span>
     <span class='ocr_line' id='line_1_38' title="bbox 382 4156 2834 4250; baseline -0.004 -19"><span class='ocrx_word' id='word_1_336' title='bbox 382 4167 556 4231; x_wconf 82' lang='lat' dir='ltr'>actus</span> <span class='ocrx_word' id='word_1_337' title='bbox 601 4166 855 4250; x_wconf 85' lang='lat' dir='ltr'>peccati.</span> <span class='ocrx_word' id='word_1_338' title='bbox 896 4165 979 4228; x_wconf 83' lang='lat' dir='ltr'>Et</span> <span class='ocrx_word' id='word_1_339' title='bbox 1023 4182 1170 4228; x_wconf 90' lang='lat' dir='ltr'>sane</span> <span class='ocrx_word' id='word_1_340' title='bbox 1218 4161 1544 4226; x_wconf 82' lang='lat' dir='ltr'>diversitas</span> <span class='ocrx_word' id='word_1_341' title='bbox 1591 4160 1815 4225; x_wconf 87' lang='lat' dir='ltr'>obiecti</span> <span class='ocrx_word' id='word_1_342' title='bbox 1849 4160 1913 4223; x_wconf 90' lang='grc'>111</span> <span class='ocrx_word' id='word_1_343' title='bbox 1946 4177 2165 4243; x_wconf 89' lang='lat' dir='ltr'>genere</span> <span class='ocrx_word' id='word_1_344' title='bbox 2211 4157 2401 4221; x_wconf 90' lang='lat' dir='ltr'>moris</span> <span class='ocrx_word' id='word_1_345' title='bbox 2449 4156 2728 4240; x_wconf 85' lang='lat' dir='ltr'>exsurgit</span> <span class='ocrx_word' id='word_1_346' title='bbox 2764 4175 2834 4220; x_wconf 87' lang='lat' dir='ltr'>ex</span> 
     </span>
     <span class='ocr_line' id='line_1_39' title="bbox 382 4258 2836 4343; baseline -0.004 -10"><span class='ocrx_word' id='word_1_347' title='bbox 382 4267 742 4333; x_wconf 86' lang='lat' dir='ltr'>diversitate</span> <span class='ocrx_word' id='word_1_348' title='bbox 771 4266 1326 4333; x_wconf 79' lang='lat' dir='ltr'>disconvenientiae</span> <span class='ocrx_word' id='word_1_349' title='bbox 1350 4264 1428 4328; x_wconf 91' lang='lat' dir='ltr'>ad</span> <span class='ocrx_word' id='word_1_350' title='bbox 1460 4264 1786 4335; x_wconf 87' lang='lat' dir='ltr'>rationem,</span> <span class='ocrx_word' id='word_1_351' title='bbox 1812 4280 1921 4326; x_wconf 91' lang='lat' dir='ltr'>seu</span> <span class='ocrx_word' id='word_1_352' title='bbox 1942 4261 2233 4324; x_wconf 88' lang='lat' dir='ltr'>naturam</span> <span class='ocrx_word' id='word_1_353' title='bbox 2257 4259 2644 4324; x_wconf 88' lang='lat' dir='ltr'>rationalem.</span> <span class='ocrx_word' id='word_1_354' title='bbox 2672 4258 2836 4343; x_wconf 85' lang='lat' dir='ltr'>Ergo</span> 
     </span>
     <span class='ocr_line' id='line_1_40' title="bbox 384 4364 1972 4453; baseline -0.003 -21"><span class='ocrx_word' id='word_1_355' title='bbox 384 4389 478 4435; x_wconf 91' lang='lat' dir='ltr'>res</span> <span class='ocrx_word' id='word_1_356' title='bbox 513 4370 736 4435; x_wconf 89' lang='lat' dir='ltr'>recidit</span> <span class='ocrx_word' id='word_1_357' title='bbox 765 4371 829 4433; x_wconf 90' lang='lat' dir='ltr'>in</span> <span class='ocrx_word' id='word_1_358' title='bbox 866 4389 1003 4434; x_wconf 92' lang='lat' dir='ltr'>eam</span> <span class='ocrx_word' id='word_1_359' title='bbox 1033 4369 1335 4453; x_wconf 89' lang='lat' dir='ltr'>regulam,</span> <span class='ocrx_word' id='word_1_360' title='bbox 1370 4386 1560 4450; x_wconf 92' lang='lat' dir='ltr'>quam</span> <span class='ocrx_word' id='word_1_361' title='bbox 1591 4366 1720 4448; x_wconf 89' lang='lat' dir='ltr'>ipse</span> <span class='ocrx_word' id='word_1_362' title='bbox 1752 4364 1972 4429; x_wconf 86' lang='lat' dir='ltr'>reiicit.</span> 
     </span>
    </p>

    <p class='ocr_par' dir='ltr' id='par_1_7' title="bbox 387 4465 2844 4653">
     <span class='ocr_line' id='line_1_41' title="bbox 474 4465 2840 4551; baseline -0.006 -10"><span class='ocrx_word' id='word_1_363' title='bbox 474 4468 634 4542; x_wconf 74' lang='grc'><strong>621.</strong></span> <span class='ocrx_word' id='word_1_364' title='bbox 669 4470 886 4551; x_wconf 83' lang='lat' dir='ltr'>Quoad</span> <span class='ocrx_word' id='word_1_365' title='bbox 916 4470 1247 4536; x_wconf 89' lang='lat' dir='ltr'>secundam</span> <span class='ocrx_word' id='word_1_366' title='bbox 1284 4472 1348 4534; x_wconf 90' lang='grc'>01</span> <span class='ocrx_word' id='word_1_367' title='bbox 1379 4470 1632 4534; x_wconf 89' lang='lat' dir='ltr'>tertiam</span> <span class='ocrx_word' id='word_1_368' title='bbox 1663 4469 1905 4551; x_wconf 88' lang='lat' dir='ltr'>partem</span> <span class='ocrx_word' id='word_1_369' title='bbox 1938 4467 2216 4549; x_wconf 88' lang='lat' dir='ltr'>praestat</span> <span class='ocrx_word' id='word_1_370' title='bbox 2263 4466 2476 4530; x_wconf 88' lang='lat' dir='ltr'>afferre</span> <span class='ocrx_word' id='word_1_371' title='bbox 2517 4465 2646 4542; x_wconf 89' lang='lat' dir='ltr'>illa,</span> <span class='ocrx_word' id='word_1_372' title='bbox 2681 4484 2840 4546; x_wconf 86' lang='lat' dir='ltr'>quae</span> 
     </span>
     <span class='ocr_line' id='line_1_42' title="bbox 387 4567 2844 4653; baseline -0.002 -16"><span class='ocrx_word' id='word_1_373' title='bbox 387 4591 436 4638; x_wconf 90' lang='lat' dir='ltr'>s.</span> <span class='ocrx_word' id='word_1_374' title='bbox 474 4574 750 4640; x_wconf 83' lang='lat' dir='ltr'>Thomas</span> <span class='ocrx_word' id='word_1_375' title='bbox 772 4574 962 4638; x_wconf 89' lang='lat' dir='ltr'>habet</span> <span class='ocrx_word' id='word_1_376' title='bbox 994 4572 1069 4636; x_wconf 84' lang='lat' dir='ltr'>dc</span> <span class='ocrx_word' id='word_1_377' title='bbox 1091 4571 1260 4635; x_wconf 73' lang='lat' dir='ltr'>Mal.</span> <span class='ocrx_word' id='word_1_378' title='bbox 1294 4592 1353 4653; x_wconf 91' lang='lat' dir='ltr'>q.</span> <span class='ocrx_word' id='word_1_379' title='bbox 1389 4574 1450 4635; x_wconf 86' lang='lat'>2.</span> <span class='ocrx_word' id='word_1_380' title='bbox 1486 4573 1602 4635; x_wconf 89' lang='lat' dir='ltr'>art.</span> <span class='ocrx_word' id='word_1_381' title='bbox 1639 4571 1732 4633; x_wconf 83' lang='lat'>6.:</span> <span class='ocrx_word' id='word_1_382' title='bbox 1773 4594 1809 4628; x_wconf 84' lang='lat'>‹&lt;</span> <span class='ocrx_word' id='word_1_383' title='bbox 1839 4567 1998 4633; x_wconf 88' lang='grc'><strong>011111</strong></span> <span class='ocrx_word' id='word_1_384' title='bbox 2031 4570 2207 4633; x_wconf 90' lang='lat' dir='ltr'>actus</span> <span class='ocrx_word' id='word_1_385' title='bbox 2237 4568 2491 4632; x_wconf 86' lang='lat' dir='ltr'>moralis</span> <span class='ocrx_word' id='word_1_386' title='bbox 2525 4568 2610 4632; x_wconf 90' lang='lat' dir='ltr'>sit</span> <span class='ocrx_word' id='word_1_387' title='bbox 2647 4570 2844 4642; x_wconf 76' lang='lat' dir='ltr'>actuS,</span> 
     </span>
    </p>
   </div>
  </div>
 </body>
</html>
