3529 5158
377 344 524 420 [788]
816 360 941 416 uu,
980 361 1064 401 m
1102 360 1345 403 empna
1383 364 1568 417 uuo,
1612 363 2043 418 iussum-unc,
2078 365 2429 406 cmumrm
2724 350 2833 407 627

467 452 642 528 737.
676 458 1001 539 Quomodo
1030 459 1245 524 deinde
1268 461 1473 543 passio
1498 460 1625 524 irae
1656 463 1721 524 et
1751 461 1913 525 bona
1944 464 2007 525 et
2037 462 2204 525 mala
2235 481 2366 525 esse
2395 464 2604 542 queat,
2621 462 2837 526 disser-

376 560 504 623 tius
530 562 797 644 explicat
817 564 903 627 ibi
931 566 1050 628 art.
1087 564 1183 626 2.;
1225 587 1261 621 «
1292 563 1508 627 Passio
1534 564 1850 646 appetitus
1881 564 2159 627 sensitivi
2198 565 2514 629 intantum
2537 566 2632 628 est
2653 565 2833 642 bona,

376 661 751 744 inquantum
793 666 1039 735 ratione
1075 666 1418 750 regulatur.
1454 664 1517 729 Si
1558 668 1768 730 autem
1818 667 2089 730 ordinem
2121 667 2382 730 rationis
2414 666 2719 743 excludat,
2745 670 2838 731 est

382 765 567 828 mala.
607 766 775 832 Ordo
822 771 1035 833 autem
1064 769 1327 834 rationis
1358 768 1451 833 ita
1484 772 1689 852 potest
1735 769 1972 834 attendi
2005 773 2310 852 quantum
2343 770 2416 833 ad
2451 770 2593 835 duo.
2626 770 2836 835 Primo

375 867 624 947 quidem
656 873 967 951 quantum
999 871 1075 934 ad
1110 871 1460 954 appetibile,
1494 872 1557 935 in
1588 872 1753 954 quod
1785 872 2003 949 tendit,
2037 874 2200 954 quod
2226 876 2320 937 est
2343 872 2635 938 vindicta.
2662 873 2838 938 Unde

376 969 427 1032 si
478 971 703 1052 aliquis
751 973 1034 1056 appetat,
1074 974 1234 1054 quod
1275 975 1611 1038 secundum
1649 974 1925 1039 ordinem
1970 975 2230 1039 rationis
2268 975 2382 1039 fiat
2409 975 2702 1051 vindicta,
2742 978 2841 1040 est

374 1070 709 1139 laudabilis
741 1074 869 1139 irae
905 1075 1219 1158 appetitus
1252 1078 1315 1140 et
1346 1078 1604 1141 vocatur
1635 1078 1735 1140 ira
1754 1076 2112 1156 perzelum.
2132 1076 2197 1145 Si
2229 1080 2442 1147 autem
2479 1079 2710 1160 aliquis
2737 1097 2838 1161 ap-

376 1176 570 1255 petat,
605 1175 771 1257 quod
809 1176 925 1240 fiat
953 1177 1229 1241 vindicta
1261 1177 1786 1259 qualitercumque
1815 1182 2034 1242 contra
2058 1180 2341 1242 ordinem
2368 1181 2657 1253 rat-some,
2683 1183 2838 1263 puta

376 1275 430 1337 si
463 1279 717 1359 appetat
750 1279 955 1361 puniri
988 1299 1150 1355 eum,
1174 1281 1283 1360 qui
1314 1299 1435 1344 non
1468 1281 1696 1345 meruit
1730 1282 1827 1344 vel
1861 1282 2026 1345 ultra
2061 1302 2246 1363 quam
2273 1283 2500 1346 meruit
2526 1284 2619 1346 vel
2646 1283 2840 1347 etiam

376 1395 497 1441 non
532 1380 871 1444 secundum
902 1381 1261 1465 legitimum
1293 1381 1570 1446 ordinem
1600 1384 1697 1446 vel
1729 1402 1850 1447 non
1884 1387 2135 1467 propter
2164 1383 2438 1448 debitum
2487 1383 2690 1461 finem,
2731 1385 2839 1466 qui

376 1485 471 1544 est
507 1485 893 1549 conservatio
927 1485 1208 1549 iustitiae
1233 1488 1301 1550 et
1327 1487 1627 1550 correctio
1657 1488 1895 1569 culpae,
1914 1488 2038 1553 erit
2064 1486 2379 1569 appetitus
2407 1487 2536 1549 irae
2573 1486 2837 1550 vitiosus

377 1586 441 1647 et
473 1586 832 1650 nominatur
861 1588 966 1650 ira
986 1606 1109 1666 per
1140 1586 1380 1650 vitium.
1415 1588 1558 1651 Alio
1588 1588 1772 1652 modo
1813 1588 2159 1652 attenditur
2205 1588 2353 1652 ordo
2385 1588 2645 1651 rationis
2676 1587 2837 1651 circa

378 1686 538 1749 iram
572 1690 879 1768 quantum
925 1689 1001 1751 ad
1033 1688 1287 1753 modum
1323 1689 1643 1765 irascendi,
1678 1692 1751 1752 ut
1783 1690 2018 1753 scilicet
2046 1692 2258 1753 motus
2303 1690 2430 1753 irae
2467 1708 2587 1753 non
2621 1690 2839 1753 immo—

380 1787 592 1851 derate
620 1789 926 1853 fervescat
955 1808 1063 1855 nec
1092 1790 1355 1854 interius
1403 1811 1511 1855 nec
1556 1792 1843 1867 exterius.
1878 1790 2053 1871 Quod
2092 1792 2336 1873 quidem
2371 1792 2424 1855 si
2454 1793 2840 1874 praetermit-

380 1891 573 1965 tatur,
623 1909 744 1955 non
792 1892 918 1956 erit
963 1892 1057 1956 ira
1106 1893 1336 1974 absque
1383 1896 1653 1975 peccato,
1702 1895 1948 1958 etiamsi
2010 1895 2235 1976 aliquis
2282 1896 2537 1978 appetat
2582 1895 2834 1972 iustam,

380 1991 717 2056 vindictam
751 2019 811 2057 ».

465 2098 546 2163 Et
578 2100 728 2163 haec
760 2100 1023 2165 reddunt
1058 2102 1362 2166 rationem
1402 2104 1841 2187 Responsionis
1872 2097 2179 2168 Auctoris.

1360 2264 1536 2330 Unde
1583 2265 1866 2329 resolves,

485 2404 612 2458 XCI.
642 2407 688 2458 ’1.
716 2404 769 2459 si
808 2406 1032 2461 ordinate
1070 2414 1329 2474 appetatur
1359 2406 1589 2469 vindicta,
1616 2422 1710 2461 non
1743 2416 1818 2461 est
1858 2416 2108 2475 peecatum
2144 2407 2267 2473 irae,
2308 2416 2360 2465 ut
2399 2423 2509 2462 cum
2547 2406 2830 2474 superiores

379 2488 654 2543 irascuntur
689 2490 849 2558 culpis
888 2491 1195 2546 subditorum
1232 2507 1415 2558 eosque
1452 2492 1656 2559 puniunt
1693 2507 1780 2547 seu
1822 2492 2081 2546 vindicant.

468 2607 642 2682 738.
684 2613 856 2678 Haec
888 2614 1126 2679 dicetur
1156 2617 1258 2678 ira
1272 2635 1394 2694 per
1422 2614 1642 2679 zeltmt.
1677 2615 1757 2680 Et
1789 2616 1852 2680 in
1885 2616 1998 2680 hac
2030 2635 2276 2698 peccare
2308 2618 2568 2699 possunt
2599 2635 2703 2698 per
2736 2615 2833 2680 de-

376 2715 694 2790 fectum,si
734 2715 1089 2799 Superiores
1123 2737 1243 2783 non
1276 2718 1429 2783 satis
1462 2719 1841 2801 prospiciant
1873 2719 2008 2783 tum
2046 2719 2499 2784 conservationi
2532 2719 2829 2792 iustitiae,

382 2818 518 2882 tum
565 2818 931 2883 correctioni
993 2820 1230 2903 culpae,
1280 2821 1353 2884 ut
1399 2820 1521 2886 alia
1569 2822 2140 2903 praetermittamus
2185 2822 2431 2896 damna,
2459 2840 2617 2903 quae
2663 2820 2838 2902 sequi

375 2919 518 2983 aliis
549 2919 622 2986 de
660 2921 863 2985 causis
896 2921 1111 3004 possit.
1268 2974 1273 2988 ,
2097 2983 2100 2986 .

458 3021 671 3104 Neque
699 3023 948 3088 obtendi
965 3023 1097 3089 heic
1122 3024 1301 3089 debet
1317 3026 1760 3100 mansuetudm
1785 3045 1930 3090 nam
1949 3026 2134 3090 huius
2158 3026 2412 3090 virtutis
2428 3026 2518 3104 (2.
2534 3027 2665 3104 2.(1.
2689 3024 2834 3099 157,

376 3126 495 3187 art.
530 3126 617 3207 1.)
649 3126 745 3188 est
785 3126 1244 3200 tantummodo,
1278 3129 1350 3190 ut
1386 3125 1741 3190 moderetur
1786 3126 2088 3207 impetum
2127 3126 2273 3198 irae,
2314 3146 2390 3189 ne
2418 3127 2702 3205 peccetur
2733 3143 2837 3205 per

381 3243 693 3292 excessum
710 3230 774 3292 et
800 3247 943 3293 cum
960 3247 1031 3293 ea
1052 3229 1285 3311 optime
1300 3229 1692 3310 componitur
1716 3229 1916 3291 virtus
1938 3227 2498 3298 sm²mmtis,cmus
2520 3225 2834 3308 proprium

379 3331 477 3392 est
509 3331 599 3402 (2.
624 3331 683 3394 2.
711 3351 769 3413 q.
810 3332 953 3395 157.
991 3333 1108 3394 art.
1146 3333 1205 3394 2.
1242 3330 1314 3394 ed
1353 3332 1439 3410 1.)
1464 3332 1537 3393 ut
1568 3330 1651 3393 sit
1682 3327 2032 3394 inflexibilis
2064 3329 2225 3391 circa
2268 3327 2672 3392 inflictionem
2701 3344 2838 3406 poe-

381 3451 622 3510 narum,
663 3433 909 3514 quando
950 3434 1065 3498 hoc
1102 3435 1268 3497 recta
1301 3433 1462 3496 ratio
1495 3431 1794 3513 postulat.

468 3535 813 3598 Discrimen
841 3537 1050 3599 autem
1074 3533 1568 3598 mansuetudinis
1592 3553 1627 3596 a
1653 3533 1980 3598 clementia
2004 3534 2091 3597 sic
2115 3532 2322 3617 tangit
2346 3551 2392 3596 s.
2410 3532 2684 3596 Thomas
2699 3533 2758 3595 2.
2774 3533 2833 3595 2.

380 3657 437 3718 q.
472 3638 616 3701 157.
639 3641 757 3702 art.
788 3638 939 3701 aad
959 3641 1019 3701 2.
1046 3663 1079 3696 «
1098 3637 1390 3712 Habitus,
1418 3637 1523 3720 qui
1547 3637 1820 3701 medium
1853 3639 2020 3701 tenet
2045 3637 2106 3700 in
2126 3638 2237 3714 ira,
2266 3638 2360 3701 est
2384 3636 2833 3710 innominatus3

379 3741 442 3802 et
472 3739 610 3803 ideo
644 3740 863 3818 virtus,
891 3761 1048 3821 quac
1072 3740 1342 3803 medium
1376 3742 1555 3812 tenet,
1590 3740 1947 3804 nominatur
1980 3760 2014 3805 a
2048 3740 2455 3804 diminutione
2491 3740 2638 3812 irae,
2680 3758 2837 3819 quae

384 3841 772 3926 significatur
804 3842 1049 3906 nomine
1089 3842 1588 3905 mansuetudinis
1605 3862 1628 3910 ,·
1658 3861 1730 3906 eo
1762 3842 1928 3923 quod
1961 3843 2160 3905 virtus
2193 3842 2591 3923 propinquior
2628 3841 2724 3902 est
2753 3840 2839 3904 di-

378 3943 715 4009 minutioni
761 3964 955 4026 quam
1010 3944 1611 4029 superabundantiae
1658 3947 1910 4026 propter
1955 3945 2087 4012 hoc,
2138 3942 2299 4024 quod
2349 3941 2697 4005 naturalius
2744 3943 2840 4005 est

382 4044 615 4109 homini
651 4049 937 4130 appetere
962 4045 1298 4109 vindictam
1325 4046 1692 4110 iniuriarum
1726 4047 2065 4116 illatarum,
2086 4063 2272 4127 quam
2308 4043 2384 4106 ab
2417 4044 2531 4107 hoc
2555 4041 2833 4106 deficere:

384 4148 528 4229 quia
564 4150 663 4213 vix
699 4149 885 4214 alicui
932 4149 1114 4213 nimis
1148 4168 1373 4232 parvae
1422 4148 1708 4212 videntur
1754 4148 1992 4211 iniurae
2025 4147 2142 4211 sibi
2181 4147 2455 4211 illatae...
2497 4145 2836 4210 Clementia

381 4257 591 4316 autem
631 4255 726 4317 est
775 4251 1145 4317 diminutiva
1187 4271 1523 4335 poenarum
1556 4270 1673 4317 non
1715 4251 1963 4332 quidem
2009 4251 2072 4314 in
2119 4252 2400 4331 respectu
2449 4247 2524 4312 ad
2558 4247 2636 4322 id,
2672 4247 2838 4328 quod

377 4354 474 4416 est
504 4354 842 4418 secundum
866 4355 1171 4419 rationem
1187 4357 1439 4431 rectam,
1461 4355 1563 4418 sed
1598 4355 1660 4417 in
1685 4354 1966 4436 respectu
1993 4353 2068 4415 ad
2093 4351 2352 4432 id,quod
2377 4353 2471 4414 est
2501 4350 2836 4418 secundum

382 4454 585 4540 legem
631 4475 1038 4534 communem,
1075 4476 1261 4538 quam
1308 4458 1557 4539 respicit
1593 4456 1839 4520 iustitia
1884 4456 2124 4538 legalis.
2178 4453 2292 4517 Sed
2341 4455 2591 4537 propter
2628 4454 2838 4538 aliqua

378 4559 779 4639 particularia
806 4559 1211 4636 considerata,
1239 4561 1561 4623 clementia
1589 4560 1882 4624 diminuit
1907 4579 2095 4641 poena
2108 4579 2153 4632 s,
2182 4558 2360 4639 quasi
2384 4555 2707 4620 decernens
2734 4556 2839 4619 ho·
