3529 5158
713 339 820 392 404
1220 348 1433 390 macr.
1472 346 1561 385 111.
1601 347 1687 386 nm
1723 344 2005 387 nmmos·
2043 344 2241 389 cnu'r
2279 345 2359 385 iv.
2397 344 2542 386 nun.
2582 344 2664 385 ιν.
2766 399 2775 407 ·
3035 330 3175 406 [414]

803 441 965 516 414.
1000 446 1193 509 Porro
1240 443 1403 526 quod
1437 443 1681 527 praeter
1725 461 1940 507 casum
1988 441 2390 526 obligationis
2435 441 2733 506 cessantis
2768 441 2845 505 ob
2876 442 3171 508 materiae

713 550 1147 625 mutationem,
1199 548 1311 612 aut
1357 547 1434 611 ob
1477 546 1898 610 irritationem
1942 563 2014 610 ex
2060 545 2385 610 voluntate
2430 543 2620 620 illius,
2659 542 2769 624 qui
2799 544 3171 625 potestatem

714 651 1163 717 dominativam
1209 650 1398 714 habet
1441 650 1505 714 in
1553 650 1840 724 alterum,
1891 647 2143 712 admitti
2188 647 2408 712 debeat
2440 646 2600 711 alius
2637 646 2879 725 modus,
2930 666 3038 730 per
3083 647 3174 711 di-

715 754 1167 836 spensationem
1214 751 1544 834 quandam,
1577 750 1757 815 facile
1791 750 2189 834 intelligitur.

803 854 1016 919 Omnis
1047 854 1274 938 quippe
1318 854 1413 918 lex
1460 852 1668 935 (Suar.
1702 852 1776 916 de
1807 851 2017 934 Reliy.
2056 852 2163 916 lib.
2200 851 2261 915 6.
2294 871 2428 935 cap.
2470 852 2530 915 9.
2565 871 2625 915 n.
2660 851 2753 935 8.)
2783 850 3059 916 humana
3089 852 3173 916 in-

714 957 960 1022 terdum
1005 957 1244 1041 indiget
1288 956 1777 1039 dispensatione3
1818 973 1965 1039 ergo
2002 955 2067 1018 et
2102 956 2341 1030 votum,
2382 953 2548 1035 quod
2579 955 2674 1017 est
2713 953 2895 1035 quasi
2929 954 3170 1038 privata

712 1060 810 1125 lex
833 1061 1126 1125 humana.
1152 1058 1318 1142 Ergo
1342 1077 1466 1123 non
1489 1058 1661 1122 deest
1682 1058 1747 1121 in
1779 1056 2051 1121 Ecclesia
2088 1056 2366 1139 potestas
2391 1055 2467 1119 ad
2490 1055 2670 1120 illam
2707 1056 3167 1121 concedendam.

811 1186 846 1220 «
877 1162 1066 1227 Ratio
1100 1163 1310 1225 autem
1348 1162 1462 1237 est,
1495 1159 1644 1242 quia
1675 1158 1949 1223 humana
1979 1158 2341 1223 deliberatio
2373 1177 2445 1221 ac
2468 1158 2796 1241 prudentia
2819 1176 2943 1222 non
2968 1159 3170 1240 potest

716 1266 924 1330 omnia
969 1263 1466 1347 circumspicere3
1507 1263 1571 1327 et
1599 1262 1734 1326 ideo
1769 1281 1948 1344 saepe
1979 1280 2099 1326 non
2146 1260 2425 1344 expedire
2464 1260 2958 1343 deprehenditur,
3009 1260 3167 1342 quod

710 1369 850 1453 lege
885 1368 1091 1433 fuerat
1120 1368 1568 1451 praescriptum
1606 1366 1719 1428 aut
1753 1366 1917 1429 certe
1954 1363 2252 1446 expediet,
2291 1364 2647 1446 quempiam
2681 1364 2759 1427 ab
2790 1364 3169 1448 obligatione

714 1471 984 1554 excipere
1021 1470 1119 1535 vel
1155 1472 1405 1553 propter
1439 1468 1643 1533 maius
1675 1466 1926 1549 aliquod
1958 1466 2191 1532 bonum
2222 1467 2321 1531 vel
2357 1467 2609 1550 propter
2646 1466 2898 1548 aliquod
2930 1468 3168 1531 malum

714 1572 1058 1649 vitandum,
1107 1591 1266 1654 quae
1311 1571 1407 1635 est
1459 1569 1620 1633 ratio
1676 1568 2019 1632 iustificans
2075 1568 2615 1651 dispensationem.
2664 1567 2748 1630 Et
2798 1567 2939 1632 inde
2994 1568 3168 1632 facile

716 1675 1080 1753 ostenditur,
1131 1673 1193 1737 id
1239 1670 1687 1738 extendendum
1732 1689 1862 1735 esse
1911 1669 1987 1733 ad
2034 1669 2202 1735 vota.
2241 1669 2478 1753 Quippe
2524 1670 2687 1734 sicut
2730 1669 2848 1746 lex,
2881 1688 3043 1751 quae
3072 1688 3169 1753 ge-

712 1778 1005 1842 neraliter
1049 1776 1434 1860 proponitur,
1482 1774 1546 1838 in
1593 1772 1957 1857 particulari
2002 1773 2209 1854 potest
2261 1791 2383 1837 non
2430 1772 2741 1855 expedire:
2789 1771 2883 1836 ita
2930 1772 3164 1846 votum,

713 1880 879 1963 quod
924 1881 1020 1943 est
1055 1878 1252 1943 veluti
1282 1877 1526 1960 privata
1557 1876 1672 1951 lex,
1708 1874 1940 1958 poterit
1968 1874 2155 1939 alicui
2192 1875 2291 1939 vel
2319 1875 2384 1939 in
2422 1875 2633 1957 aliquo
2665 1894 2813 1940 casu
2845 1894 2968 1941 non
3002 1893 3168 1958 expe-

712 1981 869 2057 dire3
918 1981 1078 2044 unde
1116 1980 1177 2043 in
1210 1978 1491 2061 pluribus
1527 1977 1772 2041 casibus
1808 1977 2011 2041 multa
2044 1978 2445 2059 sequerentur
2488 1978 2656 2041 mala
2693 1980 2758 2042 et
2792 1979 3068 2061 pericula
3099 1996 3165 2041 ex

711 2083 957 2148 vinculo
1005 2082 1157 2159 voti,
1207 2081 1323 2145 nisi
1371 2081 1434 2144 in
1483 2099 1554 2144 eo
1600 2080 2077 2163 dispensaretur.
2114 2078 2346 2143 Exinde
2391 2079 2568 2162 patet
2612 2079 2823 2157 etiam,
2864 2100 2976 2145 cur
3022 2080 3165 2145 baec

711 2183 1103 2266 dispensandi
1148 2182 1414 2247 facultas
1460 2182 1664 2247 deesse
1716 2182 1782 2246 in
1834 2181 2108 2246 Ecclesia
2151 2200 2284 2246 non·
2322 2181 2539 2264 possit.
2586 2181 2832 2246 Etenim
2882 2181 3162 2248 Christus

710 2305 833 2351 non
865 2285 1062 2350 defuit
1093 2285 1398 2349 Ecclesiae
1432 2285 1497 2348 in
1529 2283 1905 2348 necessariis.
1940 2283 2115 2349 Unde
2146 2284 2299 2349 haec
2333 2286 2612 2367 potestas
2644 2285 2775 2349 sine
2806 2284 2997 2350 dubio
3031 2306 3164 2351 con-

709 2389 944 2454 tinetur
989 2388 1052 2452 in
1099 2388 1225 2452 illis
1263 2387 1498 2452 verbis:
1547 2386 1753 2450 Pasce
1799 2406 1937 2451 oves
1972 2406 2142 2451 meas
2178 2388 2242 2451 et
2275 2386 2341 2450 in
2372 2387 2533 2452 aliis.
2569 2387 2718 2452 Tibi
2761 2387 2921 2452 dabo
2967 2388 3163 2453 claves

707 2493 893 2575 reyni
920 2490 1230 2556 caelorum
1259 2492 1324 2554 et
1352 2488 1772 2571 quodcumque
1802 2488 2061 2553 solveris
2096 2509 2287 2569 super
2325 2493 2560 2554 terram
2589 2491 2709 2555 etc.
2747 2514 2808 2553 ».

798 2590 956 2665 415.
983 2595 1405 2659 Veruntamen
1433 2576 1782 2658 addenduni¹
1802 2592 2055 2675 (Suarez
2081 2595 2233 2658 tom.
2260 2592 2335 2658 de
2356 2593 2501 2659 Rel.
2527 2595 2636 2659 lib.
2656 2595 2716 2658 6.
2735 2614 2867 2678 cap.
2896 2598 2959 2661 9.
2987 2618 3047 2660 n.
3076 2598 3160 2679 9.)

708 2697 952 2781 proprie
981 2696 1307 2779 loquendo,
1334 2715 1457 2760 non
1486 2695 1827 2778 dispensari
1856 2695 1922 2758 in
1950 2695 2087 2780 lege
2109 2696 2386 2761 naturali
2409 2696 2777 2778 formaliter,
2803 2699 2910 2763 sed
2935 2700 3159 2765 auferri

709 2801 773 2864 et
807 2799 1043 2863 mutari
1085 2799 1414 2863 materiam
1459 2797 1615 2883 legis
1661 2797 1969 2861 naturalis
2014 2799 2079 2862 et
2114 2797 2201 2862 sic
2231 2818 2468 2865 cessare
2513 2800 2646 2865 eius
2694 2802 3155 2886 obligationem.

715 2929 750 2962 ‹
781 2903 1028 2967 Etenim
1071 2904 1168 2968 lex
1214 2903 1519 2968 naturalis
1551 2903 1647 2967 est
1673 2902 1739 2965 in
1778 2902 2104 2984 praesenti,
2144 2902 2219 2967 ut
2253 2905 2404 2968 vota
2434 2905 2565 2970 Deo
2596 2905 2977 2985 reddantur3
3017 2908 3159 2972 haec

708 3006 918 3070 autem
948 3006 1045 3069 lex
1076 3006 1238 3070 sicut
1268 3025 1390 3070 non
1437 3004 1654 3088 incipit
1701 3003 1996 3087 obligare,
2028 3004 2146 3067 nisi
2178 3005 2512 3087 postquam
2540 3006 2615 3071 fit
2644 3007 2885 3086 votum,
2919 3009 3013 3074 ita
3044 3028 3156 3073 non

705 3110 1030 3173 conservat
1073 3109 1176 3191 (ut
1218 3109 1312 3173 ita
1358 3107 1588 3188 dicam)
1636 3106 2099 3191 obligationem,
2147 3107 2269 3172 nisi
2313 3108 2577 3174 durante
2623 3111 2800 3188 vot03
2843 3114 2907 3177 et
2937 3112 3071 3177 ideo
3107 3113 3157 3176 si

704 3212 922 3275 votum
957 3210 1294 3288 auferatur,
1326 3208 1594 3274 cessabit
1624 3208 1925 3292 obligatio
1951 3208 2107 3292 legis
2130 3209 2259 3273 sine
2290 3209 2743 3293 dispensatione
2771 3213 2837 3277 in
2871 3213 3002 3278 illa.
3026 3214 3153 3278 Hoc

702 3311 916 3395 itaque
962 3312 1037 3375 fit
1080 3331 1186 3394 per
1231 3310 1770 3394 dispensationem,
1820 3309 1986 3392 quod
2030 3310 2336 3374 illustrari
2381 3331 2521 3376 cum
2569 3332 2617 3378 s.
2667 3314 2910 3380 Thoma
2956 3315 3157 3399 potest

703 3414 979 3496 exemplo
1025 3413 1182 3497 legis
1228 3414 1555 3477 humanae.
1587 3411 1752 3476 Nam
1784 3411 1918 3495 pari
1964 3411 2147 3477 modo
2178 3413 2276 3477 lex
2311 3414 2619 3480 naturalis
2664 3414 2880 3494 dictat,
2917 3435 3157 3482 servan-

705 3515 848 3578 dam
893 3533 1023 3578 esse
1068 3514 1268 3597 legem
1306 3515 1677 3589 humanam3
1728 3514 1781 3578 si
1828 3514 2037 3577 tamen
2072 3513 2169 3578 lex
2200 3514 2473 3579 humana
2518 3517 2619 3582 vel
2663 3518 3033 3601 simpliciter
3062 3519 3151 3584 vel

702 3616 768 3680 in
805 3634 952 3679 casu
983 3617 1278 3698 quopiam
1325 3616 1661 3694 auferatur,
1709 3616 1840 3680 iam
1883 3617 1980 3680 lex
2024 3616 2332 3682 naturalis
2377 3637 2501 3682 non
2548 3619 2871 3704 obligabit,
2906 3622 3051 3687 licet
3094 3621 3152 3685 in

704 3738 776 3784 ea
812 3719 985 3782 nulla
1022 3717 1136 3782 fiat
1166 3718 1541 3802 dispensatio
1576 3743 1638 3783 ».

792 3819 892 3886 Sic
922 3821 1134 3903 itaque
1164 3822 1373 3886 locum
1402 3821 1591 3885 habet
1611 3822 1734 3885 ista
1758 3821 2157 3905 dispensatiO,
2182 3825 2490 3904 quatenus
2522 3848 2557 3882 «
2580 3824 2644 3889 in
2675 3826 2809 3890 voti
2844 3826 3153 3892 ablatione

702 3924 907 4005 (Suar.
941 3925 983 3987 l.
1025 3943 1074 3987 c.
1109 3944 1167 3986 n.
1209 3925 1340 4007 15.)
1376 3923 1687 3990 concurrit
1723 3923 2010 3989 Pontifex
2047 3925 2175 3989 sive
2213 3926 2540 3991 Praelatus
2571 3946 2642 3992 ex
2680 3931 2859 4011 parte
2899 3931 3031 4007 Dei,
3070 3948 3155 3993 re-

701 4026 1003 4091 mittendo
1052 4027 1496 4111 obligationem
1528 4028 1656 4090 Deo
1695 4025 1929 4090 factam
1975 4027 2039 4091 et
2085 4025 2470 4106 declarando,
2506 4028 2625 4093 sibi
2658 4049 2787 4095 esse
2834 4032 3148 4115 placitum.

701 4131 774 4192 ut
820 4131 1037 4193 votum
1075 4149 1197 4194 non
1230 4132 1534 4202 servetur3
1570 4148 1715 4192 narn
1748 4127 1873 4192 alia
1919 4128 2157 4193 ratione
2189 4148 2312 4195 non
2350 4134 2557 4214 posset
2595 4132 2897 4218 obligatio
2934 4132 3152 4199 auferri

702 4234 815 4296 aut
851 4233 1100 4315 pactum
1134 4232 1375 4298 resolvi.
1410 4233 1546 4295 Hoc
1583 4233 1793 4296 autem
1826 4231 2011 4296 modo
2042 4231 2174 4296 fieri
2204 4233 2675 4299 dissolutionem
2708 4237 2875 4319 pacti
2914 4240 2978 4302 et
3011 4236 3153 4303 obli-

699 4333 1015 4416 gationem
1053 4333 1382 4417 exstingui,
1431 4333 1608 4398 facile
1653 4333 2048 4419 intelligitur.
2084 4334 2248 4400 Nam
2294 4337 2483 4401 etiam
2515 4337 2675 4402 inter
2713 4338 2995 4404 homines
3042 4339 3149 4401 hoc

699 4435 881 4500 modo
929 4436 1238 4500 tolluntur
1284 4435 1693 4519 obligationes
1739 4437 2222 4520 promissionum
2254 4440 2317 4503 et
2362 4459 2466 4504 rex
2503 4441 2719 4522 posset
2765 4443 3145 4506 committere

700 4538 946 4602 officiali
995 4556 1127 4613 suo,
1179 4539 1251 4600 ut
1297 4537 1729 4619 promissiones
1761 4539 1880 4603 sibi
1929 4539 2123 4604 factas
2170 4541 2476 4607 relaxaret
2522 4543 2619 4607 vel
2667 4544 3140 4627 componeret».
