<?xml version="1.0" encoding="UTF-8"?>
<!DOCTYPE html PUBLIC "-//W3C//DTD XHTML 1.0 Transitional//EN"
    "http://www.w3.org/TR/xhtml1/DTD/xhtml1-transitional.dtd">
<html xmlns="http://www.w3.org/1999/xhtml" xml:lang="en" lang="en">
 <head>
  <title>
</title>
<meta http-equiv="Content-Type" content="text/html;charset=utf-8" />
  <meta name='ocr-system' content='tesseract 3.04.00' />
  <meta name='ocr-capabilities' content='ocr_page ocr_carea ocr_par ocr_line ocrx_word'/>
</head>
<body>
  <div class='ocr_page' id='page_1' title='image "./opustheologicum00palmgoog/opustheologicum00palmgoog_0035.png"; bbox 0 0 3529 5158; ppageno 0'>
   <div class='ocr_carea' id='block_1_1' title="bbox 690 377 2290 421">
    <p class='ocr_par' dir='ltr' id='par_1_1' title="bbox 690 377 2290 421">
     <span class='ocr_line' id='line_1_1' title="bbox 690 377 2290 421; baseline 0.002 -4"><span class='ocrx_word' id='word_1_1' title='bbox 690 378 813 420; x_wconf 72' lang='lat' dir='ltr'>XXX</span> <span class='ocrx_word' id='word_1_2' title='bbox 1568 379 1782 418; x_wconf 68' lang='lat' dir='ltr'>sEBu-ls</span> <span class='ocrx_word' id='word_1_3' title='bbox 1820 377 2019 420; x_wconf 77' lang='lat' dir='ltr'>CBRON</span> <span class='ocrx_word' id='word_1_4' title='bbox 2026 379 2290 421; x_wconf 75' lang='lat' dir='ltr'>OLOGmA</span> 
     </span>
    </p>
   </div>
   <div class='ocr_carea' id='block_1_2' title="bbox 599 479 3154 4749">
    <p class='ocr_par' dir='ltr' id='par_1_2' title="bbox 691 479 3154 643">
     <span class='ocr_line' id='line_1_2' title="bbox 780 479 3154 555; baseline 0.003 -17"><span class='ocrx_word' id='word_1_5' title='bbox 780 483 885 540; x_wconf 82' lang='grc'><strong>25.</strong></span> <span class='ocrx_word' id='word_1_6' title='bbox 927 481 1095 539; x_wconf 78' lang='lat' dir='ltr'>Uum</span> <span class='ocrx_word' id='word_1_7' title='bbox 1141 497 1343 540; x_wconf 88' lang='lat' dir='ltr'>causa</span> <span class='ocrx_word' id='word_1_8' title='bbox 1389 480 1649 539; x_wconf 88' lang='lat' dir='ltr'>licitum</span> <span class='ocrx_word' id='word_1_9' title='bbox 1681 486 1787 539; x_wconf 86' lang='lat' dir='ltr'>est</span> <span class='ocrx_word' id='word_1_10' title='bbox 1836 479 2056 539; x_wconf 88' lang='lat' dir='ltr'>iurare</span> <span class='ocrx_word' id='word_1_11' title='bbox 2089 480 2238 540; x_wconf 89' lang='lat' dir='ltr'>sino</span> <span class='ocrx_word' id='word_1_12' title='bbox 2271 480 2496 540; x_wconf 88' lang='lat' dir='ltr'>animo</span> <span class='ocrx_word' id='word_1_13' title='bbox 2543 480 2831 555; x_wconf 89' lang='lat' dir='ltr'>iurandi,</span> <span class='ocrx_word' id='word_1_14' title='bbox 2869 482 3014 543; x_wconf 85' lang='lat' dir='ltr'>sive</span> <span class='ocrx_word' id='word_1_15' title='bbox 3047 501 3154 547; x_wconf 91' lang='lat' dir='ltr'>res</span> 
     </span>
     <span class='ocr_line' id='line_1_3' title="bbox 691 568 1471 643; baseline -0.001 -16"><span class='ocrx_word' id='word_1_16' title='bbox 691 568 781 627; x_wconf 90' lang='lat' dir='ltr'>sit</span> <span class='ocrx_word' id='word_1_17' title='bbox 827 568 995 629; x_wconf 75' lang='lat' dir='ltr'>levis</span> <span class='ocrx_word' id='word_1_18' title='bbox 1045 570 1188 629; x_wconf 87' lang='lat' dir='ltr'>sive</span> <span class='ocrx_word' id='word_1_19' title='bbox 1220 568 1471 643; x_wconf 82' lang='lat' dir='ltr'>gravis.</span> 
     </span>
    </p>

    <p class='ocr_par' dir='ltr' id='par_1_3' title="bbox 619 657 3152 1179">
     <span class='ocr_line' id='line_1_4' title="bbox 779 657 3152 735; baseline 0.003 -18"><span class='ocrx_word' id='word_1_20' title='bbox 779 662 885 718; x_wconf 81' lang='grc'><strong>26.</strong></span> <span class='ocrx_word' id='word_1_21' title='bbox 936 657 1006 717; x_wconf 85' lang='lat' dir='ltr'>Si</span> <span class='ocrx_word' id='word_1_22' title='bbox 1056 657 1227 732; x_wconf 85' lang='lat' dir='ltr'>quis,</span> <span class='ocrx_word' id='word_1_23' title='bbox 1281 658 1389 717; x_wconf 84' lang='lat' dir='ltr'>vel</span> <span class='ocrx_word' id='word_1_24' title='bbox 1436 657 1617 717; x_wconf 90' lang='lat' dir='ltr'>solus</span> <span class='ocrx_word' id='word_1_25' title='bbox 1666 658 1774 716; x_wconf 85' lang='lat' dir='ltr'>vel</span> <span class='ocrx_word' id='word_1_26' title='bbox 1823 674 2043 717; x_wconf 90' lang='lat' dir='ltr'>coram</span> <span class='ocrx_word' id='word_1_27' title='bbox 2088 657 2263 732; x_wconf 89' lang='lat' dir='ltr'>aliis,</span> <span class='ocrx_word' id='word_1_28' title='bbox 2311 658 2457 718; x_wconf 85' lang='lat' dir='ltr'>sive</span> <span class='ocrx_word' id='word_1_29' title='bbox 2504 658 2960 735; x_wconf 85' lang='lat' dir='ltr'>interrogatus</span> <span class='ocrx_word' id='word_1_30' title='bbox 3007 662 3152 725; x_wconf 82' lang='lat' dir='ltr'>sive</span> 
     </span>
     <span class='ocr_line' id='line_1_5' title="bbox 690 746 3147 831; baseline 0.003 -27"><span class='ocrx_word' id='word_1_31' title='bbox 690 746 959 821; x_wconf 88' lang='lat' dir='ltr'>propria</span> <span class='ocrx_word' id='word_1_32' title='bbox 1004 754 1263 821; x_wconf 82' lang='lat' dir='ltr'>sponte,</span> <span class='ocrx_word' id='word_1_33' title='bbox 1314 746 1458 805; x_wconf 88' lang='lat' dir='ltr'>sive</span> <span class='ocrx_word' id='word_1_34' title='bbox 1492 746 1929 806; x_wconf 83' lang='lat' dir='ltr'>recreationis</span> <span class='ocrx_word' id='word_1_35' title='bbox 1961 764 2165 806; x_wconf 90' lang='lat' dir='ltr'>causa</span> <span class='ocrx_word' id='word_1_36' title='bbox 2196 746 2342 808; x_wconf 84' lang='lat' dir='ltr'>sive</span> <span class='ocrx_word' id='word_1_37' title='bbox 2379 765 2802 823; x_wconf 82' lang='lat' dir='ltr'>quocumque</span> <span class='ocrx_word' id='word_1_38' title='bbox 2833 750 2965 810; x_wconf 89' lang='lat' dir='ltr'>alio</span> <span class='ocrx_word' id='word_1_39' title='bbox 2997 752 3147 831; x_wconf 77' lang='lat' dir='ltr'>line,</span> 
     </span>
     <span class='ocr_line' id='line_1_6' title="bbox 619 835 3150 913; baseline 0.002 -18"><span class='ocrx_word' id='word_1_40' title='bbox 619 882 627 895; x_wconf 93' lang='grc'><em>,</em></span> <span class='ocrx_word' id='word_1_41' title='bbox 689 836 865 896; x_wconf 86' lang='lat' dir='ltr'>iuret</span> <span class='ocrx_word' id='word_1_42' title='bbox 911 853 981 895; x_wconf 89' lang='lat' dir='ltr'>se</span> <span class='ocrx_word' id='word_1_43' title='bbox 1030 852 1165 895; x_wconf 86' lang='lat' dir='ltr'>non</span> <span class='ocrx_word' id='word_1_44' title='bbox 1212 835 1450 896; x_wconf 86' lang='lat' dir='ltr'>fecisse</span> <span class='ocrx_word' id='word_1_45' title='bbox 1482 835 1740 910; x_wconf 87' lang='lat' dir='ltr'>aliquid</span> <span class='ocrx_word' id='word_1_46' title='bbox 1782 836 1961 910; x_wconf 88' lang='lat' dir='ltr'>quod</span> <span class='ocrx_word' id='word_1_47' title='bbox 1995 853 2230 895; x_wconf 89' lang='lat' dir='ltr'>revera</span> <span class='ocrx_word' id='word_1_48' title='bbox 2261 836 2442 913; x_wconf 80' lang='lat' dir='ltr'>fecit,</span> <span class='ocrx_word' id='word_1_49' title='bbox 2493 837 2934 913; x_wconf 86' lang='lat' dir='ltr'>intelligendo</span> <span class='ocrx_word' id='word_1_50' title='bbox 2967 839 3150 901; x_wconf 90' lang='lat' dir='ltr'>iutra</span> 
     </span>
     <span class='ocr_line' id='line_1_7' title="bbox 688 924 3151 1004; baseline 0.002 -20"><span class='ocrx_word' id='word_1_51' title='bbox 688 942 760 984; x_wconf 87' lang='lat' dir='ltr'>se</span> <span class='ocrx_word' id='word_1_52' title='bbox 819 925 1075 999; x_wconf 88' lang='lat' dir='ltr'>aliquid</span> <span class='ocrx_word' id='word_1_53' title='bbox 1122 924 1306 984; x_wconf 91' lang='lat' dir='ltr'>aliud</span> <span class='ocrx_word' id='word_1_54' title='bbox 1356 924 1533 999; x_wconf 86' lang='lat' dir='ltr'>quod</span> <span class='ocrx_word' id='word_1_55' title='bbox 1584 943 1713 983; x_wconf 87' lang='lat' dir='ltr'>non</span> <span class='ocrx_word' id='word_1_56' title='bbox 1767 924 1946 998; x_wconf 87' lang='lat' dir='ltr'>fecit,</span> <span class='ocrx_word' id='word_1_57' title='bbox 1998 925 2106 985; x_wconf 85' lang='lat' dir='ltr'>vel</span> <span class='ocrx_word' id='word_1_58' title='bbox 2154 925 2354 985; x_wconf 90' lang='lat' dir='ltr'>aliam</span> <span class='ocrx_word' id='word_1_59' title='bbox 2401 925 2581 986; x_wconf 78' lang='lat' dir='ltr'>viam</span> <span class='ocrx_word' id='word_1_60' title='bbox 2629 927 2715 985; x_wconf 85' lang='lat' dir='ltr'>ab</span> <span class='ocrx_word' id='word_1_61' title='bbox 2773 946 2852 986; x_wconf 88' lang='lat' dir='ltr'>ea</span> <span class='ocrx_word' id='word_1_62' title='bbox 2898 928 2969 988; x_wconf 89' lang='lat' dir='ltr'>in</span> <span class='ocrx_word' id='word_1_63' title='bbox 3015 947 3151 1004; x_wconf 86' lang='lat' dir='ltr'>qua</span> 
     </span>
     <span class='ocr_line' id='line_1_8' title="bbox 692 1012 3150 1091; baseline 0.003 -20"><span class='ocrx_word' id='word_1_64' title='bbox 692 1013 867 1088; x_wconf 76' lang='lat' dir='ltr'>fecit,</span> <span class='ocrx_word' id='word_1_65' title='bbox 903 1015 1011 1074; x_wconf 85' lang='lat' dir='ltr'>vel</span> <span class='ocrx_word' id='word_1_66' title='bbox 1050 1015 1339 1089; x_wconf 77' lang='lat' dir='ltr'><strong>quodvis</strong></span> <span class='ocrx_word' id='word_1_67' title='bbox 1368 1014 1555 1074; x_wconf 90' lang='lat' dir='ltr'>aliud</span> <span class='ocrx_word' id='word_1_68' title='bbox 1595 1012 1900 1075; x_wconf 80' lang='lat' dir='ltr'>additiun</span> <span class='ocrx_word' id='word_1_69' title='bbox 1934 1031 2187 1091; x_wconf 81' lang='lat' dir='ltr'>verum,</span> <span class='ocrx_word' id='word_1_70' title='bbox 2229 1031 2464 1075; x_wconf 82' lang='lat' dir='ltr'>revera</span> <span class='ocrx_word' id='word_1_71' title='bbox 2497 1033 2629 1076; x_wconf 89' lang='lat' dir='ltr'>nou</span> <span class='ocrx_word' id='word_1_72' title='bbox 2663 1018 2991 1077; x_wconf 85' lang='lat' dir='ltr'>mentitur</span> <span class='ocrx_word' id='word_1_73' title='bbox 3028 1036 3150 1079; x_wconf 90' lang='lat' dir='ltr'>nec</span> 
     </span>
     <span class='ocr_line' id='line_1_9' title="bbox 688 1104 1167 1179; baseline 0 -15"><span class='ocrx_word' id='word_1_74' title='bbox 688 1108 792 1164; x_wconf 86' lang='lat' dir='ltr'>est</span> <span class='ocrx_word' id='word_1_75' title='bbox 836 1104 1167 1179; x_wconf 88' lang='lat' dir='ltr'>periurus.</span> 
     </span>
    </p>

    <p class='ocr_par' dir='ltr' id='par_1_4' title="bbox 685 1192 3146 1534">
     <span class='ocr_line' id='line_1_10' title="bbox 776 1192 3146 1268; baseline 0.003 -17"><span class='ocrx_word' id='word_1_76' title='bbox 776 1195 881 1253; x_wconf 79' lang='grc'><strong>27.</strong></span> <span class='ocrx_word' id='word_1_77' title='bbox 918 1192 1137 1253; x_wconf 89' lang='lat' dir='ltr'>Causa</span> <span class='ocrx_word' id='word_1_78' title='bbox 1185 1194 1364 1251; x_wconf 88' lang='lat' dir='ltr'>iusta</span> <span class='ocrx_word' id='word_1_79' title='bbox 1410 1193 1643 1252; x_wconf 87' lang='lat' dir='ltr'>utendi</span> <span class='ocrx_word' id='word_1_80' title='bbox 1680 1193 1784 1253; x_wconf 88' lang='lat' dir='ltr'>his</span> <span class='ocrx_word' id='word_1_81' title='bbox 1816 1192 2329 1268; x_wconf 85' lang='lat' dir='ltr'>amphibologiis</span> <span class='ocrx_word' id='word_1_82' title='bbox 2361 1200 2485 1268; x_wconf 86' lang='lat' dir='ltr'>est,</span> <span class='ocrx_word' id='word_1_83' title='bbox 2520 1193 2783 1267; x_wconf 83' lang='lat' dir='ltr'>quoties</span> <span class='ocrx_word' id='word_1_84' title='bbox 2822 1195 2892 1254; x_wconf 92' lang='lat' dir='ltr'>id</span> <span class='ocrx_word' id='word_1_85' title='bbox 2922 1213 3146 1257; x_wconf 84' lang='lat' dir='ltr'>neces-</span> 
     </span>
     <span class='ocr_line' id='line_1_11' title="bbox 685 1280 3145 1357; baseline 0.001 -14"><span class='ocrx_word' id='word_1_86' title='bbox 685 1283 930 1343; x_wconf 84' lang='lat' dir='ltr'>sarium</span> <span class='ocrx_word' id='word_1_87' title='bbox 981 1290 1102 1343; x_wconf 88' lang='lat' dir='ltr'>aut</span> <span class='ocrx_word' id='word_1_88' title='bbox 1149 1282 1315 1342; x_wconf 88' lang='lat' dir='ltr'>utile</span> <span class='ocrx_word' id='word_1_89' title='bbox 1348 1287 1452 1341; x_wconf 87' lang='lat' dir='ltr'>est</span> <span class='ocrx_word' id='word_1_90' title='bbox 1482 1280 1567 1340; x_wconf 89' lang='lat' dir='ltr'>ad</span> <span class='ocrx_word' id='word_1_91' title='bbox 1601 1281 1886 1341; x_wconf 87' lang='lat' dir='ltr'>salutem</span> <span class='ocrx_word' id='word_1_92' title='bbox 1921 1282 2235 1357; x_wconf 88' lang='lat' dir='ltr'>corporis,</span> <span class='ocrx_word' id='word_1_93' title='bbox 2271 1282 2607 1355; x_wconf 84' lang='lat' dir='ltr'>honorem,</span> <span class='ocrx_word' id='word_1_94' title='bbox 2644 1301 2749 1343; x_wconf 88' lang='lat' dir='ltr'>res</span> <span class='ocrx_word' id='word_1_95' title='bbox 2781 1284 3145 1346; x_wconf 78' lang='lat' dir='ltr'>familiares</span> 
     </span>
     <span class='ocr_line' id='line_1_12' title="bbox 685 1370 3145 1446; baseline 0.002 -15"><span class='ocrx_word' id='word_1_96' title='bbox 685 1372 973 1432; x_wconf 87' lang='lat' dir='ltr'>tuendas</span> <span class='ocrx_word' id='word_1_97' title='bbox 1021 1372 1127 1431; x_wconf 86' lang='lat' dir='ltr'>vel</span> <span class='ocrx_word' id='word_1_98' title='bbox 1177 1372 1260 1431; x_wconf 87' lang='lat' dir='ltr'>ad</span> <span class='ocrx_word' id='word_1_99' title='bbox 1310 1371 1677 1445; x_wconf 71' lang='lat' dir='ltr'><strong>quemlibet</strong></span> <span class='ocrx_word' id='word_1_100' title='bbox 1723 1371 1930 1430; x_wconf 88' lang='lat' dir='ltr'>alium</span> <span class='ocrx_word' id='word_1_101' title='bbox 1981 1370 2256 1430; x_wconf 83' lang='lat' dir='ltr'>virtutis</span> <span class='ocrx_word' id='word_1_102' title='bbox 2303 1376 2547 1446; x_wconf 84' lang='lat' dir='ltr'>actum,</span> <span class='ocrx_word' id='word_1_103' title='bbox 2583 1372 2681 1432; x_wconf 88' lang='lat' dir='ltr'>ita</span> <span class='ocrx_word' id='word_1_104' title='bbox 2716 1380 2790 1433; x_wconf 88' lang='lat' dir='ltr'>ut</span> <span class='ocrx_word' id='word_1_105' title='bbox 2836 1374 3145 1436; x_wconf 80' lang='lat' dir='ltr'>veritatis</span> 
     </span>
     <span class='ocr_line' id='line_1_13' title="bbox 685 1459 2518 1534; baseline -0.001 -14"><span class='ocrx_word' id='word_1_106' title='bbox 685 1461 1043 1521; x_wconf 73' lang='lat' dir='ltr'>occultatio</span> <span class='ocrx_word' id='word_1_107' title='bbox 1089 1466 1440 1521; x_wconf 85' lang='lat' dir='ltr'>censeatur</span> <span class='ocrx_word' id='word_1_108' title='bbox 1488 1464 1651 1519; x_wconf 88' lang='lat' dir='ltr'>tunc</span> <span class='ocrx_word' id='word_1_109' title='bbox 1695 1459 2061 1534; x_wconf 72' lang='lat' dir='ltr'>expediens</span> <span class='ocrx_word' id='word_1_110' title='bbox 2091 1466 2162 1519; x_wconf 85' lang='lat' dir='ltr'>et</span> <span class='ocrx_word' id='word_1_111' title='bbox 2198 1459 2518 1519; x_wconf 81' lang='lat' dir='ltr'>studiosa.</span> 
     </span>
    </p>

    <p class='ocr_par' dir='ltr' id='par_1_5' title="bbox 681 1548 3142 1968">
     <span class='ocr_line' id='line_1_14' title="bbox 775 1548 3140 1625; baseline 0.001 -16"><span class='ocrx_word' id='word_1_112' title='bbox 775 1554 880 1611; x_wconf 78' lang='grc'><strong>28.</strong></span> <span class='ocrx_word' id='word_1_113' title='bbox 931 1550 1063 1622; x_wconf 75' lang='lat' dir='ltr'>Qui</span> <span class='ocrx_word' id='word_1_114' title='bbox 1110 1550 1446 1610; x_wconf 76' lang='lat' dir='ltr'>mediante</span> <span class='ocrx_word' id='word_1_115' title='bbox 1493 1548 2066 1609; x_wconf 86' lang='lat' dir='ltr'>commendatione</span> <span class='ocrx_word' id='word_1_116' title='bbox 2101 1549 2206 1608; x_wconf 85' lang='lat' dir='ltr'>vel</span> <span class='ocrx_word' id='word_1_117' title='bbox 2253 1566 2527 1608; x_wconf 86' lang='lat' dir='ltr'>munere</span> <span class='ocrx_word' id='word_1_118' title='bbox 2557 1549 2644 1608; x_wconf 85' lang='lat' dir='ltr'>ad</span> <span class='ocrx_word' id='word_1_119' title='bbox 2675 1552 3140 1625; x_wconf 78' lang='lat' dir='ltr'>magistratum</span> 
     </span>
     <span class='ocr_line' id='line_1_15' title="bbox 684 1637 3142 1715; baseline 0 -15"><span class='ocrx_word' id='word_1_120' title='bbox 684 1641 793 1700; x_wconf 86' lang='lat' dir='ltr'>vel</span> <span class='ocrx_word' id='word_1_121' title='bbox 817 1640 1103 1699; x_wconf 86' lang='lat' dir='ltr'>officium</span> <span class='ocrx_word' id='word_1_122' title='bbox 1136 1640 1475 1715; x_wconf 85' lang='lat' dir='ltr'>publicum</span> <span class='ocrx_word' id='word_1_123' title='bbox 1512 1644 1859 1714; x_wconf 87' lang='lat' dir='ltr'>promotus</span> <span class='ocrx_word' id='word_1_124' title='bbox 1891 1645 2012 1710; x_wconf 84' lang='lat' dir='ltr'>est,</span> <span class='ocrx_word' id='word_1_125' title='bbox 2041 1637 2290 1713; x_wconf 87' lang='lat' dir='ltr'>poterit</span> <span class='ocrx_word' id='word_1_126' title='bbox 2327 1656 2476 1698; x_wconf 88' lang='lat' dir='ltr'>cum</span> <span class='ocrx_word' id='word_1_127' title='bbox 2509 1639 2928 1700; x_wconf 73' lang='lat' dir='ltr'>restrictione</span> <span class='ocrx_word' id='word_1_128' title='bbox 2961 1658 3142 1702; x_wconf 89' lang='lat' dir='ltr'>men-</span> 
     </span>
     <span class='ocr_line' id='line_1_16' title="bbox 684 1726 3142 1803; baseline 0.001 -13"><span class='ocrx_word' id='word_1_129' title='bbox 684 1728 804 1790; x_wconf 87' lang='lat' dir='ltr'>tali</span> <span class='ocrx_word' id='word_1_130' title='bbox 830 1732 1170 1803; x_wconf 79' lang='lat' dir='ltr'>praestare</span> <span class='ocrx_word' id='word_1_131' title='bbox 1190 1729 1639 1789; x_wconf 87' lang='lat' dir='ltr'>iuramentum</span> <span class='ocrx_word' id='word_1_132' title='bbox 1671 1727 1854 1802; x_wconf 87' lang='lat' dir='ltr'>quod</span> <span class='ocrx_word' id='word_1_133' title='bbox 1885 1727 1968 1787; x_wconf 89' lang='lat' dir='ltr'>de</span> <span class='ocrx_word' id='word_1_134' title='bbox 1999 1726 2312 1786; x_wconf 88' lang='lat' dir='ltr'>mandato</span> <span class='ocrx_word' id='word_1_135' title='bbox 2343 1726 2523 1801; x_wconf 86' lang='lat' dir='ltr'>regis</span> <span class='ocrx_word' id='word_1_136' title='bbox 2545 1746 2587 1787; x_wconf 88' lang='lat' dir='ltr'>a</span> <span class='ocrx_word' id='word_1_137' title='bbox 2609 1728 2938 1788; x_wconf 77' lang='lat' dir='ltr'>similibus</span> <span class='ocrx_word' id='word_1_138' title='bbox 2971 1730 3142 1792; x_wconf 91' lang='lat' dir='ltr'>solet</span> 
     </span>
     <span class='ocr_line' id='line_1_17' title="bbox 681 1816 3138 1896; baseline 0.001 -18"><span class='ocrx_word' id='word_1_139' title='bbox 681 1818 882 1896; x_wconf 83' lang='lat' dir='ltr'>exigi,</span> <span class='ocrx_word' id='word_1_140' title='bbox 938 1835 1075 1879; x_wconf 92' lang='lat' dir='ltr'>non</span> <span class='ocrx_word' id='word_1_141' title='bbox 1129 1818 1362 1878; x_wconf 85' lang='lat' dir='ltr'>habito</span> <span class='ocrx_word' id='word_1_142' title='bbox 1408 1824 1714 1891; x_wconf 88' lang='lat' dir='ltr'>respectu</span> <span class='ocrx_word' id='word_1_143' title='bbox 1761 1816 1849 1877; x_wconf 89' lang='lat' dir='ltr'>ad</span> <span class='ocrx_word' id='word_1_144' title='bbox 1895 1816 2336 1877; x_wconf 87' lang='lat' dir='ltr'>intentionem</span> <span class='ocrx_word' id='word_1_145' title='bbox 2384 1816 2746 1893; x_wconf 81' lang='lat' dir='ltr'>exigentis3</span> <span class='ocrx_word' id='word_1_146' title='bbox 2798 1816 2959 1892; x_wconf 90' lang='lat' dir='ltr'>quia</span> <span class='ocrx_word' id='word_1_147' title='bbox 3005 1838 3138 1881; x_wconf 87' lang='lat' dir='ltr'>non</span> 
     </span>
     <span class='ocr_line' id='line_1_18' title="bbox 682 1906 1866 1968; baseline -0.002 -1"><span class='ocrx_word' id='word_1_148' title='bbox 682 1912 953 1968; x_wconf 91' lang='lat' dir='ltr'>tenetur</span> <span class='ocrx_word' id='word_1_149' title='bbox 986 1906 1182 1966; x_wconf 85' lang='lat' dir='ltr'>fateri</span> <span class='ocrx_word' id='word_1_150' title='bbox 1230 1907 1477 1966; x_wconf 81' lang='lat' dir='ltr'>crimen</span> <span class='ocrx_word' id='word_1_151' title='bbox 1513 1906 1866 1965; x_wconf 84' lang='lat' dir='ltr'>occultum.</span> 
     </span>
    </p>

    <p class='ocr_par' dir='ltr' id='par_1_6' title="bbox 682 1994 3139 2145">
     <span class='ocr_line' id='line_1_19' title="bbox 771 1994 3139 2071; baseline 0 -15"><span class='ocrx_word' id='word_1_152' title='bbox 771 2000 878 2056; x_wconf 79' lang='lat'>29.</span> <span class='ocrx_word' id='word_1_153' title='bbox 936 1996 1194 2071; x_wconf 87' lang='lat' dir='ltr'>Urgens</span> <span class='ocrx_word' id='word_1_154' title='bbox 1240 2002 1458 2055; x_wconf 87' lang='lat' dir='ltr'>metus</span> <span class='ocrx_word' id='word_1_155' title='bbox 1483 1994 1710 2069; x_wconf 83' lang='lat' dir='ltr'>gravis</span> <span class='ocrx_word' id='word_1_156' title='bbox 1756 2002 1862 2054; x_wconf 87' lang='lat' dir='ltr'>est</span> <span class='ocrx_word' id='word_1_157' title='bbox 1893 2011 2096 2055; x_wconf 85' lang='lat' dir='ltr'>causa</span> <span class='ocrx_word' id='word_1_158' title='bbox 2126 1994 2307 2054; x_wconf 89' lang='lat' dir='ltr'>iusta</span> <span class='ocrx_word' id='word_1_159' title='bbox 2338 2000 2897 2056; x_wconf 80' lang='lat' dir='ltr'>sacramentorum</span> <span class='ocrx_word' id='word_1_160' title='bbox 2931 1998 3139 2058; x_wconf 88' lang='lat' dir='ltr'>admi-</span> 
     </span>
     <span class='ocr_line' id='line_1_20' title="bbox 682 2084 1567 2145; baseline -0.005 0"><span class='ocrx_word' id='word_1_161' title='bbox 682 2084 1147 2145; x_wconf 87' lang='lat' dir='ltr'>nistrationem</span> <span class='ocrx_word' id='word_1_162' title='bbox 1184 2084 1567 2143; x_wconf 86' lang='lat' dir='ltr'>simulandi.</span> 
     </span>
    </p>

    <p class='ocr_par' dir='ltr' id='par_1_7' title="bbox 673 2171 3136 2518">
     <span class='ocr_line' id='line_1_21' title="bbox 770 2171 3136 2249; baseline 0.001 -15"><span class='ocrx_word' id='word_1_163' title='bbox 770 2178 875 2235; x_wconf 82' lang='lat'>30.</span> <span class='ocrx_word' id='word_1_164' title='bbox 923 2175 1055 2234; x_wconf 85' lang='lat' dir='ltr'>Fas</span> <span class='ocrx_word' id='word_1_165' title='bbox 1101 2182 1207 2234; x_wconf 87' lang='lat' dir='ltr'>est</span> <span class='ocrx_word' id='word_1_166' title='bbox 1255 2174 1399 2232; x_wconf 84' lang='lat' dir='ltr'>viro</span> <span class='ocrx_word' id='word_1_167' title='bbox 1447 2174 1774 2233; x_wconf 87' lang='lat' dir='ltr'>honorato</span> <span class='ocrx_word' id='word_1_168' title='bbox 1820 2171 2120 2233; x_wconf 87' lang='lat' dir='ltr'>occidere</span> <span class='ocrx_word' id='word_1_169' title='bbox 2157 2172 2554 2249; x_wconf 80' lang='lat' dir='ltr'>invasorem,</span> <span class='ocrx_word' id='word_1_170' title='bbox 2603 2172 2721 2248; x_wconf 85' lang='lat' dir='ltr'>qui</span> <span class='ocrx_word' id='word_1_171' title='bbox 2756 2174 3001 2235; x_wconf 89' lang='lat' dir='ltr'>nititur</span> <span class='ocrx_word' id='word_1_172' title='bbox 3031 2193 3136 2238; x_wconf 86' lang='lat' dir='ltr'>ca-</span> 
     </span>
     <span class='ocr_line' id='line_1_22' title="bbox 677 2261 3134 2337; baseline 0.001 -14"><span class='ocrx_word' id='word_1_173' title='bbox 677 2264 994 2325; x_wconf 88' lang='lat' dir='ltr'>lumniam</span> <span class='ocrx_word' id='word_1_174' title='bbox 1045 2263 1314 2337; x_wconf 82' lang='lat' dir='ltr'>inferre,</span> <span class='ocrx_word' id='word_1_175' title='bbox 1365 2262 1423 2322; x_wconf 83' lang='lat' dir='ltr'>si</span> <span class='ocrx_word' id='word_1_176' title='bbox 1468 2262 1667 2322; x_wconf 88' lang='lat' dir='ltr'>aliter</span> <span class='ocrx_word' id='word_1_177' title='bbox 1714 2263 1881 2321; x_wconf 89' lang='lat' dir='ltr'>haec</span> <span class='ocrx_word' id='word_1_178' title='bbox 1926 2261 2299 2336; x_wconf 84' lang='lat' dir='ltr'>ignominia</span> <span class='ocrx_word' id='word_1_179' title='bbox 2343 2262 2548 2323; x_wconf 83' lang='lat' dir='ltr'>vitari</span> <span class='ocrx_word' id='word_1_180' title='bbox 2613 2264 2893 2337; x_wconf 88' lang='lat' dir='ltr'>nequit:</span> <span class='ocrx_word' id='word_1_181' title='bbox 2958 2264 3134 2325; x_wconf 87' lang='lat' dir='ltr'>idem</span> 
     </span>
     <span class='ocr_line' id='line_1_23' title="bbox 676 2350 3136 2428; baseline 0.001 -15"><span class='ocrx_word' id='word_1_182' title='bbox 676 2371 943 2428; x_wconf 84' lang='lat' dir='ltr'>quoque</span> <span class='ocrx_word' id='word_1_183' title='bbox 988 2352 1363 2428; x_wconf 87' lang='lat' dir='ltr'>dicendum,</span> <span class='ocrx_word' id='word_1_184' title='bbox 1412 2351 1469 2411; x_wconf 88' lang='lat' dir='ltr'>si</span> <span class='ocrx_word' id='word_1_185' title='bbox 1516 2351 1668 2426; x_wconf 87' lang='lat' dir='ltr'>quis</span> <span class='ocrx_word' id='word_1_186' title='bbox 1716 2351 2046 2427; x_wconf 77' lang='lat' dir='ltr'>impingat</span> <span class='ocrx_word' id='word_1_187' title='bbox 2099 2350 2362 2424; x_wconf 81' lang='lat' dir='ltr'>alapam</span> <span class='ocrx_word' id='word_1_188' title='bbox 2419 2351 2525 2411; x_wconf 89' lang='lat' dir='ltr'>vel</span> <span class='ocrx_word' id='word_1_189' title='bbox 2574 2350 2754 2412; x_wconf 84' lang='lat' dir='ltr'>fuste</span> <span class='ocrx_word' id='word_1_190' title='bbox 2799 2356 3136 2427; x_wconf 86' lang='lat' dir='ltr'>percutiat</span> 
     </span>
     <span class='ocr_line' id='line_1_24' title="bbox 673 2438 2558 2518; baseline -0.002 -15"><span class='ocrx_word' id='word_1_191' title='bbox 673 2448 742 2503; x_wconf 88' lang='lat' dir='ltr'>et</span> <span class='ocrx_word' id='word_1_192' title='bbox 788 2450 942 2518; x_wconf 83' lang='lat' dir='ltr'>post</span> <span class='ocrx_word' id='word_1_193' title='bbox 986 2443 1342 2517; x_wconf 75' lang='lat' dir='ltr'>impactam</span> <span class='ocrx_word' id='word_1_194' title='bbox 1390 2442 1651 2514; x_wconf 84' lang='lat' dir='ltr'>alapam</span> <span class='ocrx_word' id='word_1_195' title='bbox 1688 2441 1796 2500; x_wconf 88' lang='lat' dir='ltr'>vel</span> <span class='ocrx_word' id='word_1_196' title='bbox 1828 2439 2038 2499; x_wconf 90' lang='lat' dir='ltr'>ictum</span> <span class='ocrx_word' id='word_1_197' title='bbox 2070 2438 2277 2499; x_wconf 80' lang='lat' dir='ltr'>fustis</span> <span class='ocrx_word' id='word_1_198' title='bbox 2319 2440 2558 2515; x_wconf 73' lang='lat' dir='ltr'>fugiat.</span> 
     </span>
    </p>

    <p class='ocr_par' dir='ltr' id='par_1_8' title="bbox 672 2528 3134 2683">
     <span class='ocr_line' id='line_1_25' title="bbox 765 2528 3134 2609; baseline 0.001 -17"><span class='ocrx_word' id='word_1_199' title='bbox 765 2535 870 2592; x_wconf 87' lang='grc'>31.</span> <span class='ocrx_word' id='word_1_200' title='bbox 921 2533 1347 2609; x_wconf 82' lang='lat' dir='ltr'>Regulariter</span> <span class='ocrx_word' id='word_1_201' title='bbox 1379 2529 1677 2591; x_wconf 86' lang='lat' dir='ltr'>occidere</span> <span class='ocrx_word' id='word_1_202' title='bbox 1702 2546 1972 2604; x_wconf 88' lang='lat' dir='ltr'>possum</span> <span class='ocrx_word' id='word_1_203' title='bbox 2007 2528 2222 2589; x_wconf 81' lang='lat' dir='ltr'>furem</span> <span class='ocrx_word' id='word_1_204' title='bbox 2255 2547 2375 2604; x_wconf 87' lang='lat' dir='ltr'>pro</span> <span class='ocrx_word' id='word_1_205' title='bbox 2400 2530 2909 2592; x_wconf 74' lang='lat' dir='ltr'>conservatione</span> <span class='ocrx_word' id='word_1_206' title='bbox 2933 2533 3134 2596; x_wconf 85' lang='lat' dir='ltr'>unius</span> 
     </span>
     <span class='ocr_line' id='line_1_26' title="bbox 672 2612 1665 2683; baseline -0.002 0"><span class='ocrx_word' id='word_1_207' title='bbox 672 2623 879 2683; x_wconf 90' lang='lat' dir='ltr'>aurei.</span> <span class='ocrx_word' id='word_1_208' title='bbox 1654 2612 1665 2621; x_wconf 59' lang='lat'>⁶</span> 
     </span>
    </p>

    <p class='ocr_par' dir='ltr' id='par_1_9' title="bbox 672 2706 3130 2964">
     <span class='ocr_line' id='line_1_27' title="bbox 764 2706 3130 2785; baseline 0 -15"><span class='ocrx_word' id='word_1_209' title='bbox 764 2714 871 2770; x_wconf 87' lang='grc'>32.</span> <span class='ocrx_word' id='word_1_210' title='bbox 906 2712 1053 2771; x_wconf 77' lang='lat' dir='ltr'>Nou</span> <span class='ocrx_word' id='word_1_211' title='bbox 1103 2710 1317 2769; x_wconf 89' lang='lat' dir='ltr'>solum</span> <span class='ocrx_word' id='word_1_212' title='bbox 1366 2709 1625 2769; x_wconf 86' lang='lat' dir='ltr'>licitum</span> <span class='ocrx_word' id='word_1_213' title='bbox 1672 2712 1777 2767; x_wconf 89' lang='lat' dir='ltr'>est</span> <span class='ocrx_word' id='word_1_214' title='bbox 1809 2706 2167 2767; x_wconf 82' lang='lat' dir='ltr'>defendere</span> <span class='ocrx_word' id='word_1_215' title='bbox 2200 2707 2588 2770; x_wconf 75' lang='lat' dir='ltr'>defensione</span> <span class='ocrx_word' id='word_1_216' title='bbox 2620 2709 2913 2771; x_wconf 88' lang='lat' dir='ltr'>occisiva</span> <span class='ocrx_word' id='word_1_217' title='bbox 2958 2728 3130 2785; x_wconf 88' lang='lat' dir='ltr'>quae</span> 
     </span>
     <span class='ocr_line' id='line_1_28' title="bbox 674 2795 3130 2874; baseline 0.001 -14"><span class='ocrx_word' id='word_1_218' title='bbox 674 2809 828 2860; x_wconf 88' lang='lat' dir='ltr'>actu</span> <span class='ocrx_word' id='word_1_219' title='bbox 878 2799 1312 2874; x_wconf 88' lang='lat' dir='ltr'>possidemus,</span> <span class='ocrx_word' id='word_1_220' title='bbox 1363 2797 1479 2857; x_wconf 87' lang='lat' dir='ltr'>sed</span> <span class='ocrx_word' id='word_1_221' title='bbox 1510 2796 1713 2855; x_wconf 86' lang='lat' dir='ltr'>etiam</span> <span class='ocrx_word' id='word_1_222' title='bbox 1761 2796 1847 2855; x_wconf 89' lang='lat' dir='ltr'>ad</span> <span class='ocrx_word' id='word_1_223' title='bbox 1895 2812 2066 2870; x_wconf 86' lang='lat' dir='ltr'>qnae</span> <span class='ocrx_word' id='word_1_224' title='bbox 2113 2795 2218 2855; x_wconf 84' lang='lat' dir='ltr'>ius</span> <span class='ocrx_word' id='word_1_225' title='bbox 2264 2797 2647 2858; x_wconf 85' lang='lat' dir='ltr'>inchoatum</span> <span class='ocrx_word' id='word_1_226' title='bbox 2695 2800 3015 2861; x_wconf 82' lang='lat' dir='ltr'>habemus</span> <span class='ocrx_word' id='word_1_227' title='bbox 3060 2805 3130 2862; x_wconf 83' lang='lat' dir='ltr'>et</span> 
     </span>
     <span class='ocr_line' id='line_1_29' title="bbox 672 2902 1889 2964; baseline -0.007 -14"><span class='ocrx_word' id='word_1_228' title='bbox 672 2906 845 2964; x_wconf 86' lang='lat' dir='ltr'>quae</span> <span class='ocrx_word' id='word_1_229' title='bbox 892 2906 1012 2949; x_wconf 88' lang='lat' dir='ltr'>nos</span> <span class='ocrx_word' id='word_1_230' title='bbox 1060 2904 1481 2962; x_wconf 87' lang='lat' dir='ltr'>possessuros</span> <span class='ocrx_word' id='word_1_231' title='bbox 1527 2902 1889 2960; x_wconf 67' lang='lat' dir='ltr'>speramus</span> 
     </span>
    </p>

    <p class='ocr_par' dir='ltr' id='par_1_10' title="bbox 670 2974 3126 3318">
     <span class='ocr_line' id='line_1_30' title="bbox 762 2974 3126 3050; baseline 0 -12"><span class='ocrx_word' id='word_1_232' title='bbox 762 2981 867 3038; x_wconf 89' lang='grc'><strong>33.</strong></span> <span class='ocrx_word' id='word_1_233' title='bbox 917 2978 1205 3037; x_wconf 90' lang='lat' dir='ltr'>Licitum</span> <span class='ocrx_word' id='word_1_234' title='bbox 1251 2981 1354 3036; x_wconf 88' lang='lat' dir='ltr'>est</span> <span class='ocrx_word' id='word_1_235' title='bbox 1401 2981 1537 3035; x_wconf 87' lang='lat' dir='ltr'>tam</span> <span class='ocrx_word' id='word_1_236' title='bbox 1584 2974 1814 3034; x_wconf 85' lang='lat' dir='ltr'>heredi</span> <span class='ocrx_word' id='word_1_237' title='bbox 1853 2993 2052 3048; x_wconf 85' lang='lat' dir='ltr'>quam</span> <span class='ocrx_word' id='word_1_238' title='bbox 2084 2975 2430 3050; x_wconf 80' lang='lat' dir='ltr'>legatari0‚</span> <span class='ocrx_word' id='word_1_239' title='bbox 2459 2984 2692 3037; x_wconf 86' lang='lat' dir='ltr'>contra</span> <span class='ocrx_word' id='word_1_240' title='bbox 2726 2979 2974 3038; x_wconf 86' lang='lat' dir='ltr'>iniuste</span> <span class='ocrx_word' id='word_1_241' title='bbox 3002 2977 3126 3038; x_wconf 87' lang='lat' dir='ltr'>im-</span> 
     </span>
     <span class='ocr_line' id='line_1_31' title="bbox 673 3063 3126 3145; baseline -0 -17"><span class='ocrx_word' id='word_1_242' title='bbox 673 3069 1052 3143; x_wconf 87' lang='lat' dir='ltr'>pedientem</span> <span class='ocrx_word' id='word_1_243' title='bbox 1104 3084 1187 3126; x_wconf 90' lang='lat' dir='ltr'>ne</span> <span class='ocrx_word' id='word_1_244' title='bbox 1233 3065 1345 3125; x_wconf 81' lang='lat' dir='ltr'>vel</span> <span class='ocrx_word' id='word_1_245' title='bbox 1392 3063 1725 3124; x_wconf 72' lang='lat' dir='ltr'>hereditas</span> <span class='ocrx_word' id='word_1_246' title='bbox 1773 3063 2054 3123; x_wconf 84' lang='lat' dir='ltr'>adeatur</span> <span class='ocrx_word' id='word_1_247' title='bbox 2087 3066 2194 3125; x_wconf 85' lang='lat' dir='ltr'>vel</span> <span class='ocrx_word' id='word_1_248' title='bbox 2242 3067 2466 3142; x_wconf 89' lang='lat' dir='ltr'>legata</span> <span class='ocrx_word' id='word_1_249' title='bbox 2512 3066 2882 3145; x_wconf 81' lang='lat' dir='ltr'>solvantur,</span> <span class='ocrx_word' id='word_1_250' title='bbox 2918 3082 2988 3130; x_wconf 86' lang='lat' dir='ltr'>se</span> <span class='ocrx_word' id='word_1_251' title='bbox 3027 3073 3126 3127; x_wconf 83' lang='lat' dir='ltr'>ta-</span> 
     </span>
     <span class='ocr_line' id='line_1_32' title="bbox 671 3152 3126 3231; baseline -0 -15"><span class='ocrx_word' id='word_1_252' title='bbox 671 3157 827 3219; x_wconf 82' lang='lat' dir='ltr'>liter</span> <span class='ocrx_word' id='word_1_253' title='bbox 870 3157 1264 3218; x_wconf 84' lang='lat' dir='ltr'>defendere:</span> <span class='ocrx_word' id='word_1_254' title='bbox 1316 3154 1491 3214; x_wconf 90' lang='lat' dir='ltr'>sicut</span> <span class='ocrx_word' id='word_1_255' title='bbox 1535 3159 1605 3212; x_wconf 90' lang='lat' dir='ltr'>et</span> <span class='ocrx_word' id='word_1_256' title='bbox 1652 3153 1757 3212; x_wconf 87' lang='lat' dir='ltr'>ius</span> <span class='ocrx_word' id='word_1_257' title='bbox 1806 3152 2080 3212; x_wconf 82' lang='lat' dir='ltr'>habenti</span> <span class='ocrx_word' id='word_1_258' title='bbox 2135 3154 2202 3214; x_wconf 89' lang='lat' dir='ltr'>in</span> <span class='ocrx_word' id='word_1_259' title='bbox 2243 3154 2627 3216; x_wconf 79' lang='lat' dir='ltr'>cathedram</span> <span class='ocrx_word' id='word_1_260' title='bbox 2664 3158 2769 3217; x_wconf 79' lang='lat' dir='ltr'>vel</span> <span class='ocrx_word' id='word_1_261' title='bbox 2803 3156 3126 3231; x_wconf 85' lang='lat' dir='ltr'>praeben-</span> 
     </span>
     <span class='ocr_line' id='line_1_33' title="bbox 670 3241 2711 3318; baseline -0.001 -10"><span class='ocrx_word' id='word_1_262' title='bbox 670 3247 823 3308; x_wconf 85' lang='lat' dir='ltr'>dam</span> <span class='ocrx_word' id='word_1_263' title='bbox 854 3254 1086 3307; x_wconf 87' lang='lat' dir='ltr'>contra</span> <span class='ocrx_word' id='word_1_264' title='bbox 1131 3262 1358 3307; x_wconf 87' lang='lat' dir='ltr'>earum</span> <span class='ocrx_word' id='word_1_265' title='bbox 1407 3241 1893 3318; x_wconf 87' lang='lat' dir='ltr'>possessionem</span> <span class='ocrx_word' id='word_1_266' title='bbox 1932 3242 2181 3303; x_wconf 88' lang='lat' dir='ltr'>iniuste</span> <span class='ocrx_word' id='word_1_267' title='bbox 2219 3243 2711 3318; x_wconf 77' lang='lat' dir='ltr'>impedientem.</span> 
     </span>
    </p>

    <p class='ocr_par' dir='ltr' id='par_1_11' title="bbox 599 3332 3126 3500">
     <span class='ocr_line' id='line_1_34' title="bbox 599 3332 3126 3412; baseline -0.001 -16"><span class='ocrx_word' id='word_1_268' title='bbox 599 3406 606 3412; x_wconf 43' lang='grc'>,</span> <span class='ocrx_word' id='word_1_269' title='bbox 759 3339 864 3396; x_wconf 75' lang='lat'>34.</span> <span class='ocrx_word' id='word_1_270' title='bbox 893 3335 1079 3396; x_wconf 87' lang='lat' dir='ltr'>Licet</span> <span class='ocrx_word' id='word_1_271' title='bbox 1104 3350 1462 3410; x_wconf 85' lang='lat' dir='ltr'>procurare</span> <span class='ocrx_word' id='word_1_272' title='bbox 1498 3332 1807 3392; x_wconf 89' lang='lat' dir='ltr'>abortum</span> <span class='ocrx_word' id='word_1_273' title='bbox 1834 3339 1990 3391; x_wconf 86' lang='lat' dir='ltr'>ante</span> <span class='ocrx_word' id='word_1_274' title='bbox 2016 3332 2492 3393; x_wconf 88' lang='lat' dir='ltr'>animationem</span> <span class='ocrx_word' id='word_1_275' title='bbox 2527 3333 2766 3412; x_wconf 86' lang='lat' dir='ltr'>foetus,</span> <span class='ocrx_word' id='word_1_276' title='bbox 2795 3352 2879 3394; x_wconf 91' lang='lat' dir='ltr'>ne</span> <span class='ocrx_word' id='word_1_277' title='bbox 2899 3335 3126 3409; x_wconf 76' lang='lat' dir='ltr'>puella</span> 
     </span>
     <span class='ocr_line' id='line_1_35' title="bbox 667 3421 2339 3500; baseline -0.002 -15"><span class='ocrx_word' id='word_1_278' title='bbox 667 3425 1086 3500; x_wconf 87' lang='lat' dir='ltr'>deprehensa</span> <span class='ocrx_word' id='word_1_279' title='bbox 1116 3421 1398 3499; x_wconf 87' lang='lat' dir='ltr'>gravida</span> <span class='ocrx_word' id='word_1_280' title='bbox 1430 3421 1772 3481; x_wconf 87' lang='lat' dir='ltr'>occidatur</span> <span class='ocrx_word' id='word_1_281' title='bbox 1801 3427 1923 3481; x_wconf 87' lang='lat' dir='ltr'>aut</span> <span class='ocrx_word' id='word_1_282' title='bbox 1955 3421 2339 3483; x_wconf 89' lang='lat' dir='ltr'>infametur.</span> 
     </span>
    </p>

    <p class='ocr_par' dir='ltr' id='par_1_12' title="bbox 664 3510 3124 3840">
     <span class='ocr_line' id='line_1_36' title="bbox 756 3510 3124 3587; baseline -0 -14"><span class='ocrx_word' id='word_1_283' title='bbox 756 3517 860 3574; x_wconf 79' lang='grc'>35.</span> <span class='ocrx_word' id='word_1_284' title='bbox 914 3513 1203 3573; x_wconf 86' lang='lat' dir='ltr'>Videtur</span> <span class='ocrx_word' id='word_1_285' title='bbox 1248 3510 1612 3585; x_wconf 87' lang='lat' dir='ltr'>probabile,</span> <span class='ocrx_word' id='word_1_286' title='bbox 1662 3527 1923 3570; x_wconf 86' lang='lat' dir='ltr'>omnem</span> <span class='ocrx_word' id='word_1_287' title='bbox 1975 3511 2226 3573; x_wconf 74' lang='lat' dir='ltr'>foetum</span> <span class='ocrx_word' id='word_1_288' title='bbox 2263 3512 2606 3587; x_wconf 83' lang='lat' dir='ltr'>(quamdiu</span> <span class='ocrx_word' id='word_1_289' title='bbox 2655 3513 2726 3572; x_wconf 88' lang='lat' dir='ltr'>in</span> <span class='ocrx_word' id='word_1_290' title='bbox 2775 3517 2963 3572; x_wconf 89' lang='lat' dir='ltr'>utero</span> <span class='ocrx_word' id='word_1_291' title='bbox 2995 3510 3124 3587; x_wconf 83' lang='lat' dir='ltr'>est)</span> 
     </span>
     <span class='ocr_line' id='line_1_37' title="bbox 666 3598 3119 3680; baseline 0 -18"><span class='ocrx_word' id='word_1_292' title='bbox 666 3619 885 3662; x_wconf 87' lang='lat' dir='ltr'>carere</span> <span class='ocrx_word' id='word_1_293' title='bbox 933 3602 1156 3661; x_wconf 86' lang='lat' dir='ltr'>anima</span> <span class='ocrx_word' id='word_1_294' title='bbox 1201 3598 1514 3660; x_wconf 87' lang='lat' dir='ltr'>rationali</span> <span class='ocrx_word' id='word_1_295' title='bbox 1563 3605 1632 3659; x_wconf 87' lang='lat' dir='ltr'>et</span> <span class='ocrx_word' id='word_1_296' title='bbox 1679 3607 1842 3660; x_wconf 89' lang='lat' dir='ltr'>tunc</span> <span class='ocrx_word' id='word_1_297' title='bbox 1889 3601 2176 3676; x_wconf 89' lang='lat' dir='ltr'>primum</span> <span class='ocrx_word' id='word_1_298' title='bbox 2210 3602 2504 3678; x_wconf 88' lang='lat' dir='ltr'>incipere</span> <span class='ocrx_word' id='word_1_299' title='bbox 2538 3602 2816 3669; x_wconf 84' lang='lat' dir='ltr'>eandem</span> <span class='ocrx_word' id='word_1_300' title='bbox 2857 3601 3119 3680; x_wconf 87' lang='lat' dir='ltr'>habere,</span> 
     </span>
     <span class='ocr_line' id='line_1_38' title="bbox 664 3690 3120 3769; baseline -0 -17"><span class='ocrx_word' id='word_1_301' title='bbox 664 3710 813 3752; x_wconf 91' lang='lat' dir='ltr'>cum</span> <span class='ocrx_word' id='word_1_302' title='bbox 862 3691 1123 3766; x_wconf 86' lang='lat' dir='ltr'>paritur</span> <span class='ocrx_word' id='word_1_303' title='bbox 1168 3707 1246 3750; x_wconf 87' lang='lat' dir='ltr'>ac</span> <span class='ocrx_word' id='word_1_304' title='bbox 1293 3694 1780 3763; x_wconf 70' lang='lat' dir='ltr'>consequenter</span> <span class='ocrx_word' id='word_1_305' title='bbox 1826 3690 2178 3751; x_wconf 87' lang='lat' dir='ltr'>dicendum</span> <span class='ocrx_word' id='word_1_306' title='bbox 2230 3692 2375 3769; x_wconf 84' lang='lat' dir='ltr'>erit,</span> <span class='ocrx_word' id='word_1_307' title='bbox 2411 3693 2480 3750; x_wconf 90' lang='lat' dir='ltr'>in</span> <span class='ocrx_word' id='word_1_308' title='bbox 2531 3692 2669 3752; x_wconf 90' lang='lat' dir='ltr'>ullo</span> <span class='ocrx_word' id='word_1_309' title='bbox 2715 3692 2957 3752; x_wconf 85' lang='lat' dir='ltr'>abortu</span> <span class='ocrx_word' id='word_1_310' title='bbox 3004 3693 3120 3751; x_wconf 86' lang='lat' dir='ltr'>ho-</span> 
     </span>
     <span class='ocr_line' id='line_1_39' title="bbox 668 3778 1399 3840; baseline -0.001 -1"><span class='ocrx_word' id='word_1_311' title='bbox 668 3780 1005 3840; x_wconf 86' lang='lat' dir='ltr'>micidium</span> <span class='ocrx_word' id='word_1_312' title='bbox 1052 3778 1399 3840; x_wconf 88' lang='lat' dir='ltr'>committi.</span> 
     </span>
    </p>

    <p class='ocr_par' dir='ltr' id='par_1_13' title="bbox 662 3867 3115 4035">
     <span class='ocr_line' id='line_1_40' title="bbox 752 3867 3115 3940; baseline 0 -10"><span class='ocrx_word' id='word_1_313' title='bbox 752 3873 858 3931; x_wconf 82' lang='grc'>36.</span> <span class='ocrx_word' id='word_1_314' title='bbox 908 3870 1313 3930; x_wconf 87' lang='lat' dir='ltr'>Permissum</span> <span class='ocrx_word' id='word_1_315' title='bbox 1362 3877 1468 3931; x_wconf 86' lang='lat' dir='ltr'>est</span> <span class='ocrx_word' id='word_1_316' title='bbox 1514 3868 1721 3928; x_wconf 83' lang='lat' dir='ltr'>furari</span> <span class='ocrx_word' id='word_1_317' title='bbox 1775 3885 1904 3927; x_wconf 87' lang='lat' dir='ltr'>uon</span> <span class='ocrx_word' id='word_1_318' title='bbox 1954 3869 2168 3928; x_wconf 89' lang='lat' dir='ltr'>solum</span> <span class='ocrx_word' id='word_1_319' title='bbox 2225 3867 2296 3926; x_wconf 86' lang='lat' dir='ltr'>in</span> <span class='ocrx_word' id='word_1_320' title='bbox 2354 3877 2651 3929; x_wconf 80' lang='lat' dir='ltr'>extrema</span> <span class='ocrx_word' id='word_1_321' title='bbox 2697 3869 3115 3940; x_wconf 79' lang='lat' dir='ltr'>necessitate,</span> 
     </span>
     <span class='ocr_line' id='line_1_41' title="bbox 662 3959 1405 4035; baseline -0.005 -13"><span class='ocrx_word' id='word_1_322' title='bbox 662 3961 781 4022; x_wconf 84' lang='lat' dir='ltr'>sed</span> <span class='ocrx_word' id='word_1_323' title='bbox 825 3960 1023 4022; x_wconf 89' lang='lat' dir='ltr'>etiam</span> <span class='ocrx_word' id='word_1_324' title='bbox 1072 3960 1143 4019; x_wconf 88' lang='lat' dir='ltr'>iu</span> <span class='ocrx_word' id='word_1_325' title='bbox 1192 3959 1405 4035; x_wconf 79' lang='lat' dir='ltr'>gravi.</span> 
     </span>
    </p>

    <p class='ocr_par' dir='ltr' id='par_1_14' title="bbox 662 4046 3117 4304">
     <span class='ocr_line' id='line_1_42' title="bbox 753 4046 3117 4120; baseline 0 -12"><span class='ocrx_word' id='word_1_326' title='bbox 753 4052 857 4110; x_wconf 82' lang='grc'>37.</span> <span class='ocrx_word' id='word_1_327' title='bbox 908 4049 1169 4108; x_wconf 85' lang='lat' dir='ltr'>Famuli</span> <span class='ocrx_word' id='word_1_328' title='bbox 1217 4055 1286 4109; x_wconf 87' lang='lat' dir='ltr'>et</span> <span class='ocrx_word' id='word_1_329' title='bbox 1334 4048 1620 4108; x_wconf 85' lang='lat' dir='ltr'>famulae</span> <span class='ocrx_word' id='word_1_330' title='bbox 1671 4046 2073 4106; x_wconf 87' lang='lat' dir='ltr'>domesticae</span> <span class='ocrx_word' id='word_1_331' title='bbox 2122 4053 2408 4120; x_wconf 81' lang='lat' dir='ltr'>possunt</span> <span class='ocrx_word' id='word_1_332' title='bbox 2445 4050 2700 4108; x_wconf 87' lang='lat' dir='ltr'>occulte</span> <span class='ocrx_word' id='word_1_333' title='bbox 2749 4049 2926 4109; x_wconf 83' lang='lat' dir='ltr'>lieris</span> <span class='ocrx_word' id='word_1_334' title='bbox 2972 4049 3117 4109; x_wconf 86' lang='lat' dir='ltr'>suis</span> 
     </span>
     <span class='ocr_line' id='line_1_43' title="bbox 662 4136 3117 4214; baseline -0.002 -14"><span class='ocrx_word' id='word_1_335' title='bbox 662 4139 996 4214; x_wconf 86' lang='lat' dir='ltr'>surripere</span> <span class='ocrx_word' id='word_1_336' title='bbox 1042 4139 1127 4199; x_wconf 87' lang='lat' dir='ltr'>ad</span> <span class='ocrx_word' id='word_1_337' title='bbox 1174 4137 1730 4213; x_wconf 87' lang='lat' dir='ltr'>compensandam</span> <span class='ocrx_word' id='word_1_338' title='bbox 1777 4151 2044 4208; x_wconf 84' lang='lat' dir='ltr'>operam</span> <span class='ocrx_word' id='word_1_339' title='bbox 2092 4152 2302 4211; x_wconf 85' lang='lat' dir='ltr'>suam,</span> <span class='ocrx_word' id='word_1_340' title='bbox 2337 4153 2536 4209; x_wconf 89' lang='lat' dir='ltr'>quam</span> <span class='ocrx_word' id='word_1_341' title='bbox 2583 4136 2894 4196; x_wconf 87' lang='lat' dir='ltr'>maiorem</span> <span class='ocrx_word' id='word_1_342' title='bbox 2941 4137 3117 4196; x_wconf 92' lang='lat' dir='ltr'>iudi-</span> 
     </span>
     <span class='ocr_line' id='line_1_44' title="bbox 663 4227 1741 4304; baseline -0.006 -14"><span class='ocrx_word' id='word_1_343' title='bbox 663 4233 819 4290; x_wconf 90' lang='lat' dir='ltr'>cant</span> <span class='ocrx_word' id='word_1_344' title='bbox 864 4229 1123 4304; x_wconf 86' lang='lat' dir='ltr'>salarie,</span> <span class='ocrx_word' id='word_1_345' title='bbox 1159 4228 1336 4303; x_wconf 89' lang='lat' dir='ltr'>quod</span> <span class='ocrx_word' id='word_1_346' title='bbox 1388 4227 1741 4301; x_wconf 85' lang='lat' dir='ltr'>recipiunt.</span> 
     </span>
    </p>

    <p class='ocr_par' dir='ltr' id='par_1_15' title="bbox 658 4313 3117 4559">
     <span class='ocr_line' id='line_1_45' title="bbox 750 4313 3116 4390; baseline -0.002 -11"><span class='ocrx_word' id='word_1_347' title='bbox 750 4323 852 4381; x_wconf 80' lang='grc'>38.</span> <span class='ocrx_word' id='word_1_348' title='bbox 905 4321 1057 4379; x_wconf 75' lang='lat' dir='ltr'>Non</span> <span class='ocrx_word' id='word_1_349' title='bbox 1103 4325 1371 4379; x_wconf 80' lang='lat' dir='ltr'>tenetur</span> <span class='ocrx_word' id='word_1_350' title='bbox 1417 4315 1569 4390; x_wconf 90' lang='lat' dir='ltr'>quis</span> <span class='ocrx_word' id='word_1_351' title='bbox 1616 4313 1741 4371; x_wconf 86' lang='lat' dir='ltr'>sub</span> <span class='ocrx_word' id='word_1_352' title='bbox 1813 4328 2027 4386; x_wconf 90' lang='lat' dir='ltr'>poena</span> <span class='ocrx_word' id='word_1_353' title='bbox 2095 4314 2347 4387; x_wconf 88' lang='lat' dir='ltr'>peccati</span> <span class='ocrx_word' id='word_1_354' title='bbox 2409 4314 2707 4375; x_wconf 85' lang='lat' dir='ltr'>mortalis</span> <span class='ocrx_word' id='word_1_355' title='bbox 2761 4314 3116 4375; x_wconf 86' lang='lat' dir='ltr'>restituere</span> 
     </span>
     <span class='ocr_line' id='line_1_46' title="bbox 661 4400 3117 4484; baseline -0 -18"><span class='ocrx_word' id='word_1_356' title='bbox 661 4411 840 4484; x_wconf 88' lang='lat' dir='ltr'>quod</span> <span class='ocrx_word' id='word_1_357' title='bbox 885 4408 1182 4469; x_wconf 84' lang='lat' dir='ltr'>ablatum</span> <span class='ocrx_word' id='word_1_358' title='bbox 1229 4413 1332 4465; x_wconf 87' lang='lat' dir='ltr'>est</span> <span class='ocrx_word' id='word_1_359' title='bbox 1378 4423 1497 4480; x_wconf 90' lang='lat' dir='ltr'>per</span> <span class='ocrx_word' id='word_1_360' title='bbox 1544 4418 1756 4477; x_wconf 84' lang='lat' dir='ltr'>pauca</span> <span class='ocrx_word' id='word_1_361' title='bbox 1805 4400 2005 4480; x_wconf 73' lang='lat' dir='ltr'>furta,</span> <span class='ocrx_word' id='word_1_362' title='bbox 2072 4409 2684 4478; x_wconf 85' lang='lat' dir='ltr'>quantumcumque</span> <span class='ocrx_word' id='word_1_363' title='bbox 2735 4403 2826 4463; x_wconf 81' lang='lat' dir='ltr'>sit</span> <span class='ocrx_word' id='word_1_364' title='bbox 2870 4420 3117 4478; x_wconf 83' lang='lat' dir='ltr'>magna</span> 
     </span>
     <span class='ocr_line' id='line_1_47' title="bbox 658 4496 1209 4559; baseline -0.009 -1"><span class='ocrx_word' id='word_1_365' title='bbox 658 4517 915 4559; x_wconf 87' lang='lat' dir='ltr'>summa</span> <span class='ocrx_word' id='word_1_366' title='bbox 961 4496 1209 4558; x_wconf 86' lang='lat' dir='ltr'>totalis.</span> 
     </span>
    </p>

    <p class='ocr_par' dir='ltr' id='par_1_16' title="bbox 657 4579 3112 4749">
     <span class='ocr_line' id='line_1_48' title="bbox 748 4579 3112 4658; baseline -0.003 -11"><span class='ocrx_word' id='word_1_367' title='bbox 748 4591 851 4647; x_wconf 80' lang='grc'>39.</span> <span class='ocrx_word' id='word_1_368' title='bbox 889 4586 1023 4658; x_wconf 80' lang='lat' dir='ltr'>Qui</span> <span class='ocrx_word' id='word_1_369' title='bbox 1056 4585 1261 4643; x_wconf 90' lang='lat' dir='ltr'>alium</span> <span class='ocrx_word' id='word_1_370' title='bbox 1292 4588 1518 4644; x_wconf 80' lang='lat' dir='ltr'>movet</span> <span class='ocrx_word' id='word_1_371' title='bbox 1541 4589 1661 4642; x_wconf 88' lang='lat' dir='ltr'>aut</span> <span class='ocrx_word' id='word_1_372' title='bbox 1694 4579 1957 4640; x_wconf 87' lang='lat' dir='ltr'>inducit</span> <span class='ocrx_word' id='word_1_373' title='bbox 1985 4581 2072 4642; x_wconf 84' lang='lat' dir='ltr'>ad</span> <span class='ocrx_word' id='word_1_374' title='bbox 2095 4582 2513 4642; x_wconf 84' lang='lat' dir='ltr'>inserendum</span> <span class='ocrx_word' id='word_1_375' title='bbox 2553 4598 2760 4656; x_wconf 81' lang='lat' dir='ltr'>grave</span> <span class='ocrx_word' id='word_1_376' title='bbox 2793 4581 3112 4641; x_wconf 86' lang='lat' dir='ltr'>damnum</span> 
     </span>
     <span class='ocr_line' id='line_1_49' title="bbox 657 4669 2794 4749; baseline -0.003 -12"><span class='ocrx_word' id='word_1_377' title='bbox 657 4677 875 4749; x_wconf 86' lang='lat' dir='ltr'>tertio,</span> <span class='ocrx_word' id='word_1_378' title='bbox 912 4691 1044 4733; x_wconf 83' lang='lat' dir='ltr'>non</span> <span class='ocrx_word' id='word_1_379' title='bbox 1094 4681 1358 4730; x_wconf 86' lang='lat' dir='ltr'>tenetur</span> <span class='ocrx_word' id='word_1_380' title='bbox 1404 4672 1489 4731; x_wconf 87' lang='lat' dir='ltr'>ad</span> <span class='ocrx_word' id='word_1_381' title='bbox 1536 4671 2032 4731; x_wconf 79' lang='lat' dir='ltr'>restitutionem</span> <span class='ocrx_word' id='word_1_382' title='bbox 2082 4672 2279 4732; x_wconf 87' lang='lat' dir='ltr'>istius</span> <span class='ocrx_word' id='word_1_383' title='bbox 2327 4669 2553 4730; x_wconf 86' lang='lat' dir='ltr'>damni</span> <span class='ocrx_word' id='word_1_384' title='bbox 2602 4671 2794 4730; x_wconf 86' lang='lat' dir='ltr'>illati.</span> 
     </span>
    </p>
   </div>
  </div>
 </body>
</html>
