3529 5158
180 3037 257 3406 ἑ

892 588 1608 746 PRAEFATIO
1682 653 2256 749 Enrroms

433 1715 627 1789 Quod
674 1714 991 1793 plurium,
1024 1719 1106 1774 ut
1148 1715 1544 1793 accepimus,
1578 1715 1649 1775 in
1682 1716 1862 1777 votis
1892 1720 2036 1775 erat
2059 1720 2202 1776 tum
2235 1718 2612 1779 nostrorum
2647 1717 2792 1775 tum

343 1834 743 1910 exterorum,
790 1830 1108 1908 quodque
1140 1830 1393 1891 nemini
1438 1830 1780 1907 ingratum
1827 1830 1967 1892 fore
2004 1831 2418 1910 confidimus,
2464 1831 2693 1909 prodit
2721 1832 2791 1893 in

348 1948 561 2009 lucem
618 1946 788 2026 Opus
847 1945 1101 2009 Morale
1162 1947 1437 2009 Antonii
1482 1946 1808 2007 Balleriui
1853 1965 1886 2007 0
1937 1946 2247 2009 Societate
2291 1947 2459 2025 10011,
2509 1952 2590 2008 111
2648 1947 2794 2009 01118

351 2063 813 2143 magisterium
861 2062 1028 2124 adeo
1073 2062 1245 2123 bene
1289 2067 1600 2139 coeptum
1652 2066 1724 2123 et
1769 2063 2258 2142 continuatum,
2306 2064 2463 2126 dum
2508 2065 2792 2142 viveret,

348 2183 501 2256 post
543 2180 692 2240 01118
740 2195 1007 2256 (1110(1110
1038 2178 1402 2241 discessum
1437 2178 1726 2241 feliciter
1755 2183 2160 2256 perseveret.
2195 2180 2457 2241 Iamdiu
2490 2180 2617 2242 hoc
2637 2196 2793 2242 con-

348 2295 574 2356 silium
606 2295 750 2372 ipse
775 2296 1039 2355 Auctor
1062 2294 1283 2357 animo
1308 2298 1720 2373 conceperat,
1748 2295 2177 2373 'theologiam
2207 2297 2524 2359 moralem
2552 2297 2792 2359 edendi

346 2412 475 2473 hoc
517 2415 736 2489 pacto,
786 2415 865 2471 ut
910 2410 1262 2473 Medullam
1310 2412 1683 2473 Hermanni
1750 2412 2223 2492 Busembaum‚
2272 2415 2452 2475 notis
2494 2415 2794 2494 adiectis,

342 2531 415 2589 et
460 2526 832 2592 declararet
879 2532 949 2591 et
994 2527 1459 2606 amplificaret:
1509 2527 1691 2604 quod
1733 2533 1805 2591 et
1852 2528 1921 2590 in
1985 2528 2174 2592 brevi
2230 2528 2649 2608 praefatione
2708 2531 2795 2594 ad

345 2646 614 2709 tertiam
660 2647 741 2707 cl.
790 2647 867 2706 P.
918 2646 1110 2723 Gury
1156 2646 1519 2707 editionem
1566 2649 1857 2707 testatus
1903 2648 2007 2708 081
2051 2651 2257 2724 atque
2307 2648 2443 2711 huc
2488 2652 2799 2726 spectant

344 2765 555 2842 ipsius
598 2764 1060 2826 commentarii
1104 2780 1332 2826 omnes
1377 2765 1473 2825 rei
1510 2763 1800 2843 moralis,
1848 2781 2015 2842 quos
2060 2765 2130 2827 in
2176 2764 2580 2830 adversariis
2629 2766 2795 2829 bene

346 2881 579 2943 multis
622 2885 915 2958 apteque
959 2880 1381 2943 concinnatis
1435 2880 1631 2942 nobis
1698 2880 2000 2958 reliquit.
2046 2880 2234 2956 Quae
2278 2882 2352 2942 111
2399 2882 2595 2944 Notis
2639 2884 2794 2945 olim

346 2997 719 3075 digesserat
764 3013 884 3076 pro
930 3013 1002 3057 re
1048 3000 1211 3058 nata
1276 2997 1363 3057 ad
1431 2997 1916 3074 compendium
1974 2998 2391 3078 Guryanum,
2460 2999 2795 3077 specimen

343 3112 679 3191 quoddam
716 3116 878 3175 sunt
923 3113 1242 3175 scientiae
1290 3113 1559 3176 moralis
1602 3114 1965 3175 Ballerini:
2014 3131 2164 3175 cum
2207 3131 2370 3176 vero
2401 3115 2517 3177 illa
2561 3117 2797 3176 suffra-

343 3231 530 3308 gium
575 3231 859 3295 tulerint
926 3246 1099 3308 pene
1170 3231 1465 3292 omnium
1536 3231 1832 3291 'virorum
1896 3229 2265 3307 doctorum,
2313 3229 2430 3304 qui
2492 3229 2803 3289 veritatis

344 3347 577 3411 studio
623 3348 979 3427 ducuntur,
1028 3365 1065 3409 e
1113 3365 1184 3410 re
1231 3363 1376 3408 esse
1422 3345 1644 3406 visum
1690 3349 1813 3423 est,
1863 3343 2201 3421 integrum
2247 3359 2492 3421 corpus
2519 3342 2800 3420 prodere

345 3464 539 3526 cuius
587 3465 950 3527 nonnullae
996 3464 1365 3527 dissolutae
1412 3466 1640 3539 partes
1705 3459 1873 3522 adeo
1926 3459 2336 3537 placuerant.
2388 3458 2582 3534 Quod
2642 3475 2801 3537 ergo

345 3584 609 3645 Auctor
652 3582 799 3659 ipse
843 3585 1055 3644 morte
1099 3584 1623 3658 praeoccupatus
1668 3575 1947 3656 aggredi
1983 3576 2254 3638 tandem
2283 3594 2417 3639 nou
2450 3575 2696 3654 potuit,
2727 3575 2796 3636 id

204 3727 301 3748 *-
350 3698 513 3760 mihi
543 3698 695 3760 aliis
740 3697 1294 3776 occupationibus
1323 3712 1541 3758 vacuo
1574 3694 1869 3771 otioque,
1905 3691 2088 3770 quod
2123 3691 2311 3753 Deus
2339 3692 2510 3752 bene
2556 3694 2801 3767 vertat,

234 3828 305 3866 Μ
347 3814 620 3896 fruenti,
668 3815 1167 3877 Moderatorum
1199 3813 1621 3888 auctoritate,
1656 3809 2078 3872 commissum
2111 3810 2235 3887 est,
2270 3811 2346 3868 ut
2376 3805 2803 3868 balleriniani

226 3913 313 4010 μ’,

343 3932 565 4010 operis
632 3932 997 3994 editionem
1064 3947 1369 4009 pararem
1441 3932 1510 3991 et
1578 3927 1995 3990 absolverem
2064 3927 2270 4000 atque
2317 3922 2412 3983 ita
2473 3920 2802 3983 desiderio

222 4049 323 4094 Q
342 4065 573 4112 eorum
617 4048 903 4112 facerem
950 4048 1137 4126 satis,
1185 4047 1304 4123 qui
1352 4047 1423 4107 in
1472 4042 1876 4121 Theologiae
1930 4039 2201 4101 moralis
2246 4036 2605 4115 disciplina
2665 4051 2803 4098 ma-

342 4166 628 4245 gistrum
674 4165 1001 4229 Ballerini
1046 4181 1117 4227 se
1163 4163 1481 4225 habuisse
1511 4160 1908 4239 gloriantur.
1940 4157 2183 4218 Fateor
2212 4154 2340 4218 hoc
2374 4170 2621 4215 munus
2651 4169 2798 4232 per—

347 4285 615 4357 gratum
659 4280 828 4341 mihi
872 4280 1219 4357 accidisse,
1244 4295 1378 4355 quo
1408 4277 1599 4354 copia
1630 4274 1921 4337 dabatur
1959 4271 2435 4350 significandae
2467 4271 2807 4333 existima-

344 4395 549 4457 tionis
592 4399 663 4458 et
706 4395 1126 4458 reverentiae
1172 4410 1356 4456 meae
1405 4411 1565 4471 erga
1631 4390 2046 4453 carissimum
2092 4392 2161 4448 et
2204 4387 2806 4465 praeclarissimum

347 4511 720 4576 studiorum
768 4529 1069 4575 meorum
1113 4514 1400 4590 primum
1473 4509 1707 4571 ducem
1754 4514 1901 4570 tum
1945 4508 2018 4568 in
2062 4505 2450 4582 magisterio
2509 4503 2813 4565 sodalem·
