3529 5158
753 386 861 444 132
1371 399 1583 440 TRAc'r.
1624 398 1687 437 11.
1726 397 1812 437 nn
1849 391 2265 437 consensuum
2303 391 2500 433 carm·
2537 391 2576 430 1.
3057 374 3205 449 [139]

732 498 944 563 civiles
990 498 1262 562 rationes
1300 497 1452 561 iusti
1483 495 1583 559 vel
1620 493 1857 567 iniusti,
1893 491 2137 556 honesti
2171 490 2270 554 vel
2302 487 2612 553 inhonesti
2642 485 2716 549 de
2759 486 2950 550 Verit.
2987 507 3045 569 q.
3094 488 3197 550 17.

733 601 851 662 art.
888 600 999 682 2.)‚
1049 599 1177 662 sive
1225 598 1302 662 ad
1348 598 1655 662 rationem
1700 594 2099 678 superiorem,
2148 610 2307 674 quae
2352 589 2702 655 considerat
2744 588 2956 652 divina
3005 589 3199 669 (sicut

732 720 875 766 cum
920 701 1060 783 quis
1106 701 1422 765 existimat
1466 719 1596 764 esse
1644 696 1980 762 secundum
2025 696 2227 779 legem
2274 696 2372 758 vel
2419 693 2656 766 contra,
2697 690 2861 772 quod
2910 710 3032 756 non
3081 694 3194 768 est,

730 804 806 866 ut
836 802 1148 880 haeretici,
1183 803 1289 884 qui
1322 802 1581 866 credunt
1613 798 2033 864 iuramentum
2065 816 2102 861 a
2135 799 2264 861 Deo
2303 815 2433 861 esse
2465 794 2850 878 prohibitum
2886 793 2961 855 de
3007 794 3196 858 Verit.

729 903 772 967 l.
807 904 911 985 c.),
954 904 1160 986 potest
1195 903 1625 985 multipliciter
1661 920 1831 966 error
1868 899 2158 964 accidere.
2191 897 2597 962 Manifestum
2628 898 2723 961 est
2754 897 2986 973 autem,
3030 896 3197 977 quod

728 1005 794 1069 in
831 1005 1244 1088 applicatione
1275 1005 1620 1069 multarum
1650 1003 2081 1087 cognitionum
2105 1001 2182 1065 ad
2208 1001 2439 1076 actum,
2479 998 2764 1082 provenit
2787 1017 2976 1076 error,
3012 1018 3198 1080 quae-

729 1127 995 1188 cumque
1032 1106 1457 1191 cognitionum
1503 1106 1693 1169 fuerit
1729 1123 2002 1181 erronea,
2043 1104 2206 1168 sicut
2242 1104 2434 1185 patet,
2476 1102 2641 1183 quod
2685 1100 2930 1165 falsitas
2970 1102 3197 1167 accidit

729 1209 795 1272 in
826 1208 1234 1285 conclusione,
1275 1226 1698 1289 quaecumque
1730 1206 2214 1290 praemissarum
2250 1204 2440 1269 fuerit
2470 1203 2630 1268 falsa
2663 1228 2725 1267 ».

820 1307 1258 1374 Conclusiones
1295 1309 1506 1373 autem
1530 1308 1947 1385 immediatae,
1973 1308 2039 1372 in
2075 1307 2302 1390 quibus
2332 1326 2501 1372 error
2538 1308 2749 1372 adesse
2781 1326 2853 1371 ex
2890 1326 2937 1371 S.
2952 1308 3194 1371 Thoma

730 1430 854 1476 non
900 1412 1123 1494 potest,
1162 1412 1308 1475 illae
1338 1413 1505 1487 sunt,
1545 1430 1702 1492 quae
1734 1410 1963 1475 directe
1996 1429 2066 1474 ex
2099 1409 2416 1493 principiis
2452 1408 2668 1492 primis
2700 1410 3108 1473 assumuntur
3133 1414 3197 1474 et

730 1513 976 1596 quando
1010 1514 1200 1578 etiam
1235 1514 1300 1578 in
1329 1514 1556 1579 minori
1579 1512 1928 1597 syllogismi
1949 1513 2112 1578 idem
2144 1512 2217 1576 de
2250 1531 2314 1575 se
2344 1513 2479 1595 ipso
2517 1511 2926 1595 praedicatur.
2947 1510 3193 1577 Clarius

730 1616 1002 1681 dicemus
1038 1636 1180 1681 cum
1212 1636 1259 1681 s.
1281 1617 1521 1681 Thoma
1551 1615 1625 1678 de
1672 1615 1864 1679 Verit.
1894 1634 1951 1696 q.
1982 1615 2084 1677 17.
2113 1615 2231 1678 art.
2261 1615 2320 1678 2.
2355 1640 2390 1671 «
2416 1612 2744 1678 Sciendum
2767 1616 2996 1689 tamen,
3024 1613 3191 1696 quod

727 1718 792 1781 in
829 1717 1202 1800 quibusdam
1236 1717 1609 1782 conscientia
1640 1735 1960 1798 nunquam
1991 1735 2194 1780 errare
2217 1717 2442 1798 potest,
2476 1714 2726 1796 quando
2748 1715 2989 1781 scilicet
3015 1722 3194 1780 actus

727 1819 835 1883 ille
854 1819 1293 1898 particularis,
1331 1818 1420 1881 ad
1446 1838 1626 1899 quem
1655 1818 2034 1881 conscientia
2068 1816 2444 1896 applicatur,
2484 1816 2669 1882 habet
2712 1817 2786 1881 de
2832 1838 2898 1882 se
2934 1820 3004 1881 in
3050 1839 3194 1900 syn-

729 1919 932 1984 dercsi
974 1920 1327 1984 universale
1372 1919 1691 1983 iudicium.
1742 1919 1917 1983 Sicut
1962 1919 2124 1983 enim
2168 1920 2234 1983 in
2281 1920 2679 2002 speculativis
2708 1939 2829 1984 non
2885 1921 3195 2005 contingit

729 2042 932 2087 errare
962 2022 1123 2086 circa
1153 2023 1561 2105 particulares
1605 2020 2045 2097 conclusioneS,
2079 2041 2236 2101 quac
2272 2020 2502 2085 directe
2539 2021 2655 2085 sub
2678 2022 3028 2101 principiis
3058 2022 3198 2085 uriz>

726 2123 1075 2188 venalibus
1120 2127 1529 2189 assumuntur
1563 2125 1634 2188 in
1679 2122 1903 2186 iisdem
1949 2122 2253 2196 terminis,
2302 2125 2376 2186 ut
2421 2124 2483 2187 in
2530 2124 2647 2188 hoc
2678 2122 2843 2205 quod
2882 2124 3013 2188 est:
3056 2124 3193 2187 Hoc

728 2227 937 2292 totum
973 2228 1069 2292 est
1104 2227 1306 2291 maius
1352 2245 1465 2291 sua
1513 2227 1706 2310 parte,
1755 2225 1968 2290 nullus
2014 2225 2337 2307 decipitur,
2378 2225 2541 2289 sicut
2586 2227 2650 2289 et
2694 2226 2758 2290 in
2805 2226 2956 2291 hoc:
3008 2244 3190 2290 omne

728 2331 937 2395 totum
983 2331 1078 2394 est
1121 2329 1325 2393 maius
1371 2348 1484 2393 sua
1530 2329 1739 2411 parte:
1779 2328 1872 2392 ita
1911 2328 1975 2391 et
2008 2326 2074 2391 in
2120 2327 2254 2404 hoc,
2294 2327 2459 2408 quod
2494 2328 2622 2392 est:
2658 2329 2860 2392 Deum
2897 2346 3019 2393 non
3059 2347 3192 2393 esse

729 2452 767 2496 a
802 2452 901 2497 me
939 2431 1321 2516 diligendum
1356 2432 1455 2495 vel
1493 2430 1742 2513 aliquod
1780 2430 2019 2494 malum
2042 2448 2173 2493 esse
2196 2428 2563 2506 faciendum,
2598 2430 2772 2494 nulla
2810 2430 3189 2494 conscientia

726 2555 930 2601 errare
976 2536 1213 2618 potest;
1263 2553 1333 2599 eo
1382 2534 1546 2617 quod
1593 2533 1657 2597 in
1703 2533 1970 2614 utroque
2013 2531 2241 2596 iudicio
2292 2532 2422 2595 tam
2469 2531 2942 2615 speculabilium
2997 2552 3190 2615 quam

725 2637 1135 2721 operabilium
1180 2638 1244 2701 et
1287 2636 1486 2700 maior
1532 2637 1627 2700 est
1671 2653 1779 2718 per
1825 2654 1889 2698 se
1934 2635 2104 2711 nota,
2154 2635 2372 2717 utpote
2400 2635 2468 2698 in
2498 2635 2836 2700 universali
2882 2635 3186 2719 principio

724 2741 989 2803 existens
1036 2739 1100 2802 ct
1143 2738 1345 2801 minor
1399 2737 1608 2812 etiam,
1658 2754 1782 2818 qua
1834 2735 1998 2800 idem
2043 2736 2117 2800 de
2171 2735 2370 2818 seipso
2417 2736 2808 2819 praedicatur
2853 2738 3189 2820 particula-

720 2841 905 2905 riter:
946 2841 1020 2904 ut
1049 2859 1192 2905 cum
1237 2839 1497 2904 dicitur:
1540 2857 1717 2903 omne
1756 2839 1961 2902 totum
2010 2838 2107 2901 est
2150 2838 2353 2902 maius
2400 2857 2514 2902 sua
2560 2840 2766 2922 parte:
2808 2839 2925 2903 hoc
2973 2841 3182 2904 totum

721 2942 1034 3025 quoddam
1079 2943 1205 3016 est;
1246 2960 1393 3026 ergo
1431 2942 1527 3005 est
1560 2940 1764 3004 maius
1796 2958 1910 3003 sua
1949 2942 2124 3021 parte
2149 2965 2209 3002 ».
2238 2977 2322 2985 —
2349 2939 2525 3005 Unde
2562 2941 2898 3024 applicatio
2937 2942 3002 3004 in
3043 2960 3185 3025 ope-

719 3046 1021 3111 rabilibus
1045 3045 1239 3110 esset:
1266 3043 1442 3107 Nulli
1477 3042 1800 3107 hominum
1824 3042 2053 3105 iniuria
2083 3043 2178 3106 est
2200 3041 2513 3107 facienda:
2548 3044 2810 3109 Ioannes
2834 3044 2930 3107 est
2954 3043 3143 3109 homo
3164 3068 3183 3122 ς

720 3169 868 3235 ergo
904 3147 1123 3214 Ioanni
1153 3167 1276 3212 non
1314 3148 1409 3212 est
1450 3145 1679 3210 iniuria
1717 3143 2024 3209 facienda.

825 3275 882 3327 11.
910 3275 1057 3339 Resp.
1083 3275 1132 3326 2.
1158 3273 1264 3324 Non
1288 3277 1473 3324 tautum
1511 3266 1806 3323 conscientia
1845 3273 1996 3329 recta,
2020 3268 2106 3320 sed
2144 3266 2290 3320 etiam
2328 3266 2689 3334 inculpabiliter
2725 3282 2946 3332 erronea,
2974 3271 3165 3325 dictans

719 3356 900 3423 aliquid
929 3371 1017 3424 per
1043 3357 1240 3409 modum
1269 3352 1527 3421 praecepti,
1554 3351 1751 3417 obligat,
1775 3358 1828 3405 ut
1850 3366 1955 3404 cam
1978 3350 2214 3416 sequaris,
2232 3351 2344 3405 etsi
2361 3359 2533 3407 contra
2557 3351 2692 3417 tacis,
2716 3367 2891 3419 peccas
2910 3355 3177 3421 etquidem

723 3447 922 3507 peccato
961 3440 1067 3494 eius
1107 3438 1304 3507 speciei,
1342 3445 1510 3492 contra
1549 3436 1686 3491 cuius
1728 3435 1925 3490 virtutis
1963 3435 2173 3502 speciem
2212 3434 2487 3490 intellectus
2535 3450 2738 3503 peccare
2784 3436 2984 3492 iudicat.
3025 3440 3167 3493 Ratio

718 3524 895 3590 prioris
919 3531 1014 3587 cst;
1057 3521 1170 3588 quia
1208 3521 1504 3576 conscientia
1543 3527 1675 3573 recta
1714 3526 1790 3573 est
1827 3522 1992 3583 regula
2035 3519 2250 3585 proxima
2290 3519 2573 3586 voluntatiS‚
2600 3519 2822 3574 derivata
2861 3537 2887 3575 a
2927 3522 3086 3589 prima
3124 3532 3173 3578 ct

715 3607 971 3673 principali
991 3607 1161 3670 regula
1183 3604 1399 3658 omnium
1425 3604 1667 3657 actionum
1692 3608 2029 3668 humanarum,
2050 3604 2235 3658 scilicet
2258 3605 2364 3668 lege
2383 3601 2544 3657 divina
2567 3611 2616 3658 et
2636 3613 2850 3659 aeterna.
2872 3609 2921 3660 S.
2947 3609 3042 3661 Tu.
3069 3611 3109 3662 1.
3127 3612 3177 3662 2.

719 3708 765 3758 q.
789 3695 874 3746 19.
895 3707 938 3746 a.
962 3693 1010 3745 4.
1034 3690 1179 3744 Ratio
1205 3689 1495 3756 posterioris
1520 3695 1621 3754 est;
1649 3696 1750 3741 tum
1778 3688 1908 3754 quia,
1942 3689 1982 3742 si
2011 3688 2285 3742 intellectus
2314 3689 2550 3743 voluntati
2591 3689 2819 3757 proponit
2847 3693 3044 3754 malum,
3066 3700 3176 3747 esto

721 3779 901 3832 malum
934 3791 1027 3830 non
1066 3775 1145 3839 sit,
1173 3775 1214 3828 si
1241 3781 1400 3827 tamen
1439 3781 1614 3840 putans
1651 3787 1759 3825 esse
1787 3774 1982 3840 malurn,
2012 3775 2118 3828 vult
2141 3773 2261 3828 illud
2300 3777 2477 3840 tacere,
2504 3772 2599 3828 iam
2641 3775 2866 3828 voluntas
2908 3790 3024 3830 vere
3063 3792 3176 3832 cou-

719 3863 868 3918 sentit
894 3862 943 3916 in
971 3863 1150 3916 malum
1190 3863 1435 3925 habetque
1474 3857 1793 3912 sufficientem
1831 3861 2055 3912 affectum
2093 3860 2154 3911 ad
2194 3865 2444 3924 peccatum
2483 3857 2619 3922 illud,
2651 3862 2782 3926 quod
2819 3862 3172 3930 apprehendit3

713 3955 818 4003 tum
843 3946 956 4014 quia
983 3960 1159 4011 omne,
1185 3943 1333 4014 quod
1358 3957 1472 3999 nort
1492 3946 1569 3998 est
1595 3957 1667 3996 eoe
1690 3941 1815 4012 fide,
1836 3946 1928 3995 hoc
1954 3950 2028 3995 est
2053 3943 2129 4010 (ut
2150 3957 2176 3996 a
2195 3958 2259 3996 SS.
2281 3942 2507 3997 Patribus
2532 3944 2854 3999 communiter
2873 3946 3172 4014 explicatur)

714 4037 844 4099 quod
884 4049 977 4088 non
1018 4042 1095 4087 est
1134 4033 1399 4085 secundum
1439 4028 1800 4088 conscientiam.
1821 4031 2104 4098 peccatum
2130 4032 2224 4095 est,
2255 4036 2307 4083 ut
2334 4029 2512 4084 dicitur
2537 4033 2597 4084 ad
2625 4033 2765 4085 Rom.
2796 4035 2934 4087 xlv.
2967 4037 3050 4087 23.
3079 4037 3174 4089 Par

711 4126 786 4171 est
823 4119 962 4180 ratiO,
1002 4117 1043 4171 si
1081 4117 1359 4170 intellectus
1397 4120 1638 4183 proponat
1677 4113 1876 4180 aliquid,
1917 4121 1969 4166 ut
2021 4118 2198 4168 bonum
2239 4123 2286 4169 et
2327 4122 2649 4183 praeceptum,
2691 4126 2798 4171 esto
2841 4134 2937 4172 non
2980 4120 3047 4173 ita
3087 4121 3168 4184 sit,

716 4204 801 4254 sed
838 4202 1044 4266 malum3
1085 4204 1313 4255 voluntas
1351 4207 1510 4255 tamen
1548 4200 1666 4253 illud
1705 4199 1863 4253 libere
1900 4202 2193 4265 respuendo,
2221 4201 2300 4254 vel
2337 4200 2628 4265 omittendo,
2664 4203 2908 4257 consentit
2933 4204 2981 4258 in
3012 4213 3170 4260 trans-

716 4284 1014 4349 gressionem
1054 4285 1301 4351 praecepti
1337 4292 1385 4338 et
1424 4290 1605 4350 peccat.
1646 4282 1800 4338 Cuius
1841 4282 2043 4337 ulterior
2081 4283 2207 4338 ratio
2244 4290 2336 4350 est,
2371 4283 2484 4350 quia
2530 4285 2775 4341 obiectum
2828 4286 2998 4343 tribuit
3040 4291 3172 4344 actui

718 4369 947 4436 speciem,
991 4376 1133 4438 prout
1168 4367 1248 4423 hic
1286 4377 1334 4422 et
1372 4383 1497 4422 nunc
1538 4371 1596 4419 ab
1636 4368 1888 4422 intellectu
1928 4368 2235 4435 proponitur.
2257 4371 2306 4422 S.
2329 4372 2502 4423 Thom.
2526 4370 2619 4424 loc.
2642 4369 2722 4424 cit.
2744 4380 2837 4426 art.
2857 4373 2909 4425 5.

807 4466 959 4540 139.
1001 4468 1257 4533 Summa
1294 4468 1707 4549 responsionis
1739 4467 1890 4531 haec
1925 4467 2132 4550 capita
2163 4468 2630 4550 complectitur:

889 4573 956 4634 1⁰
995 4568 1382 4636 Conscientia
1421 4567 1549 4632 sive
1578 4570 1747 4633 recta
1780 4568 1906 4633 sive
1945 4587 2196 4633 erronea
2227 4569 2683 4651 invincibiliter,
2721 4573 2828 4638 ubi
2859 4577 3167 4660 praecipit

711 4679 824 4741 aut
853 4677 1084 4742 bonum
1117 4672 1229 4737 aut
1264 4670 1413 4735 mali
1454 4671 1688 4755 fugam,
1729 4670 2036 4753 sequenda
2068 4672 2195 4746 est;
2232 4691 2405 4737 secus
2437 4675 2746 4758 peccatur.
