3529 5158
330 375 477 450 [361]
790 390 1129 432 pannorum
1167 390 1376 439 QUOAD
1416 391 1612 432 anons
1649 390 1789 432 Locr
1829 391 1934 432 UBI
1972 390 2336 432 vnnsnu‘run
2685 374 2790 429 361

331 505 438 569 per
485 485 743 550 modum
788 486 1316 570 interpretationis
1363 490 1461 553 vel
1508 489 1772 553 fortasse
1820 488 2012 553 etiam
2060 507 2164 571 per
2195 487 2451 551 modum
2484 487 2796 568 dispensa-

331 588 523 653 tionis
548 588 611 652 in
636 607 758 652 usu
779 607 889 653 seu
913 590 1209 655 dilatione
1235 591 1696 672 exsequutionis
1720 591 1882 667 voti3
1911 590 2058 672 quia
2090 590 2240 652 haec
2278 588 2523 652 facilius
2543 586 2792 651 admitti

329 692 539 773 potest
584 710 662 753 ea:
707 691 1022 756 voluntate
1063 692 1536 773 interpretativa
1573 693 1828 773 proprie?
1857 693 2142 772 episcopi,
2177 710 2368 773 quam
2414 689 2792 773 dispensatio

329 793 405 858 de
438 794 684 859 vinculo
710 796 865 859 voti.

419 896 717 962 Doctrina
750 899 901 962 haec
932 897 1159 962 Suarez
1194 898 1330 981 (qui
1368 898 1644 980 alioquin
1677 898 1967 973 defendit,
2003 896 2395 980 peregrinum
2427 895 2561 959 fieri
2592 893 2796 958 subdi-

329 999 469 1062 tum
508 1018 579 1063 ae
612 1000 806 1064 teneri
835 1001 1079 1085 legibus
1113 1001 1482 1083 specialibus
1521 1002 1660 1077 loci,
1709 1001 1773 1065 in
1820 1019 1943 1082 quo
1990 1001 2321 1082 moratur),
2355 998 2602 1062 videtur
2640 996 2797 1060 diffi-

325 1101 485 1164 cilis.
542 1101 724 1181 Nam,
779 1103 845 1167 1⁰
892 1104 1062 1183 Quae
1110 1105 1445 1186 aequitatis
1492 1105 1655 1169 ratio
1703 1104 1840 1181 erit,
1892 1103 2057 1185 quod
2104 1102 2347 1186 legibus
2402 1120 2514 1165 ceu
2561 1098 2795 1163 subditi

325 1204 660 1269 teneantur
706 1206 770 1269 et
814 1207 1003 1270 simul
1049 1208 1140 1271 ita
1185 1207 1611 1272 iurisdictione
1649 1206 2018 1280 eximantur,
2044 1204 2143 1267 *ut
2175 1202 2522 1267 subsidium
2569 1202 2793 1265 habere

325 1309 679 1387 nequeant?
726 1305 956 1372 Contra
1013 1309 1312 1393 principia
1360 1308 1512 1373 iuris
1560 1309 1817 1392 exigunt
1873 1306 2247 1390 oppositum,
2307 1323 2464 1386 quae
2522 1302 2660 1367 odia
2706 1321 2797 1365 re-

327 1408 577 1493 stringi,
611 1410 853 1475 favores
901 1412 1287 1495 ampliandos
1325 1412 1602 1476 tradunt.
1646 1413 1716 1474 2⁰
1746 1409 1905 1475 Cum
1938 1409 2426 1493 dispensationes
2460 1405 2651 1470 tribui
2698 1405 2796 1469 de·

327 1511 521 1574 beant
543 1512 649 1576 ubi
674 1531 860 1578 causa
894 1513 1061 1577 iusta
1094 1514 1156 1578 id
1188 1515 1398 1599 exigit,
1435 1534 1557 1578 non
1588 1515 1683 1578 est
1715 1513 2102 1589 credendum,
2131 1511 2489 1577 Ordinarios
2514 1510 2793 1591 pastores

326 1631 455 1677 11011
477 1616 838 1691 consentire,
867 1617 939 1680 ut
956 1617 1186 1700 proprii
1211 1616 1463 1691 subditi,
1494 1616 1600 1680 ubi
1633 1635 1819 1680 causa
1847 1616 2143 1699 postulat,
2172 1613 2488 1698 gaudeant
2519 1608 2793 1675 subsidio

327 1715 467 1793 1100,
501 1717 667 1797 quod
699 1719 984 1783 omnibus
1009 1720 1072 1783 in
1096 1720 1389 1802 promptu
1414 1738 1547 1783 esse
1578 1719 1776 1783 debet.
1806 1717 1870 1782 Si
1904 1719 2065 1781 enim
2092 1715 2581 1781 iurisdictionem
2614 1730 2794 1776 suam

327 1817 474 1881 aliis
504 1818 871 1885 Pastoribus
918 1821 1295 1905 participant
1341 1821 1545 1903 quoad
1592 1820 2057 1894 confessionem,
2093 1838 2202 1882 cur
2232 1818 2295 1881 111
2326 1816 2553 1881 minori
2583 1834 2649 1878 re
2697 1833 2796 1877 ne-

323 1920 591 2005 gabunt,
633 1922 763 1986 scil.
814 1923 1423 2006 dispensationibus?
1470 1922 1687 2002 Quoad
1735 1925 1885 1988 vota
1933 1924 2140 1985 tamen
2180 1919 2514 2003 pertinebit
2547 1918 2622 1981 ad
2655 1937 2796 1999 pru-

324 2022 607 2087 dentiam
655 2024 942 2107 Episcopi
995 2026 1310 2108 dispicere,
1366 2046 1444 2089 an
1498 2026 1701 2110 magis
1754 2024 2056 2108 expediat,
2115 2024 2169 2088 si
2222 2042 2319 2086 res
2367 2021 2665 2104 patiatur,
2718 2018 2793 2082 ad

323 2126 651 2209 proprium
681 2129 993 2209 pastorem
1027 2128 1358 2193 remittere.
1409 2128 1571 2205 Dixi,
1600 2129 1661 2192 si
1695 2148 1802 2191 res
1818 2128 2149 2207 patiatur:
2184 2145 2328 2189 nam
2360 2124 2413 2188 si
2449 2123 2676 2207 agatur
2721 2120 2795 2184 de

323 2228 732 2293 matrimonio
757 2248 901 2294 mox
917 2230 1332 2296 contrahendo
1351 2233 1415 2295 et
1434 2231 1734 2295 alteruter
1754 2248 2123 2313 sponsorum
2142 2249 2196 2292 V.
2212 2249 2306 2312 gr.
2325 2227 2555 2290 habeat
2577 2225 2797 2287 votum

325 2349 456 2396 non
488 2330 774 2407 nubendi,
807 2332 1229 2399 frustraneum
1261 2334 1379 2399 erit
1403 2334 1762 2411 remedium,
1793 2333 1956 2415 quod
1982 2331 2265 2416 suggerit
2299 2328 2545 2394 Suarez.
2573 2327 2797 2390 Valere

325 2436 543 2517 posset
566 2434 722 2498 illud
745 2435 1082 2500 remedium
1107 2437 1312 2519 quoad
1338 2438 1558 2501 votum
1581 2457 1640 2500 v.
1675 2457 1768 2521 gr.
1799 2434 2099 2499 recitandi
2132 2432 2408 2515 quotidie
2442 2429 2795 2494 Officiolum

324 2537 400 2601 B.
439 2536 554 2612 V.;
596 2539 804 2620 posset
836 2538 999 2603 enim
1030 2539 1320 2623 suspendi
1354 2539 1429 2604 ad
1464 2539 1704 2622 aliquot
1735 2539 1884 2615 dies,
1927 2539 2000 2602 ut
2031 2555 2217 2601 causa
2258 2535 2499 2619 integra
2547 2530 2794 2615 proprio

326 2641 571 2723 pastori
602 2643 967 2706 reservetur.

1402 2856 1564 2919 Dus.
1600 2854 1715 2918 III.

813 2997 926 3061 An
951 2999 1282 3081 pereym'm'
1325 3001 1387 3061 et
1419 2998 1567 3079 vayi
1598 3000 1928 3060 teneantur
1960 2995 2316 3075 praeceptis

1051 3101 1341 3175 locorum,
1376 3101 1445 3163 in
1478 3099 1705 3181 quibus
1728 3100 2075 3161 morantur.

442 3295 706 3348 xxxvn.
724 3296 972 3361 Respond.
998 3292 1306 3359 Regulariter
1330 3306 1424 3344 uon
1452 3295 1678 3343 tenentur
1703 3284 1977 3353 praeceptis
2002 3282 2295 3350 specialibus
2335 3280 2530 3333 illorum
2560 3280 2796 3332 locorum.

330 3381 403 3431 lta
445 3380 613 3442 Laym.
637 3382 813 3433 Sancb.
834 3380 981 3446 Azor,
1007 3377 1186 3432 Konin.
1214 3380 1350 3431 LeSS.
1378 3374 1627 3439 Reginam.
1655 3372 1761 3426 Fill.
1801 3378 1859 3424 tr.
1890 3371 1975 3423 21.
2003 3384 2045 3422 c.
2079 3370 2159 3419 11.
2194 3383 2241 3432 q.
2276 3368 2355 3418 10.
2389 3371 2559 3418 contra
2586 3366 2795 3417 Navarr.

326 3465 480 3517 Suar.
507 3463 568 3517 sa
605 3473 696 3518 ete.
729 3471 778 3519 et
815 3466 977 3532 quoad
1016 3477 1183 3528 vagos,
1211 3461 1357 3515 etiam
1394 3468 1564 3514 contra
1604 3460 1785 3511 Bonae.
1824 3462 1871 3509 et
1909 3456 2084 3508 Sancb.
2120 3452 2263 3508 Mor.
2294 3454 2324 3505 Ι.
2364 3453 2411 3503 l.
2439 3466 2480 3504 0.
2513 3452 2594 3503 12.
2623 3465 2670 3503 n.
2712 3450 2797 3503 23.

325 3548 481 3604 Ratio
507 3555 596 3612 est,
621 3550 734 3616 quia
762 3565 856 3603 non
883 3556 1046 3618 potest
1082 3547 1189 3602 dari
1214 3548 1311 3602 ulla
1338 3546 1465 3600 ratio
1491 3543 1638 3598 buius
1662 3539 1992 3607 obligationis,
2018 3553 2128 3594 cum
2154 3537 2226 3591 illi
2252 3552 2347 3591 non
2375 3536 2471 3590 sint
2499 3534 2682 3589 subditi
2718 3535 2797 3589 vel

327 3634 457 3689 locis
495 3639 574 3689 vel
613 3634 974 3702 Superioribus,
1000 3648 1204 3701 quorum
1240 3635 1363 3685 tales
1401 3633 1534 3695 leges
1571 3633 1799 3693 fuerunt3
1839 3625 2051 3690 ideoque
2088 3623 2184 3677 sint
2223 3629 2363 3676 extra
2403 3636 2576 3674 eorum
2602 3618 2797 3674 iurisdi-

324 3721 564 3775 ctionem.
591 3721 688 3773 Nec
726 3722 889 3774 obstat
929 3722 976 3775 »1.
1016 3734 1101 3773 303
1141 3716 1289 3773 nullis
1328 3713 1603 3784 partialium
1644 3717 1865 3768 locorum
1904 3709 2115 3774 statutiS,
2144 3711 2229 3762 sed
2270 3711 2378 3763 solo
2417 3707 2525 3760 iure
2552 3704 2797 3759 communi

326 3804 508 3871 teneri,
535 3803 649 3871 quia
675 3804 726 3857 id
752 3820 847 3858 non
873 3811 948 3858 est
986 3805 1270 3856 absurdum.
1291 3803 1388 3855 Nec
1415 3804 1464 3853 2.
1491 3801 1624 3867 quod
1662 3796 1790 3862 vagi,
1820 3799 1882 3850 ob
1924 3795 2101 3849 delicta
2141 3792 2368 3856 admissa,
2396 3790 2554 3859 puniri
2581 3789 2795 3857 possint;

324 3895 427 3946 hoc
465 3889 597 3943 enim
633 3890 938 3943 consuetudo
976 3888 1179 3955 recepit,
1205 3901 1267 3940 ne
1304 3888 1489 3940 scelera
1528 3889 1752 3937 maneant
1789 3880 2041 3949 impunita.

444 3973 563 4028 Dixi
593 3977 639 4029 1.
667 3972 1033 4044 regulariter:
1060 3972 1171 4038 quia
1199 3978 1423 4025 tenentur
1461 3968 1751 4036 quibusdam
1781 3966 1997 4031 legibus·
2020 3962 2229 4017 maxime
2255 3975 2459 4027 quarum
2489 3957 2692 4012 violatio
2720 3972 2799 4011 03-

323 4062 476 4114 deret
511 4059 560 4112 in
600 4062 827 4112 damnum
866 4064 915 4112 et
948 4057 1177 4111 iniuriam
1214 4056 1349 4111 illius
1387 4055 1497 4120 loci,
1535 4054 1584 4108 in
1620 4069 1717 4121 quo
1756 4057 2023 4113 morantur,
2057 4055 2107 4102 ut
2145 4047 2289 4101 etiam
2328 4046 2406 4108 iis,
2432 4060 2556 4110 quae
2595 4051 2708 4098 sunt
2735 4045 2798 4096 de

318 4144 664 4199 contractibus
700 4143 1022 4198 celebrandis

423 4288 580 4362 361.
619 4289 681 4355 S.
708 4289 891 4373 Alph.
926 4289 1032 4354 lib.
1074 4290 1131 4352 1.
1166 4309 1225 4352 n.
1258 4287 1403 4353 156.
1440 4285 1636 4350 relata
1670 4281 1979 4347 sententia
2011 4278 2257 4354 Suarez,
2293 4277 2533 4354 scribit3
2570 4301 2604 4334 ‹<
2629 4276 2799 4340 Haec

321 4393 646 4460 sententia
694 4393 790 4457 est
836 4392 990 4456 satis
1037 4390 1401 4475 probabilis3
1453 4389 1558 4452 sed
1606 4384 1985 4471 probabilior
2031 4382 2275 4446 videtur
2307 4380 2591 4454 secunda,
2642 4396 2799 4460 quae

318 4498 506 4576 dicit,
533 4496 839 4562 advenam
871 4514 992 4560 non
1010 4494 1204 4558 teneri
1233 4493 1476 4577 legibus
1508 4491 1648 4569 1001,
1686 4488 1794 4555 11111
1825 4487 2106 4552 moratur
2137 4504 2246 4548 nec
2273 4483 2538 4548 intendit
2571 4481 2800 4546 morari

319 4620 444 4686 per
473 4600 780 4664 maiorem
811 4598 956 4661 anni
988 4599 1227 4680 partem
1257 4622 1319 4659 ».
1353 4594 1564 4672 Addit,
1613 4594 1773 4656 hanc
1805 4588 2177 4654 sententiam
2220 4587 2415 4651 teneri
2461 4606 2497 4650 a
2531 4585 2798 4649 Sanchez
