3529 5158
752 335 859 389 322
1289 343 1486 385 ‘macr
1522 345 1614 384 111.
1650 344 1736 383 mn
1774 342 2052 385 nmmos,
2091 343 2289 385 capm-
2329 343 2367 382 1.
2407 342 2550 383 nnn.
2595 340 2676 383 ιν.
3079 322 3223 398 [ssoe]

753 464 1061 528 quaenam
1094 445 1370 526 potestas
1394 443 1556 506 circa
1587 442 1736 504 haec
1770 441 2064 524 praelatis
2102 439 2408 524 religiosis
2446 438 2780 520 competat,
2813 454 2886 499 ex
2924 434 3222 516 cuiusque

754 547 1000 612 Ordinis
1047 545 1600 610 constitutionibus
1648 542 2003 607 discendum
2050 542 2186 606 erit.
2236 540 2525 605 Ceterum
2558 539 2852 603 audiatur
2889 535 3116 601 Suarez
3149 536 3221 599 de

755 651 909 732 Ley.
944 652 986 714 l.
1023 652 1083 715 3.
1111 670 1161 714 6.
1200 649 1303 713 25.
1346 669 1404 712 11.
1447 649 1508 712 4.
1550 673 1586 705 «
1619 646 1831 728 Neque
1879 646 2147 728 amplius
2196 645 2418 728 probat
2465 643 2813 725 exemplum
2851 640 3219 724 religionum

754 752 892 835 (ubi
939 751 1316 835 praecipitur
1363 751 1478 814 sub
1525 750 1704 834 gravi
1751 749 1919 831 quod
1964 749 2205 812 ratione
2228 747 2527 812 materiae
2563 748 2696 811 leve
2733 743 2930 810 videri
2966 743 3217 826 possit);

753 873 900 918 nam
946 853 1228 918 doctrina
1276 852 1424 917 data
1469 852 1533 915 in
1581 853 1668 916 eis
1714 852 1907 915 etiam
1951 852 2159 914 locum
2192 850 2379 913 habet
2425 848 2499 912 de
2530 846 2895 912 necessitate
2926 844 3221 908 materiae

753 958 993 1042 gravis;
1031 957 1316 1038 quamvis
1335 955 1400 1018 in
1429 955 1575 1030 illis,
1613 956 1865 1037 propter
1897 954 2182 1017 altiorem
2219 951 2406 1015 finem
2431 948 2840 1034 perfectioniS‚
2874 947 3221 1029 frequenter

753 1060 951 1143 possit
1000 1058 1289 1134 accidere,
1318 1059 1392 1121 ut
1438 1077 1534 1120 res
1579 1057 1645 1120 in
1693 1057 1893 1138 specie
1929 1055 2103 1131 levia,
2131 1055 2195 1118 in
2232 1054 2350 1118 tali
2382 1055 2558 1118 statu
2589 1055 2652 1118 et
2685 1051 2896 1116 ordine
2930 1050 3006 1114 ad
3037 1051 3217 1116 finem

755 1162 813 1227 ei
859 1163 1339 1225 consentaneum
1385 1159 1595 1243 gravis
1635 1159 1859 1222 merito
1908 1160 2249 1222 censeatur.

866 1295 982 1346 XX.
1012 1295 1060 1346 3.
1088 1291 1233 1346 Aliud
1263 1300 1407 1354 esset,
1439 1292 1481 1345 si
1513 1291 1715 1344 materia
1755 1290 1877 1343 alias
1918 1289 2041 1342 levis
2079 1293 2213 1343 fleret
2238 1288 2406 1353 gravis
2433 1289 2621 1342 ratione
2648 1287 3137 1349 circumstantiarum,
3166 1295 3218 1341 ut

758 1394 807 1432 v.
834 1393 906 1443 gr.
928 1384 1253 1445 contempluS,
1278 1377 1494 1430 scandali
1532 1375 1691 1442 magni
1720 1375 1834 1429 boni
1861 1375 2147 1438 communis,
2172 1377 2249 1429 vel
2271 1375 2381 1428 finis
2402 1390 2427 1427 a
2451 1375 2731 1439 legislatore
2759 1373 2949 1428 intenti.
2970 1375 3055 1427 Sic
3077 1374 3217 1426 absti-

755 1464 918 1518 nentia
944 1478 972 1515 a
1001 1478 1145 1530 pomo
1172 1462 1220 1515 in
1244 1462 1489 1529 paradise,
1517 1461 1565 1514 in
1599 1476 1651 1514 se
1685 1460 1881 1527 quidem
1910 1474 2078 1527 parva,
2104 1460 2392 1524 gravissima
2434 1465 2593 1513 tamen
2620 1464 2723 1513 erat
2760 1474 2823 1513 ex
2859 1458 3213 1513 circumstantia

756 1550 881 1606 finis.
910 1552 1053 1603 suar.
1081 1552 1113 1603 l.
1142 1551 1191 1602 3.
1218 1563 1262 1602 c.
1292 1552 1375 1604 25.

846 1654 1025 1728 303.
1077 1658 1248 1722 Inter
1293 1659 1406 1722 has
1453 1658 1956 1722 circumstantias
2027 1659 2376 1722 recensetur
2445 1660 2843 1737 contemptus.
2908 1655 3022 1722 Sed
3072 1657 3217 1720 scite

754 1764 968 1826 monet
1013 1780 1061 1825 s.
1097 1761 1282 1843 Alph.
1338 1781 1398 1824 n.
1462 1761 1631 1838 142„
1673 1759 2150 1844 intelligendum
2198 1762 2627 1843 contemptum
2675 1759 2833 1841 {eyia
2875 1758 3211 1839 formalem,

754 1865 887 1941 scil,
927 1864 1174 1946 quando
1222 1864 1641 1928 contemuitur
1687 1863 2014 1946 legislator
2045 1882 2167 1944 qua
2217 1861 2541 1944 leyislator
2572 1867 2683 1940 est,
2717 1883 2824 1928 seu
2857 1863 3212 1938 auctoritas,

755 1985 878 2048 qua
926 1967 1274 2029 arroteritae
1319 1968 1431 2029 est.
1475 1965 1573 2029 Sic
1611 1985 1803 2049 grave
1835 1968 1929 2029 est
1962 1968 2303 2047 peccatum.

848 2067 1033 2132 Secus
1082 2069 1135 2131 si
1181 2070 1615 2132 contemnatur
1662 2087 1757 2131 res
1794 2069 2137 2149 praecepta,
2166 2068 2313 2148 quia
2348 2068 2523 2150 parvi
2555 2069 2927 2133 aestimatur
2958 2072 3070 2134 aut
3102 2089 3211 2133 non

755 2171 919 2235 recte
967 2172 1332 2253 praecepta:
1368 2170 1518 2234 item
1544 2170 1598 2233 si
1623 2170 1762 2250 quis
1802 2187 1922 2232 non
1951 2169 2177 2242 obedit,
2209 2170 2354 2251 quia
2389 2170 2748 2255 indignatus
2796 2173 2893 2236 est
2931 2172 3213 2237 adversus

754 2274 1167 2357 superiorem:
1203 2273 1258 2336 si
1289 2275 1646 2337 contemnat
1694 2272 2093 2353 superiorem,
2121 2292 2244 2353 qua
2279 2273 2603 2354 peculiaris
2637 2277 2731 2338 est
2762 2292 3042 2356 persona,
3077 2274 3212 2356 quia

753 2398 812 2440 v.
853 2398 946 2461 gr.
983 2376 1268 2440 indoctus
1302 2375 1609 2450 videatur,
1645 2374 2021 2456 imprudens,
2058 2374 2265 2438 minus
2298 2374 2652 2451 benevolus,
2694 2379 2983 2441 austerus
3015 2380 3126 2442 etc.

847 2478 1007 2541 Hinc
1053 2498 1125 2542 ex
1171 2478 1308 2540 DD.
1349 2476 1657 2541 sententia
1707 2476 2022 2540 concludit
2073 2495 2121 2540 s.
2170 2477 2375 2558 Alph.,
2428 2497 2567 2542 raro
2616 2478 2973 2563 contingere
3021 2498 3213 2563 pecea-

758 2584 896 2645 tum
945 2581 1208 2644 mortale
1254 2579 1498 2644 ratione
1532 2579 1945 2661 contemptus
1996 2581 2261 2662 exceptis
2308 2579 2404 2655 iis,
2455 2581 2563 2662 qui
2610 2582 2889 2645 animum
2926 2586 3211 2666 perpetuo

755 2686 1186 2748 contumacem
1221 2701 1292 2745 ac
1325 2681 1613 2746 rebellem
1639 2682 1872 2744 habent
1897 2681 2190 2746 adversus
2216 2684 2559 2764 quamlibet
2582 2686 2980 2766 potestatem.
3007 2685 3209 2765 Quoad

757 2785 914 2848 alias
962 2784 1234 2848 rationes
1281 2784 1491 2867 gravis
1539 2783 1775 2865 culpae,
1810 2783 1997 2848 habes
2033 2805 2088 2847 v.
2130 2806 2224 2869 gr.
2271 2785 2611 2850 fracturam
2658 2788 2983 2853 clausurae
3031 2790 3207 2853 etiam

756 2886 976 2963 levem,
1012 2885 1110 2948 cui
1157 2884 1407 2948 adnexa
1455 2889 1547 2947 est
1591 2887 2179 2949 excomnmem'eatio:
2231 2890 2366 2951 tum
2414 2888 2654 2953 ratione
2701 2889 2994 2953 scandali
3041 2890 3207 2955 verba

755 3010 813 3053 v.
849 3010 941 3074 gr.
976 2987 1182 3052 minus
1214 2988 1434 3071 pudica
1469 2989 1532 3051 in
1568 3008 1669 3053 ore
1716 2989 2069 3067 sacerdotis,
2106 2993 2244 3054 tum
2292 2990 2438 3054 honi
2473 2994 2811 3056 communis
2840 3014 2896 3057 v.
2930 3014 3024 3078 gr.
3061 3012 3210 3057 men-

754 3094 928 3157 dacia
964 3092 1025 3156 in
1060 3092 1365 3174 episcopo,
1401 3092 1465 3154 in
1504 3091 1704 3155 iudice
1738 3093 1896 3155 etc...

836 3238 976 3291 xxl.
1007 3237 1054 3290 4.
1083 3236 1290 3303 Quando
1318 3231 1519 3288 materia
1543 3241 1618 3287 esl
1636 3234 1819 3299 gravis,
1848 3241 2009 3301 potest
2036 3235 2262 3301 Superior
2288 3236 2570 3304 praecipere
2597 3241 2687 3291 sub
2715 3240 2856 3305 culpa
2886 3246 3071 3293 tantum
3094 3237 3209 3304 levi;

762 3323 877 3390 quia
904 3323 1031 3377 sicut
1058 3329 1220 3389 potest
1246 3324 1379 3375 nullo
1410 3323 1555 3374 modo
1582 3320 1819 3387 obligare,
1846 3336 1941 3374 non
1963 3321 2403 3388 praecipiendo‚ita
2422 3323 2566 3377 etiam
2594 3333 2753 3391 potest
2781 3325 3001 3390 obligare
3026 3330 3115 3381 sub
3141 3341 3210 3378 ve-

755 3407 872 3460 niali
914 3414 1116 3461 tanturn.
1151 3408 1221 3459 lta
1260 3408 1399 3458 Suar.
1427 3407 1563 3458 Less.
1588 3408 1617 3457 l.
1646 3421 1688 3459 6.
1717 3412 1883 3459 contra
1912 3407 2061 3470 Vasq.

844 3523 1026 3598 304.
1077 3526 1397 3591 Sententia
1443 3528 1517 3590 A.
1566 3546 1687 3592 non
1746 3528 1983 3609 placuit
2053 3526 2444 3608 quibusdam,
2494 3549 2651 3612 quos
2697 3530 2886 3597 refert
2935 3554 2983 3597 s.
3034 3533 3205 3615 Alph.

755 3651 813 3694 n.
856 3630 1024 3705 143„
1062 3630 1170 3710 qui
1217 3629 1504 3692 dicebant
1551 3630 1931 3713 gravitatem
1981 3630 2381 3713 obligationis
2430 3651 2551 3696 non
2598 3634 2858 3715 pendere
2905 3656 2977 3700 ex
3011 3637 3212 3701 volun-

754 3734 886 3796 tate
935 3731 1287 3816 superioriS,
1337 3731 1442 3795 sed
1490 3751 1560 3795 ex
1607 3732 1921 3816 gravitate
1968 3734 2285 3797 materiae.
2335 3734 2577 3799 Horum
2611 3739 2983 3802 sententiam
3010 3742 3209 3804 autem

755 3835 1106 3919 plenissime
1155 3833 1388 3898 refutat
1436 3836 1496 3897 et
1545 3853 1797 3915 prorsus
1846 3834 2089 3918 egregie
2123 3833 2345 3900 Suarez
2380 3836 2452 3899 de
2486 3837 2702 3919 Leye’b.
2728 3840 2835 3903 lib.
2865 3842 2926 3904 3.
2954 3862 3085 3925 cap.
3112 3840 3205 3904 27.

758 3939 863 4003 ubi
910 3939 1070 4002 inter
1125 3937 1248 4001 alia
1298 3936 1570 4001 ostendit
1616 3935 1847 3999 falsum
1894 3956 2024 4000 esse
2074 3938 2342 4013 omnino,
2393 3941 2771 4023 gravitatem
2820 3942 3206 4027 obligationis

755 4060 876 4105 non
925 4039 1183 4123 pendere
1231 4058 1266 4102 a
1317 4038 1640 4103 voluntate
1691 4036 2056 4120 Superioris.
2092 4038 2254 4103 Nam
2284 4041 2391 4104 ubi
2424 4042 2635 4126 agitur
2666 4043 2739 4108 de
2771 4064 2855 4123 re,
2892 4065 3051 4127 quae
3081 4044 3205 4108 ideo

755 4144 959 4207 solum
1006 4144 1099 4205 est
1145 4141 1334 4219 mala,
1386 4140 1532 4222 quia
1581 4140 1961 4223 prohibetur,
2016 4142 2315 4225 obligatio
2365 4145 2460 4207 est
2507 4144 2755 4210 effectus
2802 4149 3076 4225 moraliS,
3110 4144 3207 4228 qui

757 4264 792 4308 a
841 4244 971 4307 sola
1021 4243 1354 4326 superioris
1403 4243 1728 4307 voluntate
1763 4243 1911 4307 oriri
1945 4245 2151 4325 potest
2184 4247 2247 4308 et
2278 4244 2413 4310 ideo
2447 4247 2499 4310 si
2533 4247 2693 4311 desit
2724 4250 2873 4313 haec
2906 4251 3203 4321 voluntas,

754 4346 926 4409 nulla
961 4349 1054 4409 est
1088 4345 1390 4430 obligatio
1439 4348 1501 4409 et
1541 4345 1851 4409 obiectum
1885 4346 2012 4409 sive
2046 4348 2309 4411 materia
2342 4348 2416 4412 fit
2447 4350 2627 4432 plane
2650 4350 3018 4417 indifferens,
3052 4352 3206 4435 Ergo

755 4448 863 4512 ubi
909 4447 1077 4511 deest
1109 4448 1399 4512 voluntas
1425 4448 1758 4530 superioris
1786 4447 2100 4531 obligandi
2139 4449 2255 4513 sub
2279 4451 2477 4533 gravi,
2513 4452 2683 4517 nulla
2722 4457 3000 4537 superest
3031 4472 3206 4520 causa

757 4550 1157 4633 obligationis
1197 4550 1424 4631 gravis.
