3529 5158
1012 372 1099 411 nn
1137 372 1659 416 monumen-rona
1695 372 1876 415 nmis
1913 373 2307 415 romu-rems
2780 355 2904 412 709·

445 463 646 544 prima
671 466 908 550 opinio;
935 469 1049 532 aut
1070 468 1387 551 loquimur
1406 470 1471 534 in
1495 468 1955 537 Constitutione
1978 472 2186 554 Papae
2216 472 2280 535 et
2309 470 2584 554 procedit
2607 469 2889 536 secunda.

444 562 631 632 Ratio
656 568 1070 647 diversitatis;
1104 570 1252 653 quia
1282 573 1629 655 Imperator
1673 574 1966 639 discurrit
1986 593 2094 657 per
2124 574 2488 656 provincias,
2521 591 2645 636 non
2683 574 2894 639 autem

438 666 527 729 sic
551 667 740 752 Papa.
766 668 1026 745 Dubito,
1050 692 1138 735 an
1166 670 1278 737 hoc
1300 672 1533 737 dictum
1561 676 1650 739 sit
1676 696 1907 750 verum,
1932 676 2084 757 quia
2106 694 2244 738 cum
2274 676 2376 737 ius
2405 673 2583 737 civile
2607 693 2893 754 expresse

436 765 610 833 dabat
641 770 717 835 de
749 776 1012 854 tempore
1032 773 1485 854 publicationis
1509 778 1581 840 in
1598 778 1934 858 provincia
1961 777 2151 842 etius
2180 776 2546 841 canonicum
2574 796 2702 840 non
2725 775 2897 841 dicat

436 874 814 951 opposiwm:
846 875 1127 959 quinimo
1171 877 1246 942 de
1289 878 1423 943 iure
1467 880 1759 945 canonico
1808 880 1971 963 quod
2016 878 2178 944 idem
2225 879 2327 954 sit,
2379 878 2614 942 adduco
2657 878 2892 945 bonum

434 972 676 1040 textum
706 977 770 1041 in
802 977 861 1042 d.
888 997 1021 1061 cap.
1053 981 1111 1043 1.
1136 978 1211 1043 de
1240 979 1422 1045 Post.
1448 979 1724 1060 praelat.
1750 983 1816 1047 et
1850 983 1913 1047 in
1946 1002 1997 1046 c.
2034 980 2214 1062 Quod
2245 980 2455 1044 dicitis
2482 982 2584 1045 14.
2611 980 2754 1046 dist.
2786 981 2887 1044 16.

434 1077 497 1139 et
541 1078 709 1143 soleo
757 1079 1045 1147 inducere
1087 1084 1329 1148 textum
1375 1083 1438 1148 in
1485 1083 1649 1150 dicto
1681 1104 1813 1167 cap.
1852 1086 1910 1148 1.
1946 1084 2023 1148 ad
2070 1083 2472 1167 probandum,
2505 1082 2670 1165 quod
2718 1102 2893 1166 supe-

429 1177 559 1244 rius
605 1180 750 1258 dixi,
785 1183 948 1264 quod
997 1181 1380 1250 Constitutio
1427 1185 1589 1269 ligat
1634 1186 1895 1251 scientes
1942 1187 2084 1250 ante
2116 1186 2271 1251 duos
2309 1204 2576 1261 menses3
2612 1186 2689 1249 ad
2725 1185 2888 1250 idem

429 1282 549 1362 (sc.
578 1281 766 1367 facit)
799 1305 850 1350 c.
884 1285 1292 1367 Proposuisti
1311 1287 1374 1351 in
1406 1288 1511 1352 fin.
1543 1287 1686 1352 dist.
1723 1289 1829 1352 82.
1862 1313 1923 1352 ».

513 1382 690 1464 Quae
722 1389 1057 1473 subscripsi
1081 1414 1117 1448 α
1138 1387 1400 1464 Dubito,
1424 1411 1511 1453 an
1540 1389 1650 1454 hoc
1687 1390 1920 1454 dictwm
1949 1391 2039 1454 sit
2064 1410 2278 1455 verum
2300 1392 2414 1455 etc.
2442 1416 2502 1465 ι»,
2523 1392 2671 1456 sunt
2699 1390 2886 1454 verba

424 1484 556 1563 illa,
582 1507 741 1570 quae
772 1490 1052 1575 allegant
1083 1510 1192 1574 pro
1226 1511 1289 1556 se
1321 1491 1595 1574 quidam,
1619 1494 1696 1556 ut
1726 1493 2031 1569 evincant,
2057 1493 2365 1557 Abbatem
2397 1492 2579 1556 dubie
2601 1494 2719 1556 hoc
2748 1493 2884 1557 loco

422 1586 613 1667 loqui.
633 1590 751 1654 Sed
776 1611 898 1657 non
931 1594 1085 1657 satis
1119 1595 1423 1658 accurate.
1450 1593 1614 1658 Nam
1643 1594 1887 1658 diversa
1918 1614 2168 1676 prorsus
2193 1596 2477 1675 quaestio
2508 1594 2644 1659 heic
2676 1594 2887 1678 agitur

429 1690 494 1754 et
524 1689 900 1774 disputatur,
937 1713 1016 1758 an
1040 1696 1193 1758 ‘ante
1237 1695 1485 1777 lapsum
1514 1694 1781 1760 duorum
1812 1695 2116 1759 mensium
2163 1697 2304 1777 quis
2335 1695 2529 1777 leyem
2561 1697 2882 1776 iynorans,

424 1791 659 1875 ligetur
704 1810 786 1857 An
833 1809 1107 1869 Possm,
1140 1796 1195 1860 si
1228 1793 1610 1861 Constitutio
1656 1796 1768 1860 1113
1814 1797 2214 1880 promulgata
2246 1797 2332 1861 sit
2376 1798 2580 1863 solum
2626 1798 2882 1862 Romae.

426 1892 599 1973 Quae
646 1897 929 1979 quaestio
978 1898 1135 1963 nihil
1170 1898 1361 1963 habet
1404 1916 1727 1964 commune
1758 1919 1902 1964 cum
1939 1901 2170 1975 nostra,
2206 1918 2284 1963 an
2331 1903 2474 1965 ante
2520 1900 2884 1983 publicatio-

422 2015 564 2061 nem
594 1997 660 2062 in
692 1998 1020 2065 Provincia
1050 2000 1149 2065 lex
1178 2000 1409 2065 habeat
1427 2020 1550 2080 per
1568 2021 1635 2064 se
1667 2002 1800 2065 vim
1831 2001 2289 2085 obligatoriam.
2316 2002 2661 2066 Diversitas
2693 2021 2882 2084 quae-

419 2098 696 2165 stionum
726 2100 868 2165 inde
914 2101 1107 2167 etiam
1153 2103 1347 2185 patet,
1382 2102 1547 2185 quod
1577 2103 1787 2167 Abbas
1820 2102 2153 2180 contendit,
2189 2106 2351 2167 certe
2390 2103 2584 2185 liyari
2619 2104 2881 2169 seientes

418 2203 636 2265 statim
678 2223 754 2268 ac
798 2206 1027 2282 sciunt,
1077 2205 1450 2287 ubicumque
1496 2203 1744 2269 demum
1791 2205 2108 2288 publicata
2129 2206 2242 2270 ‘lex
2286 2206 2501 2269 fuerit:
2551 2225 2622 2270 ex
2666 2206 2880 2271 nostra

360 2319 369 2328 ·
428 2306 640 2369 autem
684 2307 1046 2388 quaestione
1091 2326 1215 2372 non
1249 2307 1674 2391 obligarentur
1707 2308 1972 2371 scientes
2007 2308 2127 2372 nisi
2162 2309 2306 2390 post
2335 2308 2566 2372 factam
2603 2308 2881 2390 promul-

418 2408 741 2490 gationem
785 2409 1122 2474 solemnem
1165 2409 1230 2473 in
1276 2409 1611 2492 provincia.

508 2510 569 2572 6.
589 2509 762 2575 Haec
783 2510 1230 2576 confirmantur
1251 2511 1597 2576 luculenter
1623 2530 1695 2575 ex
1728 2512 1826 2587 iis,
1855 2531 2014 2594 quae
2044 2512 2272 2577 ibidem
2293 2512 2504 2577 Abbas
2527 2513 2614 2576 sic
2637 2512 2875 2577 subdit:

418 2637 454 2670 ⁴<
503 2612 599 2678 Ad
646 2615 925 2691 tertium,
974 2634 1054 2678 an
1109 2617 1544 2697 praesumatur
1588 2615 1847 2681 scientia
1894 2613 2374 2681 Constitutionis
2428 2618 2571 2699 post
2628 2616 2883 2699 lapsum

412 2714 683 2782 duorum
729 2717 1055 2795 mensium,
1089 2716 1315 2794 decide,
1349 2718 1424 2781 ut
1454 2717 1773 2802 colligitur
1804 2737 1874 2782 ex
1922 2718 2310 2801 supradictis
2345 2717 2509 2781 Nam
2539 2718 2604 2781 in
2635 2717 2878 2784 Consti-

410 2820 657 2885 tutione
702 2820 1038 2898 Inferioris,
1086 2822 1330 2904 tempus
1376 2824 1811 2905 praesumptae
1858 2822 2150 2887 scientiae
2196 2824 2291 2887 est
2337 2822 2738 2886 arbitrarium
2785 2842 2872 2887 se-

408 2921 682 2986 cundum
729 2922 851 2987 loci
909 2921 1349 3003 quantitatem,
1397 2941 1587 3004 quam
1632 2923 1823 2988 habet
1874 2922 2294 3009 distinguere;
2343 2942 2488 2987 nam
2548 2925 2870 2989 viciniores

412 3023 599 3088 citius
647 3024 1131 3106 praesumuntur
1176 3023 1348 3106 scire,
1383 3024 1551 3089 utin
1589 3044 1720 3108 cap.
1767 3025 2078 3105 Quosdam
2115 3028 2179 3089 et
2221 3026 2284 3089 in
2323 3044 2454 3107 cap.
2499 3025 2764 3103 Quanto,
2798 3025 2872 3089 de

408 3123 920 3205 Praesumption.
956 3126 1028 3189 In
1059 3123 1524 3191 Constitutione
1561 3128 1964 3210 Imperatoris
1994 3126 2412 3209 praesumitur
2442 3126 2697 3190 scientia
2729 3129 2871 3209 post

408 3226 565 3291 duos
596 3245 836 3292 menses
868 3247 905 3291 a
942 3229 1219 3311 tempore
1249 3227 1689 3311 publicationis
1719 3228 1922 3292 factae
1953 3230 2017 3292 in
2047 3229 2380 3311 provincia,
2421 3232 2495 3293 ut
2526 3229 2590 3292 in
2622 3229 2714 3292 (1.ιι
2744 3231 2871 3294 Au-

409 3329 685 3394 thentica
721 3328 808 3396 Ut
836 3328 1041 3408 factae
1072 3349 1264 3394 novae
1297 3328 1785 3394 Constitutione-s
1815 3333 1930 3395 etc.
1965 3330 2136 3395 Idem
2167 3331 2427 3396 dicerem
2459 3333 2523 3395 in
2556 3329 2871 3396 Constitu-

409 3431 580 3495 tione
603 3431 810 3515 Papae
832 3434 1119 3515 respectu
1142 3432 1525 3509 Provinciae,
1542 3433 1606 3496 in
1631 3451 1754 3514 qua
1779 3432 2151 3515 publicatur.
2177 3431 2241 3497 Si
2275 3435 2484 3498 autern
2516 3434 2870 3517 publicatur

408 3533 664 3611 Romae,
704 3535 968 3600 dicerem
1007 3538 1244 3615 tempus
1286 3533 1421 3615 fore
1465 3535 1882 3598 arbitrarium
1898 3556 1921 3598 .·
1959 3555 2100 3599 cum
2147 3535 2372 3600 durum
2418 3537 2501 3600 sit
2547 3536 2866 3601 extendere

404 3636 583 3701 illam
627 3637 1072 3704 Anthenticam
1120 3637 1198 3702 ad
1229 3636 1756 3702 Constitutionem
1785 3638 1992 3720 Papae
2024 3637 2259 3702 Romae
2305 3638 2633 3704 dumtaxat
2662 3639 2867 3722 publi-

408 3741 651 3805 catam:
692 3760 836 3806 cum
866 3740 1096 3805 habeat
1132 3739 1512 3824 distinguere
1545 3759 1753 3805 omnes
1786 3740 2131 3823 provincias
2165 3740 2437 3804 universi
2484 3742 2549 3805 et
2577 3741 2665 3805 sic
2708 3740 2869 3804 limi-

404 3845 605 3908 tarem
636 3844 873 3908 dictum
906 3842 1156 3908 Ioannis
1186 3842 1466 3908 Andreae
1496 3842 1989 3926 praeallegatum
2021 3868 2082 3905 ».

493 3945 659 4031 Ergo
690 3947 867 4029 patet
903 3944 1248 4023 manifeste,
1281 3944 1447 4027 quod
1476 3944 1685 4009 Abbas
1716 3963 1839 4008 non
1885 3944 2078 4027 exigit
2112 3944 2589 4027 publicationem
2621 3945 2686 4008 in
2717 3944 2865 4009 Pro-

402 4049 625 4127 vincia,
652 4049 728 4113 ut
757 4049 855 4113 lex
885 4049 971 4112 sit
1000 4048 1066 4112 in
1096 4064 1161 4112 se
1186 4046 1587 4131 obligatoria;
1621 4045 1686 4110 id
1718 4047 1881 4110 enim
1912 4047 2116 4111 valere
2147 4046 2316 4123 dicit,
2352 4047 2597 4112 etiamsi
2628 4047 2862 4110 Romae

400 4151 604 4216 solum
649 4150 1103 4235 promulgetur.
1137 4149 1275 4214 Hoc
1310 4167 1505 4212 unum
1535 4148 1597 4211 in
1644 4148 1760 4212 hac
1807 4148 2136 4232 hypothesi
2179 4167 2526 4232 congruum
2558 4149 2863 4230 aequitati

403 4254 605 4335 putat,
624 4254 699 4318 ut
728 4256 999 4336 tempuS,
1023 4270 1147 4333 quo
1179 4251 1472 4336 ignorans
1507 4249 1584 4316 ad
1608 4268 1869 4332 poenam
1891 4249 2147 4333 ligatur,
2175 4250 2258 4314 sit
2290 4250 2619 4332 prudenter
2649 4269 2864 4315 conve-

403 4353 577 4417 niens
599 4353 938 4419 distantiae
960 4353 1346 4419 diversarum
1369 4351 1845 4435 provinciarum.
1870 4351 2036 4434 Ergo
2060 4351 2215 4415 nihil
2238 4351 2447 4416 Abbas
2470 4352 2677 4428 habet,
2697 4352 2862 4434 quod

404 4454 721 4521 doctrinae
750 4458 1003 4520 nostrae
1034 4454 1412 4532 adversetur,
1447 4453 1551 4519 sed
1588 4453 1714 4517 imo
1745 4453 1946 4535 ipsam
1977 4453 2385 4518 certissimam
2417 4454 2729 4537 supponit.

492 4558 551 4622 7.
586 4557 848 4623 Antonii
879 4558 953 4622 de
986 4557 1209 4622 Butrio
1243 4557 1568 4622 sententia.
1602 4556 1781 4621 Hanc
1817 4556 2132 4639 explorare
2166 4574 2383 4639 operae
2414 4557 2684 4640 pretium
2730 4560 2857 4635 est3
