3529 5158
1114 354 1202 395 mr
1235 353 1445 397 mm
1478 353 1527 396 s.
1564 351 1870 395 ilamensi
1905 350 2035 393 mc.
2703 336 2811 392 645

444 451 547 515 18.
587 450 669 515 Et
698 470 845 516 sane
882 451 1165 534 superius
1195 471 1256 515 6.
1292 451 1352 515 5.
1392 469 1441 515 s.
1474 451 1811 519 Doctorem
1839 448 2109 515 vidimus
2141 450 2574 528 affirmantem,
2616 449 2805 514 teneri

353 570 466 617 nos
498 553 576 618 ad
606 552 981 635 sequendam
1019 553 1369 636 opinionem
1399 554 1562 618 certe
1590 551 2068 635 probabiliorem
2101 569 2211 634 pro
2242 551 2396 634 lege.

436 655 525 720 At
552 674 698 721 vero
732 675 867 721 6666
898 675 949 721 6.
989 657 1324 721 Doctorem
1353 655 1547 719 cernis
1579 654 1737 721 hanc
1771 654 2214 737 obligationem
2238 672 2483 737 negare,
2508 652 2658 716 dum
2689 654 2808 736 pri·

354 758 584 822 stinam
616 760 843 824 thesim
879 757 1169 824 defendit.
1203 758 1305 822 Ita
1335 758 1466 841 ipse
1496 755 1737 823 dissert.
1774 775 1915 821 ann.
1954 757 2143 820 1755.
2183 776 2243 821 6.
2285 756 2426 819 21.:
2467 782 2501 812 «
2533 756 2687 820 Peto
2727 756 2805 821 ab

347 858 733 931 adversariis.
768 862 844 924 ut
877 860 1168 938 indicent,
1217 859 1271 925 si
1316 861 1595 942 possunt,
1646 859 1900 923 ubinam
1945 858 2240 940 scriptam
2286 858 2444 921 hanc
2479 858 2679 942 legem
2717 858 2806 922 in-

347 963 642 1037 venerint,
669 963 837 1045 quod
867 965 1191 1028 teneamur
1219 962 1381 1028 inter
1412 962 1731 1045 opiniones
1751 961 2100 1045 probabiles
2124 961 2566 1044 probabiliores
2588 961 2804 1044 sequi?

344 1063 516 1129 Haec
536 1065 635 1128 lex
658 1064 927 1147 quidem,
949 1066 1137 1148 prout
1171 1065 1557 1141 universalis,
1583 1064 1832 1128 deberet
1863 1063 2148 1129 omnibus
2173 1082 2303 1128 esse
2325 1066 2477 1129 nota
2507 1066 2570 1128 et
2601 1066 2796 1139 certa3

343 1168 413 1229 at
443 1154 753 1248 quomodo
785 1167 997 1251 potest
1022 1169 1146 1232 ista
1181 1167 1280 1232 lex
1309 1167 1428 1231 diei
1460 1170 1648 1239 certa,
1681 1185 1825 1231 cum
1855 1166 2199 1231 communis
2234 1167 2540 1232 sententia
2577 1168 2801 1231 Docto-

337 1287 499 1345 rum,
533 1270 756 1334 saltem
801 1270 1003 1334 maior
1048 1289 1261 1335 eorum
1308 1288 1470 1352 pars,
1520 1270 1662 1352 post
1706 1269 1956 1332 tantum
2003 1287 2274 1345 examen,
2325 1267 2608 1332 absolute
2639 1288 2798 1333 asse-

336 1372 501 1447 rant,
550 1371 707 1436 hanc
752 1371 952 1455 legem
1001 1390 1125 1436 non
1155 1371 1412 1439 adesse?
1444 1370 1806 1452 Usquedum
1850 1370 2047 1454 igitur
2092 1370 2166 1434 de
2211 1371 2328 1435 tali
2373 1371 2509 1455 lege
2554 1370 2797 1435 dubita-

334 1476 459 1545 tur,
509 1474 716 1557 opinio
762 1473 929 1555 quod
974 1473 1140 1539 adsit
1169 1474 1292 1539 ista
1338 1474 1435 1538 lex
1481 1473 1776 1555 sequendi
1818 1472 2256 1556 probabiliora,
2290 1474 2574 1555 quamvis
2607 1474 2794 1541 alicui

334 1575 621 1640 videatur
670 1576 1066 1659 probabilior,
1117 1595 1434 1658 nunquam
1471 1579 1681 1641 tamen
1711 1576 1812 1641 lex
1841 1575 1962 1639 dici
2009 1577 2257 1657 poterit,
2291 1576 2395 1640 sed
2429 1576 2793 1659 appellanda

328 1677 452 1741 erit
485 1696 656 1741 mera
704 1677 977 1760 opinio...
1011 1677 1259 1742 fallibili
1302 1677 1540 1742 motivo
1588 1676 1871 1753 deducta,
1906 1696 2064 1758 quae
2103 1678 2229 1741 vim
2259 1696 2649 1759 nequaquam
2687 1679 2790 1744 ha-

327 1779 455 1856 bet,
493 1781 565 1844 ut
601 1780 716 1856 lex,
752 1779 1070 1863 obligandi
1098 1805 1159 1843 ».
1194 1781 1291 1845 An
1326 1780 1703 1863 putabimuS,
1740 1799 1789 1844 s.
1829 1780 2162 1845 Doctorem
2194 1779 2352 1844 hanc
2387 1780 2588 1863 legem
2619 1780 2788 1845 dein-

321 1901 467 1965 ceps
510 1883 857 1948 invenisse?

420 1983 503 2047 Et
538 2003 753 2050 rursus
784 1986 931 2063 ibid,
966 2007 1026 2050 6.
1061 1986 1205 2051 33.:
1238 2011 1274 2044 α
1299 1986 1479 2050 Ι)1666
1510 1984 1719 2050 adesse
1752 1985 1943 2051 aliam
1979 1985 2179 2067 legem
2223 1985 2592 2068 generalem,
2626 2005 2785 2068 quae

318 2086 502 2150 iuxta
548 2087 759 2152 lumen
807 2090 1069 2152 naturae
1117 2088 1357 2172 obligat
1413 2087 1490 2151 ad
1545 2088 1962 2170 probabiliora
2016 2087 2342 2169 sequenda.
2392 2087 2508 2152 Sed
2553 2088 2783 2155 iterum

316 2208 506 2274 rogo:
544 2191 636 2255 De
683 2192 798 2256 hac
846 2192 971 2257 alia
1020 2191 1357 2256 universali
1402 2191 1557 2275 lege,
1607 2210 1764 2271 quae·
1809 2192 2016 2271 qratis
2059 2191 2451 2270 supponitur,
2490 2192 2598 2255 ubi
2643 2193 2787 2257 scri-

318 2293 501 2375 ptum
548 2294 683 2357 est?
732 2293 1055 2359 Undenam
1100 2293 1424 2359 scientiam
1470 2294 1601 2358 eius
1649 2293 1967 2371 habemuS,
2016 2313 2159 2358 cum
2201 2294 2495 2372 16116666,
2529 2296 2602 2359 111
2632 2294 2782 2359 dixi-

322 2412 486 2469 mus,
534 2395 743 2475 potius
789 2397 1112 2469 suadeant,
1159 2396 1318 2460 hanc
1362 2396 1562 2479 legem
1592 2414 1716 2460 nou
1763 2398 2036 2471 exstare3
2086 2397 2448 2479 praesertim
2479 2399 2625 2477 quia
2656 2417 2777 2463 non

324 2496 746 2578 praesumitur
779 2499 945 2563 Deus
976 2498 1248 2563 voluisse
1277 2498 1633 2563 hominibus
1663 2499 1977 2582 imponere
2009 2498 2168 2563 hanc
2198 2499 2593 2564 durissimam
2632 2500 2781 2565 obli·

316 2598 638 2682 gationem
669 2601 960 2682 sequendi
990 2620 1230 2684 semper
1267 2601 1583 2684 opiniones
1613 2602 2078 2685 probabiliores,
2111 2604 2290 2667 tanto
2322 2622 2464 2668 cum
2501 2622 2681 2668 onere
2712 2607 2776 2669 et

310 2700 585 2783 periculo
632 2703 875 2768 errandi
919 2702 1265 2769 formaliter
1293 2704 1392 2769 vel
1440 2705 1517 2770 ob
1555 2705 1951 2770 omissionem
1997 2705 2238 2770 debitae
2284 2705 2644 2790 diligentiae
2675 2708 2772 2772 vel

314 2802 394 2867 ob
426 2802 976 2870 hallucinationem
1022 2807 1366 2889 passionis?
1402 2832 1437 2867 »

408 2902 741 2972 Concludit
763 2908 1016 2990 proinde
1048 2927 1096 2973 s.
1132 2911 1367 2974 Doctor
1396 2910 1544 2975 ibid.
1577 2932 1637 2975 6.
1672 2912 1813 2975 41.:
1847 2937 1882 2970 «
1901 2912 2478 2978 Probabilissimum
2509 2916 2622 2988 est,
2649 2933 2770 2980 non

316 3008 528 3074 adesse
560 3010 717 3075 hanc
740 3011 941 3095 legem
966 3013 1257 3095 sequendi
1280 3014 1695 3096 probabiliora
1720 3039 1782 3076 ».
1810 3015 1890 3079 Et
1923 3035 2135 3080 rursus
2169 3016 2313 3079 ibid.
2341 3037 2400 3079 n.
2430 3018 2570 3090 52.;
2605 3041 2640 3074 «
2664 3016 2769 3080 Di-

312 3110 531 3194 6116116,
570 3113 735 3195 qnod
767 3116 979 3179 nostra
1012 3117 1338 3191 sententia,
1378 3134 1594 3197 nempe
1630 3115 1798 3196 quod
1835 3115 2022 3178 liceat
2047 3118 2223 3196 sequi
2252 3118 2601 3195 opinionem
2617 3137 2767 3195 pro-

310 3212 580 3278 babilem
596 3235 720 3295 pro
756 3215 1062 3290 libertate,
1102 3217 1327 3282 relicta
1357 3216 1799 3296 probabiliori,
1848 3220 1943 3280 est
1987 3217 2170 3300 longe
2216 3217 2593 3300 probabilior
2637 3220 2766 3283 sive

306 3317 823 3399 probabilissima,
858 3320 984 3384 imo
1015 3320 1337 3384 moraliter
1381 3338 1487 3384 seu
1535 3320 1665 3384 lato
1712 3319 1897 3383 modo
1945 3321 2132 3383 certa
2166 3319 2236 3383 Id
2268 3322 2442 3402 patet
2473 3340 2544 3385 ex
2576 3340 2763 3404 argu-

302 3421 530 3486 mentis
562 3441 751 3505 supra
782 3423 1139 3506 expositis...
1172 3422 1344 3487 Adde
1374 3422 1471 3486 his
1504 3424 1944 3506 argumentum
1975 3421 2432 3504 potissimum...
2467 3423 2760 3488 nimirum

302 3523 470 3603 quod
516 3524 572 3588 si
617 3525 922 3588 sententia
968 3524 1233 3609 benigna
1280 3523 1499 3589 fuisset
1542 3524 1721 3599 falsa,
1760 3524 2014 3589 minime
2060 3524 2308 3606 quidem
2353 3528 2762 3594 communiter

303 3643 340 3688 a
365 3626 741 3692 Doctoribus
772 3626 993 3692 fuisset
1022 3627 1293 3710 undique
1321 3629 1585 3710 recepta,
1612 3628 1686 3691 ut
1709 3646 1921 3692 revera
1945 3630 2187 3711 recepta
2218 3629 2359 3704 fuit,
2394 3632 2507 3694 aut
2536 3631 2760 3696 saltem

300 3725 576 3793 Ecclesia
608 3747 746 3793 eam
775 3747 899 3795 666
930 3729 1277 3807 tolerasset,
1311 3729 1721 3811 permittendo
1753 3730 1918 3812 quod
1943 3731 2184 3796 animae
2215 3736 2624 3797 communiter
2653 3753 2760 3815 per

300 3828 462 3894 hanc
497 3830 860 3913 perditionis
884 3832 1071 3909 viam,
1107 3832 1180 3895 ut
1217 3831 1551 3896 adversarii
1583 3833 1928 3910 clamitant,
1956 3853 1992 3898 a
2017 3834 2250 3898 talibus
2273 3835 2468 3898 caecis
2500 3834 2758 3899 ducibus

302 3931 593 4015 deceptae
631 3934 1044 4000 incederent...
1083 3934 1253 3999 Haec
1285 3936 1654 4018 argumenta
1684 3935 1801 4015 (ibi
1837 3935 2069 3999 scilieet
2101 3936 2465 4018 praemissa)
2511 3937 2757 4021 singula

297 4033 548 4115 quidem
585 4036 797 4100 valent
827 4034 1261 4101 certitudinem
1291 4038 1539 4101 nostrae
1575 4037 1915 4101 sententiae
1948 4037 2296 4114 ostendere3
2332 4040 2510 4104 tanto
2549 4040 2752 4123 magis

288 4137 481 4202 simul
514 4137 727 4203 iuncta
760 4164 821 4202 ».

378 4243 471 4307 En
507 4244 720 4327 itaque
744 4264 793 4309 6.
820 4247 1153 4311 Ι)66161·616
1185 4246 1564 4311 validissime
1586 4265 1767 4311 suam
1791 4247 1985 4329 ipsius
2010 4248 2236 4314 thesim
2258 4250 2748 4335 impugnantem,

287 4347 343 4410 si
392 4348 723 4428 utramque
769 4348 997 4414 thesim
1044 4349 1225 4413 obvio
1271 4368 1475 4426 sensu,
1524 4350 1801 4432 spectato
1849 4352 2098 4416 tantum
2143 4353 2470 4417 verborum
2517 4355 2746 4431 tenore,

296 4448 583 4531 accipias.
633 4448 849 4514 Omnis
895 4469 1041 4516 vero
1087 4451 1495 4517 contradictio
1541 4449 1882 4526 evanescet,
1932 4454 1986 4517 si
2033 4454 2295 4519 alteram
2341 4454 2415 4519 de
2468 4458 2752 4540 opinione

292 4551 698 4634 probabiliori
736 4553 812 4618 ad
843 4555 1115 4619 mentem
1156 4554 1483 4632 Gonzalez,
1521 4557 1791 4621 Antoine
1824 4576 1894 4620 ac
1925 4556 2213 4623 Pattuzzi
2248 4560 2566 4646 intelligiS,
2602 4563 2751 4628 alte-

279 4672 422 4718 ram
453 4673 599 4720 vero
630 4655 704 4720 de
737 4657 1021 4740 opinione
1058 4657 1460 4740 probabiliori
1486 4659 1655 4724 iusta
1685 4678 2075 4746 communem
2105 4680 2354 4727 sensum
2385 4667 2654 4747 accepta.
