3529 5158
422 364 565 441 [aeo]
1235 385 1635 429 conseram-ra
1672 387 2062 431 scaurunosa
2775 377 2882 435 261

516 474 880 545 Contemnit
903 482 1114 548 autem
1150 483 1274 561 ille,
1315 484 1423 566 qui
1454 503 1525 549 ex
1555 484 1784 550 iudicio
1816 486 1945 550 iam
1981 486 2317 569 praemisso
2350 486 2562 563 sciens,
2595 488 2882 556 inanibus

427 597 491 642 se
523 581 1112 663 apprehensionibus
1158 586 1384 664 vexari,
1434 585 1687 650 vixdum
1723 587 2043 672 insurgere
2075 588 2350 669 aliquam
2382 607 2454 652 ex
2483 589 2580 654 his
2614 590 2885 656 animad-

421 683 627 759 vertit,
667 683 929 768 despicit
973 688 1036 752 et
1080 706 1190 770 pro
1239 688 1432 753 nihilo
1464 690 1670 764 habet,
1705 690 1880 754 velut
1910 690 1964 754 si
2008 690 2267 756 culicem
2303 710 2336 755 e
2364 709 2555 755 manu
2586 693 2877 758 excutiat.

508 781 750 849 Contra
798 790 1159 872 scrupulum
1191 789 1344 875 agit,
1379 791 1487 872 qui
1517 790 1669 856 facit
1697 791 1877 870 illud,
1910 792 2076 874 quod
2107 811 2268 858 vana
2308 793 2707 876 apprehensio
2734 796 2884 860 obli·

422 886 602 969 garet
648 887 726 952 ad
765 888 1196 969 omittendum,
1237 892 1335 956 vel
1383 893 1623 957 omittit
1668 893 1835 975 quod
1881 895 2209 977 scrupulus
2256 894 2454 959 dictat
2508 894 2875 963 faciendum.

422 986 500 1050 V.
554 1007 648 1072 gr.
706 992 997 1074 scrupulo
1050 994 1329 1077 urgente,
1369 995 1760 1078 repetendam
1809 997 2215 1080 antiphonam
2260 997 2358 1062 vel
2404 997 2554 1079 quid
2598 998 2770 1063 aliud
2814 1000 2879 1065 in

418 1090 748 1156 recitandis
801 1093 1009 1172 Ηο113,
1059 1095 1205 1177 quia
1251 1096 1375 1160 fuit
1418 1090 1775 1176 distractus,
1823 1116 1945 1163 non
1993 1099 2256 1181 repetat.
2307 1098 2506 1184 Urget
2550 1102 2877 1183 scrupulus

420 1193 817 1274 aperiendum
864 1199 1054 1280 caput
1097 1199 1422 1278 sacerdoti,
1455 1201 1734 1265 transeat
1781 1202 1994 1284 operto
2036 1202 2257 1285 capite.
2306 1201 2389 1264 Et
2432 1201 2496 1267 in
2542 1202 2660 1268 hoc
2704 1204 2876 1269 fraus

412 1294 682 1360 cavenda
705 1300 1052 1363 moneatur.
1085 1298 1496 1384 Scrupulosus
1540 1302 1707 1368 enim
1749 1303 1939 1368 dicet:
1973 1305 2090 1368 hac
2134 1303 2265 1368 vice
2310 1306 2604 1386 repetam,
2639 1306 2714 1368 ut
2756 1306 2876 1371 sim

412 1398 616 1482 magis
645 1416 916 1478 securus,
957 1402 1072 1466 hac
1102 1403 1233 1467 vice
1263 1404 1532 1481 tantum,
1564 1406 1640 1469 ut
1683 1405 1803 1469 sim
1835 1405 2083 1488 quietus
2114 1406 2229 1470 etc.
2268 1405 2434 1472 Nam
2467 1406 2531 1470 id
2568 1407 2875 1489 paulatim

415 1498 654 1565 inducit
691 1503 1234 1586 apprehensionem
1267 1502 1665 1591 obligationis
1702 1508 1767 1572 et
1803 1508 1891 1572 sic
1918 1508 2160 1572 malum
2192 1509 2476 1592 augetur.

507 1603 743 1669 Fovere
789 1607 1170 1691 cogitatione
1214 1610 1537 1693 scrupulos
1583 1610 1680 1674 est
1722 1610 1944 1695 longas
1977 1610 2386 1675 discussiones
2431 1611 2504 1676 de
2552 1629 2623 1676 ea
2670 1631 2735 1676 re
2781 1612 2872 1676 in-

412 1706 675 1772 stituere
721 1709 934 1773 utrum
966 1709 1188 1774 debeat
1231 1709 1486 1775 vel'non
1514 1710 1752 1785 debeat,
1809 1711 2023 1775 utrum
2076 1710 2291 1776 fecerit
2335 1711 2434 1777 vel
2470 1730 2592 1777 non
2636 1711 2869 1793 fecerit,

355 1862 378 1888 ,
414 1827 707 1890 quaerere
744 1811 1001 1876 consilia
1031 1814 1148 1877 etc.

500 1912 787 1979 Alterum
812 1916 1124 1981 monitum
1147 1918 1244 1983 est
1272 1916 1502 1982 iudicio
1527 1916 1884 1982 confessarii
1908 1918 2310 1999 acquiescere.
2336 1917 2475 1982 Hoc
2498 1935 2547 1982 s.
2572 1918 2758 2001 Alph.
2783 1920 2871 1985 sic

410 2016 607 2081 tradit
651 2019 757 2083 lib.
798 2022 856 2083 1.
890 2041 949 2084 n.
1003 2021 1142 2085 13.:
1185 2046 1219 2079 «
1252 2018 1679 2086 Confessarius
1724 2022 1898 2086 enixe
1944 2021 2137 2099 curet,
2188 2022 2527 2104 poenitenti
2563 2022 2871 2105 scrupulis

407 2122 632 2184 vexato
680 2121 954 2200 suadere,
990 2123 1155 2206 quod
1205 2123 1454 2189 omnino
1480 2125 1659 2188 tutus
1690 2123 1939 2201 incedit,
1974 2124 2083 2205 qui
2110 2124 2210 2188 sui
2246 2123 2565 2189 directoris
2598 2124 2871 2191 consiliis

407 2223 745 2303 acquiescit
777 2226 841 2288 et
873 2225 1257 2309 obtemperat
1289 2226 1351 2290 in
1387 2225 1691 2305 omnibus,
1739 2226 1806 2289 in
1845 2225 2070 2308 quibus
2102 2224 2346 2289 evidens
2393 2226 2715 2309 peccatum
2744 2246 2867 2293 11011

405 2329 699 2409 311113101;
734 2327 883 2391 tunc
924 2328 1087 2392 enim
1117 2347 1240 2393 non
1272 2328 1389 2411 ipsi
1422 2328 1658 2393 homini
1691 2326 1918 2403 obedit,
1952 2326 2057 2391 sed
2091 2326 2214 2409 ipsi
2244 2327 2437 2392 Deo...
2464 2325 2698 2393 Contra
2722 2348 2864 2394 vero

400 2427 691 2505 inculcet,
724 2447 953 2514 magno
999 2448 1150 2495 suae
1185 2430 1409 2495 salutis
1440 2429 1780 2496 discrimini
1824 2448 1889 2494 se
1927 2428 2332 2507 committere,
2372 2430 2480 2512 qui
2527 2431 2865 2514 praeceptis

399 2529 712 2618 (intellige
744 2530 1061 2598 directim
1077 2552 1100 2610 ,·
1139 2551 1314 2598 secus
1344 2532 1484 2598 dein
1514 2533 1832 2616 poenitens
1864 2532 2060 2598 alium
2090 2532 2325 2598 fontem
2355 2533 2747 2615 peccatorum
2771 2552 2866 2598 re-

398 2634 627 2720 periet)
672 2636 772 2700 sui
801 2635 1134 2701 confessari
1163 2634 1370 2700 renuit
1402 2635 1815 2700 obedientiam
1852 2636 2191 2720 praestare;
2226 2636 2377 2700 tunc
2397 2636 2561 2701 enim
2592 2635 2862 2718 periculo

400 2757 470 2803 se
516 2739 769 2822 exponit
816 2737 1144 2803 amittendi
1187 2755 1311 2803 non
1358 2739 1607 2802 tantum
1636 2738 1837 2804 cordis
1871 2757 2102 2822 pacem,
2136 2737 2526 2803 devotionem
2557 2739 2621 2802 et
2650 2738 2713 2802 in
2744 2738 2865 2803 vir-

407 2842 549 2905 tute
580 2858 999 2925 progressum,
1026 2859 1242 2905 verum
1273 2841 1465 2905 etiam
1494 2840 1767 2906 mentem
1800 2840 1984 2924 (quot
2007 2841 2172 2905 enim
2201 2840 2548 2924 scrupulosi
2586 2840 2864 2907 obedien-

403 2943 533 3007 tiae
565 2961 689 3007 non
729 2943 1182 3025 acquiescentes
1213 2943 1276 3006 in
1302 2942 1638 3008 amentiam
1675 2943 2053 3026 ceciderunt)
2081 2943 2236 3008 item
2265 2943 2538 3025 corporis
2561 2943 2861 3008 valetudi-

397 3066 562 3120 nem,
592 3047 744 3123 imo,
793 3045 959 3130 quod
1006 3046 1275 3111 deterius
1314 3048 1426 3121 est,
1483 3045 1674 3110 etiam
1721 3046 1963 3110 animae
2009 3046 2317 3109 iacturam
2364 3044 2663 3121 faciendi;
2713 3065 2858 3112 nam

400 3169 473 3215 eo
522 3151 776 3234 possent
821 3150 1098 3234 scrupuli
1144 3150 1425 3215 devenire
1472 3151 1659 3230 atque
1699 3149 1778 3212 ad
1810 3149 2059 3211 tantum
2089 3147 2534 3230 desperationis
2562 3147 2856 3232 redigere,

396 3273 522 3335 qua
554 3253 654 3318 vel
700 3252 952 3317 sibimet
996 3254 1260 3317 mortem
1307 3251 1551 3326 inferat,
1592 3251 1667 3313 ut
1711 3249 1993 3332 pluribus
2041 3249 2323 3333 contigit,
2372 3249 2471 3313 vel
2532 3250 2606 3313 ut
2650 3249 2737 3313 sic
2783 3251 2856 3315 de

393 3374 508 3420 sua
557 3354 761 3420 salute
807 3354 1134 3438 desperans
1170 3353 1441 3418 habenas
1489 3353 1565 3416 ad
1605 3352 1814 3417 omnia
1859 3352 2016 3415 vitia
2060 3352 2318 3416 laxet».

484 3457 658 3538 Quae
695 3456 863 3521 mala
902 3456 1042 3521 aliis
1073 3455 1264 3520 etiam
1310 3455 1427 3520 viis
1464 3455 1777 3519 interdum
1807 3454 2106 3537 irrepunt.
2139 3452 2303 3518 Nam
2347 3454 2670 3520 molestiae
2701 3456 2857 3521 eius-

393 3560 565 3625 modi
590 3560 654 3624 et
690 3557 899 3623 taedia
922 3558 1100 3623 facile
1133 3558 1448 3623 adducunt
1471 3557 1548 3622 ad
1572 3556 1894 3621 fastidium
1926 3556 2257 3621 cuiuslibet
2286 3557 2557 3622 exercitii
2580 3558 2850 3641 pietatis,

394 3681 668 3746 precum,
701 3678 856 3725 usus
903 3663 1451 3738 sacramentorum,
1485 3658 1803 3725 custodiae
1849 3659 1949 3725 sui
1994 3660 2109 3724 etc.
2145 3661 2208 3725 et
2255 3660 2332 3725 ad
2377 3661 2604 3726 solatia
2648 3662 2713 3727 in
2760 3684 2855 3729 ex-

391 3765 588 3829 ternis
619 3762 987 3845 quaerenda.
1021 3763 1183 3827 Hinc
1207 3764 1435 3828 sensim
1467 3761 1707 3828 fervore
1737 3762 2083 3828 devotionis
2121 3764 2482 3847 tepescente,
2515 3783 2636 3829 non
2666 3766 2852 3831 modo

393 3868 593 3932 instat
641 3864 987 3950 periculum
1017 3865 1080 3929 in
1127 3865 1345 3950 gravia
1391 3865 1641 3949 peccata
1672 3865 2049 3948 prolabendi,
2090 3865 2195 3929 sed
2227 3865 2415 3930 etiam
2446 3866 2853 3947 posthabendi

390 3969 717 4053 quodlibet
763 3970 825 4032 et
871 3968 1262 4050 perfectionis
1307 3970 1371 4032 et
1414 3968 1637 4032 salutis
1683 3987 1833 4032 suae
1878 3967 2176 4031 studium.
2226 3967 2326 4030 Ita
2369 3985 2491 4030 non
2535 3986 2678 4032 raro
2726 3966 2853 4033 dia-

388 4074 576 4138 bolus
600 4073 700 4137 vel
748 4091 784 4136 a
831 4072 1151 4156 proposito
1197 4071 1513 4157 religionis
1559 4071 1657 4135 vel
1694 4071 1886 4135 etia-m
1933 4089 1969 4134 a
2016 4070 2154 4134 sinu
2202 4069 2520 4154 religionis
2566 4071 2850 4137 incautos

384 4174 716 4239 abstraxit.

479 4280 644 4345 Hinc
688 4279 1023 4358 monitum,
1073 4278 1238 4361 quod
1292 4277 1663 4345 confessario
1725 4276 2008 4361 suggerit
2054 4272 2237 4340 Croix
2282 4275 2388 4339 lib.
2435 4276 2493 4339 1.
2545 4276 2724 4341 527.:
2773 4296 2850 4342 110

385 4383 736 4448 admittant
782 4400 998 4446 curam
1044 4381 1346 4466 dirigendi
1377 4380 1830 4464 scrupulosum,
1863 4380 1983 4445 nisi
2014 4379 2131 4442 iste
2165 4378 2450 4443 ostendat
2486 4398 2549 4442 se
2586 4380 2845 4462 credere,

381 4485 555 4568 quod
602 4483 1014 4550 confessarius
1051 4483 1250 4566 possit
1279 4485 1341 4548 et
1373 4483 1524 4548 velit
1555 4502 1698 4547 eum
1742 4482 1893 4546 bene
1939 4482 2201 4566 dirigere
2231 4482 2539 4563 simulque
2569 4485 2851 4547 constan-

385 4588 552 4652 tiam
591 4587 757 4671 apud
803 4586 985 4651 illum
1040 4586 1339 4669 spondeat
1375 4585 1464 4668 (id
1488 4604 1631 4648 cum
1660 4584 1931 4666 quadam
1968 4583 2380 4668 discretione),
2414 4582 2846 4650 confidentiam
