3529 5158
706 333 819 388 490
1106 347 1317 386 macr.
1358 347 1440 386 1v.
1480 344 1565 384 nn:
1600 343 1908 386 peccans.
1949 344 2146 388 CAPUT
2182 348 2222 388 1.
2259 347 2403 390 mm.
2441 349 2508 388 11.
2546 347 2686 388 Am.
2724 349 2789 389 11.
3036 334 3181 410 [531]

710 445 1152 528 eleemosynae,
1201 441 1539 507 auditionis
1594 441 2070 517 confessionum,
2118 445 2322 508 rectae
2377 444 2937 510 administrationis
2994 446 3182 510 officii

710 546 931 611 iudicis
964 547 1027 608 et
1073 545 1231 621 aliie,
1273 563 1431 626 quae
1477 544 1715 608 nullam
1762 543 1823 608 in
1873 564 1938 609 se
1984 545 2298 611 malitiam
2344 547 2595 612 habent.
2632 545 2836 626 Quare
2874 547 2996 611 nisi
3041 548 3182 629 quis

709 648 1047 712 delectetur
1084 648 1276 711 etiam
1312 646 1386 711 de
1423 646 1783 711 huiusmodi
1819 647 2189 713 conditionis
2223 649 2523 727 absentia,
2558 667 2681 713 non
2714 651 2814 713 est
2844 649 3182 714 censendus

712 751 785 816 de
819 770 885 815 re
922 751 1144 815 illicita
1174 750 1647 815 delectationem
1693 767 1910 833 capere
1957 751 2144 834 atque
2191 752 2284 817 ita
2319 751 2532 816 licebit
2562 751 2894 817 delectatio
2934 771 3183 835 quoque

713 854 1026 937 appetitus
1058 852 1336 917 sensitivi
1372 853 1434 916 in
1466 853 1581 916 his.
1616 852 1806 916 Ratio
1854 852 2231 918 differentiae
2264 855 2378 931 est,
2413 855 2561 937 quia
2608 854 2731 919 etsi
2767 855 3054 919 neutrius
3086 874 3187 939 ge-

712 956 875 1021 neris
912 975 1009 1019 res
1046 957 1184 1036 (seu
1223 955 1490 1036 obiecta)
1523 954 1722 1036 possit
1753 955 1848 1018 vis
1896 955 2292 1020 aestimativa
2331 975 2669 1040 proponere
2705 957 3018 1040 appetitui
3050 976 3187 1022 sen-

714 1059 902 1124 sitivo
927 1058 1043 1122 sub
1066 1057 1436 1132 conditione,
1465 1057 1555 1120 ita
1590 1058 1664 1120 ut
1687 1057 1804 1121 sub
1835 1057 2183 1122 conditione
2215 1058 2289 1122 de
2321 1059 2447 1124 illis
2471 1059 2838 1137 delectetur;
2867 1061 2937 1123 at
2960 1060 3188 1123 saltem

712 1161 1171 1244 repraesentare
1217 1160 1426 1242 potest
1470 1160 1776 1223 rationem
1831 1178 2221 1224 communem
2269 1162 2732 1226 abstrahentem
2781 1181 2819 1226 a
2862 1161 3041 1226 licito
3091 1161 3190 1225 vel

712 1264 933 1327 illicito
984 1281 1123 1335 usu,
1171 1263 1245 1325 ut
1290 1261 1708 1337 concubitum,
1759 1261 2098 1326 vindictam
2156 1263 2439 1340 iniuriae,
2489 1264 2748 1341 furtum,
2801 1264 3190 1328 auditionem

715 1364 1188 1440 confessionum,
1222 1364 1621 1448 largitionem
1658 1364 2083 1448 eleemosynae
2130 1367 2244 1430 etc.
2281 1365 2483 1446 Quare
2530 1386 2674 1431 cum
2711 1367 2775 1430 in
2813 1367 3043 1449 prioris
3090 1385 3192 1451 ge·

715 1467 877 1533 neris
922 1467 1104 1531 rebus
1142 1467 1226 1530 sit
1256 1466 1502 1530 malitia
1538 1466 1845 1542 imbibita,
1884 1466 2194 1531 obiectum
2235 1470 2331 1532 est
2362 1469 2619 1545 malum,
2662 1468 2784 1533 nisi
2813 1468 3008 1533 simul
3054 1486 3193 1532 con-

715 1570 869 1635 ditio
918 1588 1211 1634 excusans
1245 1567 1775 1652 apprehendatur3
1817 1569 1982 1649 quod
2012 1569 2076 1632 in
2117 1570 2433 1653 appetitus
2465 1571 2748 1636 sensitivi
2779 1571 3192 1635 delectatione

714 1673 1068 1756 contingere
1115 1672 1333 1755 nequit
1379 1671 1442 1735 et
1488 1671 1624 1735 ideo
1673 1670 2002 1736 delectatio
2053 1672 2368 1755 appetitus
2415 1673 2698 1737 sensitivi
2743 1673 2817 1737 de
2865 1673 2974 1737 illo
3017 1673 3192 1737 mala

714 1776 852 1840 erit.
886 1773 1118 1840 Contra
1166 1794 1309 1839 cum
1341 1793 1412 1838 ex
1444 1772 1690 1837 malitia
1730 1773 1794 1836 in
1826 1774 2009 1837 rebus
2041 1775 2402 1856 posterioris
2440 1776 2681 1860 generis
2728 1775 3020 1839 imbibita
3068 1794 3193 1840 non

715 1878 817 1952 sit,
846 1878 949 1943 sed
982 1897 1053 1941 ex
1084 1896 1148 1942 se
1180 1877 1243 1939 in
1275 1877 1509 1940 bonum
1544 1874 1838 1950 tendant3
1868 1875 2179 1940 obiectum
2209 1895 2333 1940 non
2365 1879 2461 1940 est
2490 1878 2749 1953 malum,
2776 1878 2910 1941 nisi
2940 1877 3194 1958 quando

712 1978 1203 2059 apprehenditur
1248 1981 1306 2040 et
1342 1976 1623 2050 delectat,
1655 1980 1728 2039 ut
1755 1976 2106 2040 conditione
2139 1977 2521 2052 destitutum,
2553 1979 2719 2061 quod
2757 1980 2858 2044 hic
2893 1999 3020 2044 non
3051 1999 3195 2045 con-

717 2081 908 2164 tingit
939 2083 1002 2143 et
1031 2080 1167 2156 ideo
1199 2099 1309 2144 nec
1342 2078 1672 2143 delectatio
1706 2079 1827 2143 erit
1856 2080 2043 2144 mala.
2080 2081 2162 2144 Et
2189 2081 2328 2147 ideo
2361 2083 2425 2146 in
2463 2082 2646 2146 rebus
2685 2083 2909 2166 prioris
2948 2085 3193 2168 generis

719 2185 964 2266 oportet
996 2182 1181 2246 simul
1214 2182 1629 2247 conditionem
1670 2183 2074 2265 apprehendi3
2111 2203 2234 2248 non
2267 2187 2478 2249 autem
2510 2186 2575 2249 in
2613 2186 2796 2249 rebus
2828 2187 3193 2268 posterioris

717 2286 978 2370 generis,
1006 2284 1110 2349 sed
1149 2284 1400 2361 sufficit,
1437 2286 1510 2347 ut
1539 2303 1661 2348 non
1694 2285 2078 2349 excludatur.
2118 2286 2201 2350 Et
2231 2287 2544 2362 confirm.;
2585 2288 2733 2370 quia
2771 2288 2936 2352 circa
2967 2289 3193 2371 prioris

716 2389 955 2474 generis
1003 2407 1098 2452 res
1148 2388 1224 2451 ab
1262 2387 1676 2471 imaginativa
1714 2390 2208 2469 repraesentatas
2249 2390 2563 2472 appetitus
2602 2390 2939 2455 sensitivus
2987 2392 3196 2455 effrae-

716 2493 860 2557 nate
892 2492 1199 2556 excitatur
1246 2491 1324 2555 ad
1372 2493 1580 2556 totum
1629 2491 1710 2566 id,
1752 2491 1918 2572 quod
1956 2493 2165 2575 potest
2209 2512 2350 2556 eum
2384 2493 2461 2557 ad
2515 2514 2813 2572 venerem,
2851 2494 2931 2558 ad
2981 2495 3192 2560 odium

718 2596 831 2660 aut
876 2595 953 2659 ad
986 2595 1223 2659 alienae
1259 2594 1350 2658 rei
1387 2594 1858 2676 usurpationem
1897 2595 2133 2672 iuvare,
2165 2595 2641 2679 independenter
2680 2598 2931 2663 omnino
2975 2619 3014 2663 a
3051 2618 3194 2664 con-

717 2697 948 2760 ditione
983 2697 1212 2777 aliqua,
1240 2716 1364 2777 qua
1390 2696 1540 2759 haec
1573 2697 1825 2778 possent
1847 2696 2022 2760 licita
2044 2698 2235 2773 reddi,
2262 2699 2426 2780 quod
2452 2700 2516 2764 in
2553 2700 2916 2783 posterioris
2948 2701 3193 2785 generis

717 2799 898 2863 rebus
936 2798 1192 2862 minime
1230 2798 1540 2882 contingit
1564 2823 1624 2861 ».

1704 2995 2064 3059 AarlcuLus
2105 2998 2185 3060 II.

1210 3123 1324 3187 An
1355 3121 1677 3186 delectatio
1711 3141 1959 3185 morosa
1988 3122 2075 3185 sit
2102 3142 2343 3202 semper
2363 3127 2703 3203 peecatum.

829 3291 965 3343 xlv,
994 3291 1241 3357 Respond.
1269 3287 1321 3341 Si
1348 3286 1632 3341 terminetur
1670 3289 1728 3339 ad
1759 3287 2023 3351 cogitatum
2063 3302 2188 3355 opus
2228 3292 2406 3341 malum
2438 3292 2702 3343 secundum
2730 3303 2797 3353 se,
2834 3298 2909 3344 cst
2941 3298 3192 3359 peccatum

720 3377 925 3426 mortale
955 3376 1031 3427 vel
1059 3373 1265 3435 veniale,
1293 3378 1437 3438 prout
1462 3371 1622 3438 ipsum
1648 3385 1776 3438 opus
1803 3374 2010 3425 mortale
2048 3375 2122 3425 vel
2152 3373 2343 3427 veniale
2369 3382 2460 3428 est.
2491 3377 2558 3429 lta
2584 3389 2828 3428 commun.
2859 3391 2922 3429 ex
2951 3391 2994 3430 a.
3017 3379 3192 3431 Tuom.

720 3460 767 3509 l.
796 3459 845 3509 2.
910 3458 1034 3510 .7.t.
1065 3472 1106 3510 a.
1135 3461 1182 3509 8.

829 3472 961 3605 02¹5,
985 3541 1293 3596 secundum
1328 3556 1422 3605 se‚·
1453 3540 1564 3606 quia
1603 3540 1643 3594 si
1685 3540 1948 3594 delectatio
1985 3542 2051 3595 sit
2090 3549 2278 3596 tantum
2310 3546 2371 3598 de
2407 3543 2514 3611 ipsa
2552 3544 2865 3609 cogitatione,
2893 3560 2988 3600 non
3025 3555 3193 3601 autem

719 3629 780 3680 de
800 3641 968 3692 opere,
990 3641 1084 3679 non
1111 3633 1184 3678 est
1211 3633 1491 3693 peccatum
1514 3625 1624 3691 quia
1652 3625 1782 3678 sieut
1808 3626 2055 3692 cogitatio,
2079 3627 2218 3681 verbi
2238 3628 2393 3692 gratia
2420 3631 2480 3683 de
2504 3632 2651 3683 rebus
2680 3630 2924 3694 obsceniS,
2947 3631 2997 3686 in
3019 3631 3194 3687 ordine

716 3713 778 3764 ad
805 3712 1092 3775 docendum,
1127 3713 1201 3763 vel
1226 3710 1609 3763 concionandum
1636 3719 1728 3763 etc.
1760 3713 1884 3764 bona
1925 3720 2014 3775 est,
2037 3712 2267 3775 cogitatio
2301 3721 2462 3766 autem
2503 3716 2562 3767 de
2601 3713 2774 3768 iisdem
2816 3718 2971 3769 rebus
3010 3732 3077 3771 ex
3116 3733 3189 3771 cu-

716 3794 932 3849 riositate
969 3802 1044 3850 est
1082 3799 1207 3848 mala
1247 3795 1528 3849 venialiter:
1571 3794 1634 3846 ita
1684 3802 2045 3860 consequenter
2083 3796 2345 3850 delectatio
2385 3799 2445 3850 de
2486 3798 2568 3851 lali
2608 3799 2919 3864 cogitatione,
2965 3810 3191 3868 tanquam

714 3881 925 3942 obiecto,
953 3895 1046 3933 non
1085 3887 1160 3934 est
1199 3881 1338 3943 mala,
1381 3883 1465 3932 sed
1505 3881 1797 3944 quandoque
1841 3883 1981 3945 bona,
2027 3884 2319 3947 quandoque
2361 3882 2620 3937 venialiter
2660 3888 2800 3938 mala.
2827 3886 3076 3942 Similiter
3112 3901 3193 3941 aee

718 3974 967 4033 peccatum
1006 3965 1111 4027 erit,
1138 3965 1180 4017 si
1218 3964 1478 4017 delectatio
1509 3971 1730 4018 versetur
1753 3965 1886 4018 circa
1914 3969 2109 4019 modum
2153 3969 2278 4020 male
2302 3967 2553 4034 operandi,
2586 3983 2680 4022 non
2710 3970 2844 4023 circa
2873 3970 3044 4038 ipsum
3071 3987 3193 4041 opus

717 4053 921 4103 malum:
949 4065 1046 4115 quo
1074 4052 1220 4102 modo
1246 4049 1352 4102 sine
1380 4056 1580 4115 peccato
1608 4063 1754 4115 saepe
1782 4065 1872 4103 nos
1898 4052 2140 4104 delectant
2167 4054 2374 4114 tabulae,
2401 4055 2705 4119 comoediae,
2731 4058 2879 4122 bella,
2906 4058 3187 4122 homicidia,

718 4137 927 4198 trauch,
962 4138 1105 4196 lurta,
1132 4138 1298 4200 lapsus
1324 4133 1552 4200 hominis,
1582 4149 1628 4184 v.
1657 4149 1725 4198 gr.
1755 4150 1814 4188 ex
1843 4150 1970 4200 equo
1997 4143 2090 4189 etc.
2131 4151 2224 4189 non
2264 4138 2532 4191 secundum
2559 4153 2629 4202 se,
2660 4142 2745 4193 sed
2779 4143 2958 4194 modus
2985 4142 3191 4203 furandi,

714 4218 933 4286 rapiendi
969 4218 1265 4272 artificiosus
1292 4226 1340 4271 et
1377 4217 1664 4283 industrius,
1694 4221 1869 4271 modus
1907 4219 2109 4273 cadendi
2137 4220 2434 4288 inopinatus
2463 4224 2630 4287 Laym.
2658 4224 2691 4276 l.
2724 4227 2765 4276 l.
2793 4232 2825 4277 t.
2850 4228 2897 4279 3.
2927 4242 2969 4280 c.
2995 4229 3045 4279 6.
3077 4242 3122 4279 n.
3145 4229 3193 4279 2.

800 4342 953 4415 531.
983 4346 1421 4425 Quaerendum
1448 4347 1754 4428 imprimis
1788 4347 1861 4411 de
1893 4350 2119 4412 natura
2152 4349 2338 4414 huius
2362 4349 2814 4425 delectationis,
2839 4372 3034 4434 quam
3059 4376 3194 4440 sup.

714 4466 772 4510 n.
801 4447 904 4510 54.
940 4446 1208 4512 diximus
1242 4448 1745 4531 distinguendam
1780 4452 2058 4533 apprime
2092 4470 2128 4514 a
2153 4451 2474 4518 desiderio.
2505 4453 2626 4518 Ubi
2655 4472 2770 4536 per
2795 4457 3196 4521 transennam

718 4548 985 4625 adverte,
1030 4570 1077 4612 e.
1114 4550 1298 4632 Alph.
1325 4549 1430 4613 lib.
1461 4552 1519 4613 5.
1550 4571 1606 4613 n.
1641 4553 1740 4613 15.
1778 4553 1868 4616 ita
1902 4552 2281 4636 distinguere
2314 4554 2791 4621 delectationem
2824 4576 2860 4621 a
2893 4557 3200 4623 desiderio
