3529 5158
693 349 822 403 186.
1155 361 1364 402 1111161.
1406 361 1469 401 11.
1509 362 1593 401 nm
1630 359 2048 402 consumma.
2089 359 2287 401 effu-r
2325 359 2388 401 11.
2427 358 2570 400 nun.
2611 359 2678 399 11.
3007 342 3152 417 [188]

779 458 989 523 Dubio
1022 460 1233 523 autem
1257 458 1653 538 probabilem
1676 458 1925 522 censent
1947 456 2227 522 doctores
2268 456 2618 539 opinionem
2657 458 2722 519 1⁰
2755 456 2809 519 si
2839 456 3162 520 dubitetur

693 563 765 625 de
796 562 1108 646 gravitate
1146 562 1490 625 rationum:
1533 562 1602 623 2⁰
1635 560 1688 623 si
1723 560 1798 623 de
1830 579 1900 624 ea
1932 560 2372 643 probabilitate
2406 560 2712 641 sapientes
2750 559 3161 623 communiter

691 665 1008 729 dubitent:
1037 665 1107 727 3⁰
1139 663 1192 728 si
1224 663 1410 727 dubia
1444 664 1528 726 sit
1562 663 1904 727 auctoritas
1938 663 2282 739 doctorum,
2319 662 2427 743 qui
2454 662 2776 726 affirmant
2809 680 2916 725 seu
2949 662 3163 725 tenent

694 768 1044 850 opinionem
1074 767 1173 831 uti
1208 767 1619 849 probabilem:
1654 767 1724 828 40
1758 765 1809 829 si
1842 765 2003 829 ratio
2051 765 2321 828 doctoris
2360 764 2468 846 qui
2515 783 2651 829 eam
2699 764 2988 835 defendit,
3038 782 3161 827 non

695 870 979 935 videatur
1010 871 1163 934 satis
1193 870 1400 932 firma:
1432 871 1500 932 5⁰
1533 868 1587 931 si
1611 868 1695 931 sit
1721 867 1927 949 opinio
1962 867 2300 950 singularis
2327 867 2404 929 ab
2439 868 2692 930 auctore
2725 866 2991 948 prolata.
3012 865 3162 945 quin

692 973 1101 1037 sufficientem
1133 972 1439 1036 rationem
1465 971 1714 1035 afferat:
1752 971 1821 1031 6⁰
1861 970 1913 1033 si
1962 989 2121 1033 unus
2157 970 2267 1032 aut
2293 970 2451 1032 alter
2482 968 2753 1045 tradant,
2804 968 2907 1032 sed
2956 968 3163 1050 plures

693 1076 1139 1140 contradicant.

782 1178 974 1241 Porro
1007 1178 1168 1240 inter
1201 1176 1535 1258 opiniones9
1564 1194 1722 1255 quae
1755 1175 1917 1237 certe
1951 1176 2099 1237 sunt
2123 1175 2489 1257 probabiles,
2526 1192 2646 1236 non
2683 1191 2892 1236 omnes
2928 1192 3167 1254 semper

695 1279 855 1343 idem
893 1279 1123 1342 habent
1162 1297 1270 1360 pro
1311 1296 1374 1341 se
1411 1276 1691 1340 validum
1733 1275 1973 1358 pondus
2020 1276 2356 1341 rationum.
2409 1274 2667 1354 Quando
2715 1293 2827 1356 par
2872 1275 3167 1354 utrinque

695 1382 1010 1445 rationum
1043 1380 1281 1463 pondus
1317 1379 1573 1455 militat,
1606 1399 1799 1458 aeque
1832 1377 2197 1457 probabiles
2234 1378 2525 1441 dicuntur
2572 1378 2759 1457 atque
2805 1376 2867 1439 in
2916 1377 3031 1440 hac
3078 1395 3164 1451 re,

695 1503 765 1547 ex
798 1483 1110 1547 communi
1148 1483 1464 1565 praeterea
1501 1500 1820 1558 consensu,
1862 1481 2031 1545 valet
2061 1482 2336 1557 effatum,
2371 1480 2532 1562 quod
2556 1500 2789 1558 mrum
2808 1500 2932 1559 pro
2969 1478 3168 1542 nihilo

694 1589 1041 1665 reputatur.

785 1686 849 1752 Si
881 1706 1025 1751 vero
1064 1706 1173 1770 pro
1209 1687 1514 1751 alterutra
1548 1688 1660 1749 aut
1708 1704 1818 1768 pro
1870 1685 2079 1766 aliqua
2126 1686 2288 1749 inter
2337 1685 2544 1767 plures
2581 1684 2855 1749 militent
2886 1685 2983 1748 vel
3032 1703 3169 1767 gra-

695 1792 896 1857 viores
928 1790 1200 1854 rationes
1230 1789 1598 1853 intrinsecae
1651 1788 1743 1853 vel
1791 1788 1992 1853 maior
2038 1790 2287 1852 externa
2331 1789 2692 1863 auctoritas
2742 1787 2893 1852 haec
2939 1787 3168 1851 dicitur

679 1892 1094 1974 probabilior.
1137 1891 1313 1970 Quod
1347 1891 1400 1954 si
1432 1910 1542 1973 pro
1584 1891 1781 1955 altera
1824 1890 2154 1954 validiores
2194 1891 2466 1955 rationes
2504 1891 2889 1967 intrinsecae,
2929 1909 3042 1972 pro
3077 1890 3168 1953 al-

696 2002 828 2063 tera
876 2016 1019 2061 vero
1058 1996 1309 2079 gravior
1341 1997 1466 2059 stet
1499 1995 1838 2059 extrinseca
1880 1996 2240 2072 auctoritas⁹
2276 1995 2653 2077 probabilior
2684 1997 2968 2060 censetur
2999 1995 3167 2077 prior

577 2162 595 2180 ,
694 2120 841 2184 prae
874 2098 1172 2174 secunda;
1207 2098 1354 2180 quia
1395 2099 1487 2161 vis
1527 2098 1925 2161 auctoritatis
1958 2097 2256 2161 fimdatur
2289 2098 2351 2161 in
2390 2098 2891 2181 praesumptione
2927 2096 3165 2171 firmae,

692 2221 851 2284 quae
885 2202 1066 2278 adsit,
1102 2199 1383 2265 rationis,
1419 2200 1909 2264 Probabiliorem
1944 2200 2317 2263 sententiam
2354 2201 2441 2263 sic
2477 2201 2691 2264 definit
2723 2219 2771 2264 s.
2806 2199 3167 2281 Alphonsus

690 2305 765 2369 de
825 2304 956 2370 Usu
1002 2302 1315 2366 mode-rato
1363 2303 1677 2381 opinionis
1711 2300 2091 2381 probabilia,
2129 2322 2287 2367 anno
2327 2304 2517 2366 1755.
2552 2323 2610 2365 n.
2652 2304 2707 2365 1.
2732 2325 2745 2365 ε
2770 2301 3169 2381 probabilior

691 2410 785 2471 est
813 2427 905 2479 ea,
940 2426 1099 2488 quae
1135 2406 1365 2468 nit-itur
1400 2403 1809 2482 fhmdamcnto
1840 2406 2143 2486 mambri,
2179 2405 2292 2468 sed-
2326 2407 2511 2467 etiam
2545 2425 2678 2467 cum
2705 2404 3012 2484 prudenti
3046 2404 3172 2483 for·

691 2509 922 2573 midine
961 2507 1243 2589 oppositi,
1283 2509 1378 2569 <ita
1412 2511 1480 2568 ut
1507 2508 1832 2570 contraria
1863 2508 1951 2569 sit
1979 2508 2167 2569 etiam
2205 2528 2338 2570 vere
2358 2506 2716 2587 probabilis
2746 2527 2855 2571 seu
2884 2509 3170 2589 maniter

696 2612 1054 2678 verisimilis
1094 2611 1241 2673 lieet
1270 2612 1501 2672 minae.

785 2712 939 2785 188.
975 2712 1201 2778 Sedulo
1237 2716 1448 2775 autem
1482 2711 1945 2786 advertendum,
1982 2712 2209 2776 falsum
2239 2731 2369 2776 esse
2400 2715 2745 2796 generatim
2778 2713 2943 2794 quod
2977 2714 3169 2778 tutio-

694 2818 882 2882 ristae
914 2817 977 2879 et
1008 2813 1548 2897 probabilioristae
1582 2815 1693 2876 aut
1725 2814 2047 2877 insinuant
2081 2817 2195 2878 aut
2243 2816 2643 2892 contendunt,
2684 2816 2984 2879 maiorem
3032 2835 3169 2898 pro·

694 2918 1084 2981 habilitatem
1118 2915 1481 2980 alterutrius
1519 2915 1717 2997 partis
1766 2915 2023 2992 efficere,
2066 2919 2140 2979 ut
2189 2917 2446 2981 adversa
2485 2917 2726 2981 desinat
2773 2935 2902 2981 esse
2950 2919 3169 3000 proba-

695 3020 855 3084 bilis.
878 3019 948 3083 Id
979 3018 1144 3083 enim
1168 3017 1522 3102 contingere
1554 3018 1704 3081 tunc
1727 3017 1931 3082 solum
1954 3019 2179 3100 potest,
2209 3018 2452 3100 quando
2471 3023 2736 3101 utraque
2768 3039 2913 3102 pars
2939 3024 3170 3104 arguat

692 3142 762 3187 ex
792 3121 1011 3186 iisdem
1049 3120 1385 3204 principiis
1420 3120 1616 3201 Atqui
1652 3119 1716 3183 id
1749 3139 2001 3203 perraro
2042 3120 2301 3190 accidit:
2345 3140 2489 3184 nam
2536 3121 2900 3203 plerumque
2934 3122 3071 3187 ideo
3103 3123 3166 3187 in

693 3228 897 3292 varias
960 3225 1192 3290 abeunt
1239 3224 1555 3308 opiniones
1592 3224 1894 3301 (10610163,
1939 3225 2087 3306 quia
2139 3245 2169 3288 e
2217 3225 2474 3289 diversis
2530 3226 2847 3309 principiis
2894 3227 3169 3291 rationes

693 3349 837 3394 suas
870 3329 1123 3392 ducunt.
1158 3325 1447 3390 Ceterum
1494 3327 1876 3409 superfluum
1911 3330 2007 3391 est
2039 3327 2219 3410 plura
2260 3327 2498 3392 addere.
2532 3326 2690 3392 Cum
2725 3329 2887 3392 enim
2936 3331 3169 3412 passim

692 3433 755 3495 et
782 3431 848 3494 in
881 3428 1279 3511 speculativis
1304 3429 1775 3509 quaestionibus
1807 3432 1871 3493 et
1904 3429 1968 3492 in
1995 3430 2337 3494 moralibus
2358 3434 2684 3495 occurrant
2718 3430 3012 3495 adversae
3046 3434 3173 3515 opi·

690 3533 923 3606 mones»,
974 3551 1238 3613 quarum
1292 3531 1700 3614 probabilitas
1756 3532 2111 3596 affirmatur
2158 3534 2234 3596 ab
2284 3533 2572 3598 adversae
2620 3534 2816 3616 partis
2864 3536 3168 3616 patronis⁹

689 3636 854 3699 facto
901 3636 1036 3717 ipso
1083 3636 1380 3716 perpetuo
1429 3634 1780 3717 exploditur
1815 3634 1897 3712 id,
1939 3636 2104 3716 quod
2142 3635 2214 3699 de
2248 3636 2480 3699 viribus
2513 3637 2777 3700 invicem
2811 3637 3003 3711 611313,
3042 3639 3176 3719 qui-

691 3737 834 3800 dam
873 3734 1246 3818 praedicant.

665 3845 668 3848 '
782 3835 934 3910 189.
975 3864 1011 3896 «
1043 3838 1579 3902 Probczbilzlssima
1626 3839 1860 3922 opinio,
1890 3840 1964 3903 ut
1994 3840 2204 3921 inquit
2229 3859 2277 3904 3.
2312 3841 2666 3922 Alphonsus
2699 3842 2740 3904 l.
2776 3861 2826 3905 c.
2862 3845 2976 3916 est,
3013 3862 3174 3924 quae

687 3941 913 4006 nititur
944 3942 1314 4026 gravissimo
1348 3941 1775 4016 fundamento,
1822 3941 1915 4006 ita
1946 3944 2022 4005 ut
2064 3943 2347 4025 opposita
2382 3944 2464 4006 sit
2500 3945 2770 4005 teme-iter
2789 3944 3168 4022 probabilis,

689 4064 903 4127 nempe
951 4063 1109 4126 quae
1140 4044 1615 4107 fundamentum
1655 4044 1791 4107 leve
1843 4045 1940 4107 vel
1989 4044 2175 4125 quasi
2220 4044 2353 4108 leve
2401 4045 2627 4109 habeat
2667 4071 2727 4108 ›>.
2780 4046 2880 4109 Ita
2918 4047 3169 4127 quidem

690 4168 737 4211 3.
779 4147 1153 4229 Alphonsus,
1193 4146 1424 4209 Verum
1458 4145 1907 4210 advertendum
1952 4148 2064 4223 est,
2117 4147 2348 4228 duplici
2395 4147 2579 4211 modo
2613 4147 2734 4211 dici
2765 4147 3005 4229 aliquid
3040 4169 3175 4232 pro·

688 4248 1160 4324 habilissimum,
1213 4266 1426 4328 nempe
1476 4249 1923 4326 comparative,
1973 4250 2036 4312 et
2082 4249 2381 4313 absolu-te.
2442 4249 2875 4329 Comparatio-c
2923 4251 3173 4324 dicitur,

689 4350 934 4433 quando
983 4367 1148 4411 mere
1198 4349 1590 4431 significatur
1637 4369 1924 4415 excessus
1971 4352 2438 4434 probabilitatis
2500 4351 2561 4415 in
2613 4353 2822 4434 aliqua
2886 4354 3176 4436 opinione

689 4471 834 4535 prae
881 4451 1320 4534 probabilitate
1369 4453 1648 4516 omnium
1710 4454 2075 4535 opinionum
2121 4455 2283 4518 circa
2331 4455 2585 4519 eandem
2632 4456 3063 4537 quaestionem
3109 4460 3171 4521 et

694 4556 842 4616 tunc
873 4553 1285 4616 necessarium
1323 4572 1446 4617 non
1494 4557 1608 4630 est,
1651 4559 1724 4618 ut
1772 4556 1979 4639 opinio
2030 4557 2527 4638 probabilissima
2559 4557 2804 4632 habeat,
2839 4558 2901 4621 in
2938 4577 3003 4622 se
3042 4577 3174 4642 spe-

691 4656 881 4732 ctata,
917 4672 1230 4717 summum
1263 4654 1722 4736 probabilitatis
1747 4656 2031 4740 gradum.
