3529 5158
717 331 824 387 658
1542 341 1857 381 Arrmmx
1895 340 1935 380 1.
1975 339 2374 382 mesum-uro

718 443 1046 527 scriptores
1069 441 1256 522 quasi
1277 440 1703 512 communiter,
1730 437 1942 521 paucis
1975 457 2190 519 nempe
2223 439 2510 520 exceptis,
2534 439 2599 502 in
2623 438 2981 503 huiusmodi
3014 439 3191 524 abys-

719 565 858 610 sum
889 544 1017 608 sive
1048 542 1310 607 scienter
1341 542 1469 606 sive
1518 541 1847 606 inscienter
1891 539 2176 622 delapsos
2208 540 2418 617 fuisse,
2453 561 2604 604 num
2649 542 2888 605 certum
2936 540 3189 623 aliquod

718 645 1086 711 universalis
1118 645 1304 709 huius
1338 643 1726 726 corruptelae
1755 643 2232 707 monumentum
2263 642 2526 707 historia
2573 662 2790 708 eorum
2835 644 3188 725 temporum

720 749 896 814 nobis
943 746 1256 831 praefert?
1303 745 1623 828 Numquid
1672 743 1974 809 eiusmodi
2021 745 2440 827 corruptelam
2486 746 2758 810 Ecclesia
2814 746 3190 810 tolerasset?

719 851 1096 918 Accersenda
1127 851 1249 914 huc
1280 869 1427 914 sane
1477 851 1626 913 sunt
1658 866 1729 912 ea
1761 867 1810 911 s.
1846 847 2149 930 Alphonsi
2198 849 2384 913 verba
2422 848 2681 913 Dissert.
2723 850 2914 912 1755.
2950 869 3007 912 n.
3046 851 3189 913 52.:

728 981 761 1014 «
801 952 867 1018 Si
914 952 1219 1018 sententia
1268 952 1532 1035 benigna
1579 950 1802 1014 fuisset
1853 949 2033 1021 falsa,
2081 951 2336 1015 minime
2397 950 2646 1033 quidem
2693 951 3107 1015 communiter
3156 971 3192 1014 a

722 1056 1079 1122 doctoribus
1125 1054 1397 1136 undique
1442 1053 1662 1117 fuisset
1697 1056 1962 1135 recepta,
1996 1055 2071 1117 ut
2107 1072 2319 1117 revera
2355 1055 2601 1137 recepta
2638 1053 2778 1132 fuit,
2815 1057 2927 1118 aut
2961 1054 3190 1118 saltem

722 1158 992 1224 Ecclesia
1039 1176 1177 1222 eam
1224 1174 1347 1221 non
1392 1156 1737 1231 tolerasset,
1788 1154 2220 1237 permittendo,
2268 1154 2434 1237 quod
2481 1155 2723 1220 animae
2778 1156 3192 1220 communiter

723 1280 829 1343 per
874 1261 1033 1323 hanc
1080 1257 1441 1341 perditionis
1480 1258 1646 1320 viam
1693 1256 1796 1337 (ut
1844 1255 2179 1321 adversarii
2223 1257 2581 1340 clamitant)
2628 1276 2664 1321 a
2711 1257 2948 1322 talibus
2994 1257 3191 1322 caecis

723 1362 980 1427 ducibus
1026 1361 1315 1443 deceptae
1361 1358 1804 1423 incederent».

813 1465 917 1528 39.
969 1462 1181 1544 Neque
1227 1480 1371 1525 vero
1422 1467 1728 1545 oggeraS,‘
1750 1460 2134 1524 miserrimae
2183 1460 2369 1525 huius
2417 1461 2770 1525 scholarum
2817 1460 3191 1526 conditionis

724 1568 1196 1631 monumentum
1258 1566 1539 1648 prostare
1584 1563 1648 1629 in
1705 1563 2234 1646 propositionibus
2282 1584 2340 1629 v.
2389 1584 2483 1648 gr.
2534 1565 2612 1628 ab
2669 1564 3050 1629 Innocentio·
3077 1564 3187 1628 XI.

721 1668 1051 1747 damnatis,
1102 1686 1368 1750 quarum
1424 1665 1609 1731 tertia
1672 1665 1945 1729 cuiusvis
1994 1666 2183 1729 etiam
2232 1665 2437 1729 tenuis
2495 1665 2959 1748 probabilitatis
3005 1686 3189 1731 usum

722 1770 966 1835 licitum
1014 1770 1344 1834 asserebat.

812 1872 1173 1937 Dominicus
1221 1872 1383 1935 enim
1431 1871 1612 1946 Viva,
1662 1870 1739 1934 ad
1785 1870 1969 1953 Prop.
2010 1870 2125 1933 ΙΙΙ.
2167 1870 2375 1935 Innoc.
2409 1870 2521 1935 XI.
2561 1890 2621 1934 n.
2660 1872 2741 1949 1.,
2776 1873 2903 1936 tres
2941 1872 3192 1936 demum

723 1975 971 2040 omnino
1020 1975 1343 2049 memorat,
1393 1973 1502 2055 qui
1550 1991 1670 2036 non
1719 1973 1968 2054 quidem
2024 1972 2251 2037 iudicio
2300 1992 2434 2050 suo,
2482 1973 2590 2038 sed
2633 1974 2810 2038 iuxta
2867 1975 3192 2040 cuiusdam

724 2076 913 2140 Bardi
946 2076 1296 2159 opinionem
1330 2074 1565 2157 aliquid
1611 2074 1726 2139 hac
1772 2074 1834 2140 in
1881 2094 1945 2139 re
1993 2076 2398 2157 peccaverint,
2434 2077 2614 2158 quasi
2659 2095 2878 2159 nempe
2918 2077 3193 2158 qualem·

721 2197 987 2260 cumque
1036 2181 1283 2243 tenuem
1333 2177 1838 2260 probabilitatem
1872 2176 1948 2240 ad
1980 2178 2143 2241 recte
2191 2177 2570 2260 operandum
2617 2178 3026 2243 sufficientem
3059 2199 3191 2244 esse

723 2280 1120 2344 asseruerint.
1153 2279 1389 2344 Verum
1422 2279 1856 2362 praetermisso
1890 2299 2071 2358 nunc,
2107 2280 2273 2361 quod
2319 2299 2639 2363 perperam
2675 2284 2738 2345 et
2784 2300 2851 2345 ex
2896 2299 3065 2344 mera
3097 2281 3192 2344 in·

722 2381 1047 2467 diligentia
1094 2382 1294 2447 tribus
1342 2383 1467 2448 illis
1506 2382 1866 2447 auctoribus
1905 2381 2172 2446 absurda
2205 2382 2312 2446 illa
2350 2383 2691 2466 propositio
2740 2383 3077 2467 affingitur,
3111 2386 3190 2446 ut

726 2485 927 2549 videre
976 2487 1071 2549 est
1116 2484 1179 2548 in
1225 2484 1393 2549 Nota
1443 2484 1520 2548 ad
1557 2504 1617 2547 n.
1670 2485 1775 2549 58.
1827 2488 1978 2549 tom.
2028 2484 2077 2548 I.
2128 2482 2488 2568 Compendii
2537 2484 2715 2569 Gury
2747 2485 2860 2568 (a),
2910 2484 3191 2567 nunquid

721 2588 915 2652 trium
961 2587 1222 2669 denique
1269 2588 1642 2671 scriptorum
1689 2589 1902 2670 lapsus
1950 2588 2280 2664 sufficeret,
2328 2591 2403 2651 ut
2447 2607 2635 2671 prope
2684 2588 2973 2652 omnibus
3020 2587 3191 2652 illius

719 2690 913 2753 seculi
959 2690 1319 2754 auctoribus
1367 2709 1757 2754 communem
1806 2710 1943 2754 eam
1979 2690 2184 2755 labem
2230 2690 2538 2755 exstitisse
2586 2691 3011 2756 affirmemus?

810 2793 915 2854 40.
966 2791 1100 2869 Quo
1150 2791 1374 2855 veriori
1419 2792 1633 2873 itaque
1682 2811 1864 2855 sensu
1913 2792 2152 2856 obiecta
2199 2811 2247 2855 s.
2281 2792 2586 2875 Alphonsi
2630 2793 2817 2858 verba
2864 2794 2994 2858 sint
3040 2795 3191 2859 acci·

722 2892 965 2974 pienda,
997 2892 1221 2957 melius
1254 2911 1400 2957 sane
1433 2913 1505 2958 ex
1539 2894 1732 2976 ipsius
1763 2914 1812 2957 s,
1849 2894 2135 2959 Doctoris
2169 2894 2414 2977 scriptis
2453 2914 2565 2977 par
2596 2896 2692 2960 est
2721 2895 3055 2962 addiscere.

809 2997 901 3060 Ac
946 2995 1146 3079 primo
1194 2994 1442 3077 quidem
1477 2995 1735 3080 dignum
1768 3000 1881 3074 est,
1917 2996 2083 3078 quod
2115 2996 2498 3074 advertatur,
2534 2997 2843 3078 quomodo
2878 3017 2926 3062 s.
2955 2999 3190 3064 Doctor

721 3099 860 3181 plus
907 3097 1096 3162 semel
1151 3099 1438 3173 testetur,
1490 3099 1542 3163 si
1588 3098 1736 3180 quid
1789 3098 1855 3162 in
1910 3099 2330 3181 probabilistis
2393 3100 2797 3182 scriptoribus
2861 3102 3189 3166 anterioris

721 3201 946 3266 aetatis
996 3203 1298 3277 occurrat,
1334 3200 1499 3283 quod
1547 3201 1751 3265 minus
1801 3201 2049 3284 probari
2086 3202 2277 3284 queat
2313 3201 2390 3266 ob
2424 3202 2697 3282 aliquam
2743 3201 3030 3267 latitatis
3062 3224 3190 3287 spe·

716 3304 895 3381 ciem,
927 3303 991 3366 id
1029 3323 1151 3369 non
1185 3302 1338 3367 vitio
1388 3303 1744 3387 systematis
1780 3323 1992 3369 eorum
2032 3304 2282 3386 proprii,
2334 3303 2438 3369 sed
2485 3303 2639 3369 vitio
2677 3304 2841 3368 male
2873 3306 3188 3370 utentium

720 3408 1057 3490 systemate
1106 3406 1576 3471 adscribendum
1609 3425 1758 3472 esse.
1795 3407 1892 3471 Ita
1926 3426 1973 3470 S.
2011 3407 2246 3471 Doctor
2275 3407 2339 3471 in
2378 3406 2686 3492 Apologia
2718 3409 2934 3472 contro
2968 3408 3188 3474 Adelfo

723 3508 977 3572 Dositeo
1014 3508 1070 3590 ξ.
1112 3508 1228 3571 ΙΙΙ.
1270 3533 1304 3566 «
1346 3509 1415 3571 In
1465 3508 1659 3572 verit-{1
1710 3510 1807 3572 nel
1857 3509 2057 3574 secolo
2106 3510 2356 3592 passato
2404 3510 2467 3575 vi
2515 3509 2822 3579 fi1.abuso
2871 3510 2932 3574 in
2982 3511 3188 3575 alcuni

719 3609 1132 3692 probabilisti‚
1180 3610 1438 3674 errando
1487 3629 1609 3675 non
1655 3611 1759 3695 gia
1809 3611 2228 3693 nell'opinare,
2277 3630 2382 3675 ma
2427 3612 2526 3676 nel
2557 3611 2719 3676 male
2768 3611 3045 3694 opinare,
3096 3614 3187 3678 col

718 3712 1030 3777 chiamare
1078 3712 1385 3794 probabili
1417 3714 1608 3778 molte
1642 3714 1935 3796 opinioni,
1975 3714 2086 3778 che
2125 3732 2309 3779 erano
2340 3715 2521 3779 lasse.
2555 3714 2605 3778 E
2644 3718 2864 3796 questo
2910 3719 3188 3799 appunto

717 3819 748 3879 e
796 3816 938 3897 quel
985 3815 1169 3880 modo
1217 3815 1327 3879 che
1373 3814 1451 3878 da
1499 3816 1870 3880 Alessandro
1905 3816 2045 3880 VII.
2087 3815 2154 3881 fu
2200 3815 2511 3882 chiamato
2560 3815 2776 3880 nwdus
2810 3815 3066 3882 alimus
3110 3818 3188 3882 ab

796 4076 858 4128 (a)
890 4074 962 4117 Ea
992 4075 1066 4117 est
1096 4072 1401 4117 huiusmodi.
1433 4091 1450 4111 ‹
1474 4073 1678 4117 Falsum
1706 4074 1839 4117 hanc
1859 4074 2146 4127 opinionem
2167 4073 2462 4117 Dominicus
2491 4074 2622 4118 Vive
2651 4074 2711 4118 In
2738 4078 2885 4129 Prop.
2909 4073 3001 4117 111.
3021 4076 3180 4116 damn.

710 4149 776 4192 nb
802 4148 976 4192 Innoc.
1008 4146 1094 4189 XI.
1126 4159 1178 4188 n.
1212 4148 1250 4189 1.
1279 4146 1482 4190 affluxit
1509 4146 1856 4200 Tamburinio,
1889 4147 2117 4190 Breeeero
2147 4153 2199 4190 et
2227 4145 2427 4200 Amico;
2459 4146 2544 4191 sed
2572 4156 2634 4192 ex
2663 4158 2804 4193 mera
2841 4145 3180 4200 indiligentia.

713 4219 843 4264 Nam
875 4219 919 4262 1·
948 4216 1304 4261 Tamburinius
1334 4219 1393 4260 In
1424 4219 1530 4261 Dec.
1562 4218 1649 4260 lib.
1681 4218 1721 4261 Ι.
1752 4230 1862 4274 cap.
1892 4219 1932 4261 3.
1966 4225 1988 4268 3
2015 4218 2109 4261 ΠΙ.
2140 4230 2192 4261 11.
2223 4218 2291 4261 11.
2321 4229 2550 4272 expresse
2577 4223 2742 4272 cavet,
2771 4229 2836 4261 ne
2856 4215 3185 4272 probabilitas

713 4290 927 4333 alterius
956 4287 1309 4343 propositionis
1337 4291 1486 4331 tanta
1513 4288 1599 4342 eit,
1630 4293 1687 4330 ut
1717 4290 2002 4344 oppositam
2031 4301 2062 4333 a
2088 4288 2448 4344 probabilitate
2475 4289 2680 4333 deiiciat
2709 4292 2760 4332 et
2789 4289 2862 4332 nic
2891 4286 3187 4333 intellectu·

718 4361 992 4414 prudenter
1019 4361 1257 4404 assentiri
1276 4362 1458 4414 queat:
1479 4360 1525 4404 ἓν
1546 4359 1810 4404 Breeserue
1829 4362 1884 4404 de
1907 4362 2064 4406 Conec-
2086 4360 2175 4404 lib.
2195 4361 2238 4404 3.
2270 4373 2378 4414 cap.
2396 4360 2440 4404 6.
2458 4372 2511 4404 11.
2530 4360 2600 4405 77.
2620 4359 2681 4404 de
2700 4360 2937 4416 opinione
2964 4359 3186 4412 disserit,

716 4443 806 4485 pro
833 4443 936 4484 qua
962 4432 1094 4473 ratio
1124 4433 1285 4487 rnayni
1311 4432 1556 4475 momenti
1586 4431 1800 4475 militet:
1832 4433 1880 4474 3⁰
1909 4432 2126 4487 denique
2154 4432 2364 4476 Amicus
2398 4432 2542 4476 Theol.
2573 4432 2708 4477 schol.
2740 4439 2863 4477 tom.
2882 4433 2927 4477 8.
2957 4433 3090 4487 disp.
3121 4432 3185 4473 15-

714 4505 835 4544 sect.
863 4501 906 4545 8.
938 4514 988 4544 n.
1017 4503 1085 4546 49.
1116 4514 1216 4545 non
1246 4503 1307 4546 de
1345 4506 1473 4546 tenui
1505 4503 1834 4557 probabilitate
1863 4503 2107 4558 loquitur,
2137 4516 2224 4547 seu
2255 4502 2315 4547 de
2345 4506 2476 4547 tenui
2514 4514 2721 4556 amm,
2752 4516 2905 4557 quem
2942 4502 3184 4548 adscribit

712 4572 941 4626 opinioni
970 4572 1215 4626 probabili
1247 4574 1636 4627 probabiliorem
1666 4578 1844 4618 contra
1873 4587 1925 4618 ee
1952 4575 2177 4618 habenti.
2200 4593 2218 4613 ο
