3529 5158
1130 369 1215 410 nn
1252 370 1462 413 unm
1496 370 1544 412 s.
1583 370 1886 413 Anruosm
1923 370 2057 411 mo.
2720 355 2829 412 635

453 465 515 528 3.
552 464 726 544 Quae
770 466 1020 547 quidem
1065 466 1446 550 nuncupatio
1483 485 1756 549 quonam
1795 468 2064 550 praecise
2110 486 2293 533 sensu
2337 466 2532 549 accipi
2578 467 2824 546 debeat,

362 567 672 633 enimvero
719 587 840 633 non
888 569 1045 634 satis
1090 571 1405 652 perspicue
1451 570 1758 635 elucescit.
1808 571 1973 635 Nam
2012 570 2066 634 si
2113 570 2204 633 ita
2250 569 2609 651 accipiatur.
2646 568 2826 649 quasi

371 716 655 726 ...ψ-,ᾑ-

363 808 441 849 est
466 805 615 859 idem,
646 811 704 850 ut
733 807 864 851 siout
892 808 1188 852 notabiliter
1219 809 1378 853 maior
1405 810 1507 853 imo
1534 810 1692 853 etiam
1719 809 1950 864 aequalis
1979 811 2186 852 tantum
2215 807 2551 863 probabilitas
2569 810 2715 850 stans
2734 818 2828 861 pro

360 877 599 922 libertate
626 884 803 923 contra
830 880 992 936 legem
1020 881 1085 924 ab
1111 881 1267 926 huius
1291 882 1600 938 obligatione
1626 882 1852 937 proxime
1881 894 1971 926 nos
1999 880 2195 933 eximit,
2225 894 2288 924 ne
2317 880 2548 935 alioquin
2572 879 2635 922 ad
2667 880 2824 923 nimis

364 950 553 993 multas
581 950 714 1005 leges
740 951 906 1005 reipsa
934 964 1036 995 non
1064 952 1363 996 exsistentes
1390 951 1744 1008 obligaremur,
1777 964 1894 996 cum
1923 953 2141 995 maxime
2174 949 2402 1005 periculo
2439 950 2626 993 nimiae
2656 949 2829 992 multi·

362 1021 652 1075 plicationis
681 1025 1002 1076 peccatorum
1032 1022 1322 1067 formalium
1350 1037 1409 1067 ao
1428 1025 1608 1068 ruinae
1637 1023 2000 1079 plurimorum:
2033 1024 2103 1068 sic
2132 1035 2159 1066 e
2187 1021 2444 1066 contrario
2473 1024 2533 1065 nt
2561 1021 2828 1065 notabiliter

362 1095 515 1137 maior
534 1094 846 1148 probabilitas
872 1097 1014 1139 stans
1040 1109 1131 1150 pro
1156 1096 1265 1152 lege
1293 1100 1472 1141 contra
1496 1096 1792 1142 libertatem
1820 1096 2070 1141 sufficeret
2097 1095 2164 1140 sd
2193 1095 2534 1140 inducendam
2565 1093 2829 1148 obligatio·

363 1176 482 1208 nem
509 1166 790 1219 proximam
818 1166 979 1210 eidem
1008 1167 1108 1223 legi
1134 1180 1225 1210 nos
1251 1168 1544 1221 subiicendi,
1570 1181 1633 1211 ne
1662 1168 1792 1211 alias
1819 1169 2118 1211 innumerae
2145 1181 2272 1222 pene
2302 1169 2435 1222 leges
2477 1167 2640 1220 reipsa
2668 1166 2824 1209 etiam

362 1235 661 1278 exsistentes
691 1237 741 1278 et
770 1235 833 1279 ad
859 1240 1085 1280 nostram
1114 1238 1396 1282 utilitatem
1423 1239 1695 1282 institutae
1715 1243 1946 1293 respectu
1968 1240 2323 1294 plerorumque
2353 1251 2410 1282 ac
2441 1251 2567 1292 pene
2596 1238 2824 1282 omnium

364 1305 470 1349 vim
498 1318 697 1350 omnem
725 1307 983 1363 obligandi
1010 1320 1214 1363 unaque
1240 1309 1393 1355 finem
1424 1322 1574 1354 suum
1602 1312 1904 1354 amitterent
1933 1330 1972 1352 ι.

444 1378 581 1427 Quae
608 1380 742 1422 ratio
768 1380 936 1423 nescio
962 1394 1029 1424 an
1054 1381 1211 1424 alicui
1240 1381 1415 1425 efficax
1436 1382 1599 1426 videri
1628 1386 1798 1437 queat.
1829 1382 1942 1426 Non
1970 1383 2136 1437 placet
2165 1384 2299 1437 quod
2328 1383 2530 1427 dicatur
2559 1382 2694 1427 Deus
2712 1382 2828 1435 plu·

361 1450 518 1493 rimas
545 1450 678 1505 leges
719 1451 911 1495 voluisse.
948 1466 1051 1495 esse
1087 1452 1344 1495 obscuras:
1386 1454 1437 1497 id
1469 1456 1737 1507 permisisse
1763 1454 1931 1508 potius
1958 1467 2111 1508 quam
2155 1456 2403 1498 intendisse
2444 1453 2690 1497 dicendus
2729 1455 2819 1495 est.

364 1522 538 1577 Neque
568 1535 809 1577 magnum
847 1528 924 1568 est
959 1525 1331 1569 incommodum
1372 1527 1506 1580 quod
1546 1526 1803 1581 plurimae
1831 1527 1964 1581 leges
1991 1538 2098 1579 seu,
2128 1530 2189 1570 ut
2217 1526 2506 1570 accuratius
2533 1526 2819 1579 loquamur,

365 1596 728 1650 applicationes
756 1597 942 1652 legum,
976 1599 1078 1640 vim
1107 1597 1364 1653 obligandi
1401 1611 1503 1642 non
1541 1604 1801 1652 exserant3
1832 1611 1951 1643 nam
1981 1604 2032 1641 et
2061 1599 2298 1643 honestas
2329 1600 2558 1651 actionis,
2587 1610 2717 1653 quae
2746 1606 2826 1642 est

364 1666 481 1709 finis
509 1667 693 1720 legum,
724 1667 878 1709 etiam
908 1668 1014 1711 sine
1043 1669 1147 1710 illis
1176 1669 1371 1712 obtimt
1399 1674 1449 1713 et
1478 1670 1730 1724 plurimae
1751 1674 1948 1713 restant
1974 1672 2106 1724 leges
2134 1674 2319 1723 certae,
2348 1683 2568 1723 quarum
2597 1670 2824 1714 observa·

362 1737 500 1781 tione
528 1738 675 1780 homo
703 1737 1060 1782 subiectionem
1091 1753 1235 1782 suam
1264 1740 1366 1784 Deo
1393 1752 1637 1795 suamque
1664 1742 1717 1784 in
1748 1740 2063 1785 difficillimis
2091 1753 2290 1795 quoque
2327 1742 2477 1784 rebus
2520 1740 2822 1785 fidelitatem

363 1810 575 1865 probare
605 1811 793 1855 valeat.

444 1882 591 1925 Certe
619 1895 781 1937 neque
811 1882 915 1939 ipse
944 1884 1146 1926 Rassler
1171 1884 1444 1928 admodum
1464 1898 1585 1929 suae
1606 1886 1829 1940 opinioni
1860 1887 2065 1930 fidebat.
2093 1888 2220 1930 Ecce
2250 1887 2383 1928 enim
2413 1887 2645 1929 clausula
2667 1888 2827 1930 totius

360 1953 591 2007 synopsis
620 1967 669 1996 n.
701 1954 794 1997 128.
833 1973 849 1992 c
871 1955 1106 1999 Ceterum
1137 1955 1283 2000 facile
1303 1956 1618 2008 crediderim,
1641 1957 1744 2001 fore
1764 1957 1919 2002 etiam
1949 1957 2180 2011 deinceps
2210 1957 2508 2012 complures,
2539 1957 2722 2011 quibus
2741 1957 2825 2000 vel

361 2026 479 2070 solis
508 2025 629 2077 illis,
660 2038 790 2079 quae
820 2026 1067 2070 hactenus
1090 2028 1148 2071 in
1166 2029 1459 2082 compendio
1477 2032 1529 2073 et
1551 2030 1607 2072 in
1627 2029 1753 2085 disp.
1773 2030 1816 2072 8.
1839 2042 1888 2084 q.
1910 2032 1976 2073 10.
1996 2030 2222 2084 pleniore
2247 2030 2443 2074 calamo
2469 2030 2524 2072 in
2552 2032 2828 2083 utramque

361 2100 559 2153 partem
589 2098 835 2152 producta
862 2100 1001 2151 sunt,
1030 2099 1373 2153 consideratis,
1395 2101 1591 2155 beniyna
1619 2100 1715 2143 hac
1736 2102 1790 2145 in
1810 2100 2106 2155 quaestione
2121 2104 2350 2144 contentia
2379 2102 2540 2154 magis
2568 2100 2736 2143 adhuc
2756 2100 2822 2143 sit

360 2170 614 2223 placitura
642 2183 796 2223 quam
826 2170 1033 2225 rigidior
1061 2170 1598 2225 probabilioristarum.
1622 2172 1719 2215 Res
1748 2171 1883 2215 enim
1905 2175 2028 2221 tota,
2050 2171 2147 2214 nisi
2179 2184 2290 2214 mea
2320 2172 2444 2213 mihi
2474 2172 2642 2225 opinio
2673 2170 2826 2224 impo-

360 2244 469 2293 nat,
497 2241 759 2285 reducitur
788 2241 852 2285 ad
882 2242 1221 2296 prudentiale,
1242 2246 1301 2285 ut
1322 2242 1397 2286 ita
1417 2243 1611 2297 loquar.
1636 2243 1886 2286 iudicium
1912 2247 1965 2287 et
1992 2244 2057 2287 ab
2081 2253 2140 2287 eo
2165 2241 2388 2297 denique
2407 2242 2605 2296 pendet.
2628 2243 2823 2295 utrum,

358 2314 584 2369 pensetis
611 2314 858 2367 omnibus,
888 2315 1116 2358 absolute
1146 2314 1328 2359 melius
1346 2314 1413 2358 sit
1433 2320 1487 2358 et
1511 2316 1717 2360 infinita
1744 2315 1968 2369 supremi
1996 2316 2303 2370 legislatoris
2331 2315 2582 2370 sapientia
2601 2314 2825 2369 dignius,

360 2388 420 2427 ut
448 2398 538 2428 nos
566 2385 691 2428 velit
720 2385 966 2440 obligatos
993 2398 1096 2428 esse
1126 2387 1189 2428 ad
1218 2388 1494 2429 servandas
1514 2388 1648 2441 leges
1666 2399 2030 2441 quascumque,
2052 2398 2270 2440 quarum
2304 2386 2602 2429 exsistentia
2631 2386 2823 2428 notabi-

359 2457 483 2499 liter
510 2455 814 2509 probabilior
842 2456 984 2500 nobis
1011 2460 1271 2512 appareat,
1302 2459 1405 2500 sive
1435 2458 1553 2502 dein
1599 2458 1718 2501 illae
1756 2459 2007 2503 exsistant
2037 2459 2140 2501 sive
2168 2471 2291 2511 non,
2318 2470 2381 2501 ne
2413 2458 2640 2513 alioquin
2669 2457 2823 2500 nimis

360 2528 559 2571 multae
582 2527 718 2583 leges
746 2529 811 2572 ad
843 2530 1070 2573 nostram
1107 2529 1392 2574 utilitatem
1428 2530 1567 2575 latae
1607 2532 1744 2586 apud
1788 2532 2053 2587 plerosque
2097 2531 2203 2575 vim
2245 2530 2501 2587 obligandi
2538 2529 2822 2585 proximam

360 2600 661 2644 amittant...
690 2613 755 2644 an
787 2613 905 2644 vero
934 2605 992 2644 ut
1020 2615 1109 2645 nos
1137 2602 1439 2659 obligatione
1483 2604 1579 2646 hao
1621 2604 1747 2646 velit
1791 2616 1895 2647 esse
1933 2605 2142 2656 solutos,
2173 2617 2237 2647 ne
2268 2603 2413 2656 alias,
2454 2606 2656 2657 praeter
2685 2603 2819 2657 leges

361 2675 610 2730 plurimas
643 2679 775 2718 certe
806 2675 1119 2728 exsistentes,
1141 2682 1637 2730 servare,teneamur
1658 2678 1856 2732 aliquas
1875 2678 2040 2732 reipsa
2061 2679 2215 2720 etiam
2246 2665 2344 2720 non
2375 2675 2690 2721 exsistentes.
2712 2676 2823 2726 Qua

362 2748 418 2790 in
447 2759 501 2790 re
529 2758 744 2801 pronum
765 2753 839 2789 est
860 2748 1061 2791 variare
1078 2748 1266 2791 iudicia
1285 2748 1440 2793 etiam
1461 2750 1787 2803 prudentum.
1809 2749 1884 2793 Ao
1901 2749 2044 2793 nobis
2063 2748 2268 2804 quidem
2288 2750 2431 2803 prius
2457 2749 2641 2793 horum
2661 2749 2823 2802 magis

361 2819 627 2873 probatum
643 2818 828 2873 quibus
848 2823 1019 2863 autem
1038 2820 1336 2875 oppositum,
1361 2834 1413 2864 re
1433 2824 1632 2865 mature
1650 2821 1893 2875 discussa,
1906 2821 2162 2865 videbitur
2176 2834 2280 2865 esse
2296 2822 2623 2876 probabilius,
2643 2822 2823 2874 eidem,

361 2891 504 2933 nobis
526 2890 732 2933 minime
762 2890 957 2944 invitis,
986 2893 1332 2935 assentientur
1355 2912 1393 2935 ι.

442 2963 696 3006 Antonius
736 2962 882 3015 Mayr
919 2963 1221 3016 (leva-1749.)
1258 2964 1312 3006 in
1355 2977 1447 3007 sua
1493 2965 1729 3019 Theoloqt'n
1767 2965 2055 3016 scholastica,
2097 2968 2162 3008 tr.
2192 2967 2234 3008 4.
2265 2967 2320 3006 cie
2350 2965 2541 3007 Actibus
2587 2967 2823 3016 humanis,

360 3040 460 3086 art.
489 3036 531 3078 6.
562 3048 614 3079 n.
642 3035 740 3078 316.
777 3036 875 3078 ait:
901 3053 921 3073 e
942 3035 1090 3079 Dico:
1122 3037 1165 3079 si
1194 3037 1349 3080 datur
1390 3038 1529 3080 inter
1564 3038 1693 3081 duas
1727 3038 2013 3081 sententias
2050 3037 2280 3090 aequalis
2321 3035 2650 3089 probabilitas
2693 3048 2824 3089 quae

359 3108 653 3150 immediate
681 3109 938 3151 concernit
965 3108 1225 3151 licentiam
1253 3109 1467 3151 actionis
1497 3110 1577 3151 vel
1606 3108 1741 3151 cadit
1781 3108 2072 3149 immediate
2111 3119 2265 3160 supra
2299 3106 2650 3148 exsistentiam
2681 3107 2822 3158 legis,

359 3179 483 3222 licet
511 3179 650 3232 sequi
680 3180 835 3221 etiam
860 3179 1028 3222 minus
1057 3181 1226 3221 tutam
1248 3197 1287 3220 ›.
1307 3177 1447 3228 Quod
1475 3178 1806 3221 demonstrat.
1839 3178 2026 3220 Deinde
2059 3179 2155 3219 art.
2189 3177 2258 3219 12.
2291 3177 2519 3228 quaerit:
2552 3174 2675 3229 quid
2713 3189 2826 3217 ceu-

361 3253 511 3294 seant
532 3253 759 3294 auctores
788 3250 850 3293 de
878 3251 1132 3294 sententia
1160 3251 1331 3293 minus
1359 3253 1479 3293 tuta
1508 3254 1557 3292 et
1586 3251 1757 3293 minus
1797 3248 2044 3302 probabili
2088 3251 2140 3290 et
2168 3247 2436 3300 respondet
2465 3260 2516 3290 n.
2547 3247 2643 3290 846.
2673 3265 2688 3283 ‹
2711 3246 2823 3290 Non

357 3321 653 3365 instituitur
679 3324 908 3376 quaestio
926 3323 988 3365 de
1007 3321 1261 3364 sententia
1290 3321 1458 3363 minus
1478 3324 1612 3371 tuta,
1632 3333 1761 3374 quae
1783 3321 1850 3363 sit
1871 3324 2077 3361 tantum
2108 3319 2298 3362 modice
2328 3319 2500 3362 minus
2532 3318 2824 3372 probabilis,

280 3401 285 3406 ·
357 3393 432 3436 ita
461 3395 521 3435 ut
550 3405 778 3435 excessus
807 3393 1195 3447 probabilitatis,
1218 3392 1307 3446 qui
1327 3393 1479 3434 datur
1502 3393 1553 3433 in
1576 3391 1832 3434 sententia
1852 3393 2056 3442 tutiore,
2080 3403 2180 3432 non
2202 3389 2268 3431 sit
2289 3389 2585 3432 notabiliter
2605 3388 2825 3432 maior...

356 3464 524 3520 Igitur
549 3465 816 3519 quaeritur
845 3465 928 3507 bic
956 3465 1173 3508 maxime
1201 3465 1263 3507 de
1291 3464 1547 3507 sententia
1566 3464 1736 3506 minus
1756 3467 1874 3506 tuta
1892 3461 2147 3516 simulque
2180 3462 2443 3505 notabiliter
2473 3464 2629 3504 minus
2652 3460 2825 3514 proba·

355 3537 454 3585 bili.
482 3537 557 3580 ita
588 3541 645 3580 ut
676 3550 904 3580 excessus
932 3550 1022 3591 pro
1045 3537 1276 3593 opinione
1306 3536 1497 3579 tutiore
1525 3535 1592 3578 sit
1620 3538 1693 3578 sat
1720 3535 1882 3578 clarus
1911 3548 2002 3577 neo
2030 3534 2158 3578 levis
2201 3537 2408 3578 tantum
2435 3534 2699 3586 momenti,
2737 3532 2824 3575 sed

359 3610 591 3652 notabilis.
621 3609 716 3659 Qui
748 3610 953 3652 termini
982 3610 1132 3664 plane
1177 3608 1395 3651 ulterius
1422 3607 1664 3662 explicari
1709 3619 1810 3650 non
1850 3609 2087 3662 possunt;
2121 3609 2205 3650 sed
2238 3608 2400 3651 cuivis
2430 3608 2672 3663 prudenti
2700 3606 2824 3650 satis

362 3682 527 3736 aperti
555 3685 676 3724 sunt
698 3701 736 3725 ·.
760 3682 910 3724 Porro
937 3680 1133 3724 subdit:
1170 3699 1187 3718 ι
1212 3681 1423 3722 Plurimi
1454 3685 1504 3723 et
1534 3681 1720 3733 absque
1747 3680 1903 3723 dubio
1942 3681 2115 3734 magni
2155 3679 2253 3722 viri
2289 3681 2455 3732 aiunt,
2487 3692 2590 3723 esse
2620 3678 2820 3722 licitum

362 3755 504 3808 sequi
531 3753 840 3797 sententIam
867 3753 1037 3797 minus
1064 3755 1235 3796 tutam
1264 3755 1314 3795 et
1344 3751 1636 3798 notabiliter
1656 3752 1827 3795 minus
1849 3753 2157 3805 probabilem
2187 3752 2332 3795 modo
2359 3751 2526 3793 adhuc
2548 3763 2664 3792 vere
2685 3750 2828 3792 theo-

362 3825 517 3878 logice
545 3824 816 3880 probabilis
844 3824 931 3872 sit:
965 3825 1057 3867 hoc
1076 3824 1240 3878 ipsum
1261 3827 1432 3866 tamen
1456 3824 1609 3866 etiam
1640 3824 1814 3878 magni
1834 3829 1882 3866 et
1912 3824 2123 3877 plurimi
2153 3827 2383 3866 auctores
2413 3824 2600 3874 negant
2621 3839 2659 3862 ι.
2683 3821 2820 3869 Quod

364 3904 415 3939 et
445 3898 628 3951 repetit
660 3901 756 3940 art.
791 3898 854 3939 13.
888 3910 937 3938 n.
966 3896 1059 3938 357.
1098 3913 1115 3933 e
1136 3896 1274 3939 Alios
1303 3908 1509 3949 magnos
1537 3895 1672 3938 viros
1700 3897 1998 3949 praesertim
2031 3896 2083 3936 in
2114 3893 2462 3946 Oenipontana
2491 3894 2542 3934 et
2582 3889 2825 3945 Ingolsta·

366 3969 526 4012 diensi
554 3969 898 4013 Universitate
928 3968 1051 4010 haec
1089 3967 1342 4011 sententia
1371 3971 1519 4021 (quae
1559 3979 1739 4021 nempe
1768 3971 1920 4022 negat
1947 3967 2098 4009 licere
2142 3964 2284 4019 sequi
2320 3962 2616 4007 notabiliter
2654 3963 2826 4005 minus

367 4041 690 4094 probabilem)
720 4040 901 4083 habuit
931 4042 1167 4092 patronos
1195 4043 1247 4083 et
1274 4039 1508 4092 quamvis
1551 4040 1749 4092 saepius
1777 4052 1836 4082 ac
1865 4038 2061 4082 diutius
2087 4037 2139 4080 in
2169 4037 2304 4079 hisce
2345 4035 2767 4079 universitatibus
2795 4048 2826 4078 a

363 4113 601 4155 maximis
629 4112 783 4154 etiam
815 4111 938 4154 viris
958 4110 1151 4153 tradita
1170 4110 1325 4152 fuerit
1346 4112 1601 4152 sententia
1620 4111 1826 4152 omnino
1841 4110 2082 4162 benig11a;
2107 4115 2278 4151 tamen
2299 4106 2660 4162 posterioribus
2691 4107 2828 4150 hisce

364 4185 513 4227 annis
541 4183 838 4238 [ugolstadii
869 4187 1050 4236 quater
1068 4182 1251 4226 saltem
1270 4181 1467 4225 vicibus
1484 4183 1737 4236 praelecta
1767 4190 1844 4224 est
1869 4183 2096 4225 sententia
2125 4182 2274 4224 media
2306 4181 2394 4233 (sic
2422 4192 2533 4224 eam
2555 4184 2701 4223 vocat
2721 4192 2828 4224 sen-

363 4255 580 4299 tentiam
600 4267 729 4310 quae
749 4255 975 4299 concedit
990 4254 1194 4308 quidem
1212 4266 1360 4296 usum
1377 4253 1624 4308 opinionis
1639 4265 1798 4307 aeque
1814 4251 2086 4306 probabilis
2106 4264 2195 4306 pro
2213 4252 2468 4304 libertate,
2486 4257 2641 4307 negat
2657 4257 2829 4296 autem

366 4339 515 4370 usum
530 4325 828 4368 notabiliter
844 4326 1011 4368 minus
1028 4325 1327 4379 probabilis).
1347 4325 1511 4374 Quare
1525 4323 1653 4366 nihil
1672 4324 1865 4366 insoliti
1887 4324 2024 4376 facit,
2041 4324 2127 4377 qui
2148 4327 2295 4366 tanta
2315 4323 2525 4379 vestigia
2542 4325 2772 4378 sequitur
2791 4344 2827 4368 ι.

446 4398 822 4450 Argumentum
852 4397 980 4440 forte
1010 4396 1336 4450 praecipuum
1366 4407 1485 4438 suae
1514 4396 1798 4438 sententiae
1834 4395 1904 4438 sic
1934 4396 2120 4449 promit
2150 4399 2247 4438 art.
2281 4397 2346 4438 14.
2380 4409 2430 4439 n.
2461 4395 2556 4440 561.
2583 4414 2602 4434 α
2620 4395 2831 4446 Quando

365 4469 585 4514 habetur
616 4469 875 4513 notabiliter
902 4472 1054 4513 maior
1074 4470 1397 4524 probabilitas,
1430 4470 1532 4513 iam
1560 4471 1793 4513 censetur
1813 4469 1987 4512 haberi
2019 4469 2271 4513 certitudo
2300 4469 2526 4524 moralis,
2544 4470 2702 4514 latius
2731 4471 2830 4514 sal·

366 4547 471 4584 tem
498 4542 660 4585 diota:
692 4553 807 4595 ergo
838 4553 938 4583 non
968 4541 1182 4583 habetur
1224 4542 1443 4595 amplius
1481 4541 1712 4593 dubium,
1741 4541 1876 4594 quod
1906 4540 2142 4584 excludat
2188 4540 2320 4584 hanc
2349 4541 2726 4584 certitudinem.
2757 4542 2824 4584 Et

367 4613 494 4656 haec
521 4625 642 4656 sane
669 4611 923 4655 certitudo
952 4612 1155 4654 videtur
1184 4612 1435 4655 sufficiens
1463 4625 1566 4656 esse
1594 4612 1854 4654 intimatio
1881 4611 2221 4666 obligationis,
2249 4613 2483 4665 quamvis
2512 4624 2627 4655 cum
2649 4624 2706 4654 ea
2727 4614 2828 4655 stet

365 4685 573 4739 aliquod
603 4683 814 4726 dubium
838 4701 876 4726 ι.
899 4683 972 4726 Cf.
1000 4684 1138 4726 dicta
1167 4683 1220 4725 in
1250 4684 1330 4727 Tr.
1360 4684 1420 4726 de
1448 4683 1767 4726 Conscientia
1795 4696 1844 4726 n.
1878 4684 1970 4726 197.
2001 4684 2057 4727 Ε.
