3529 5158
285 341 424 411 [470]
1385 351 1643 394 nnuma
2635 335 2741 391 447

368 447 545 521 489.
579 450 677 515 Ad
723 451 1301 535 interpretationem
1331 451 1607 515 revocari
1645 450 1809 515 solet
1836 469 1909 514 ea
1940 449 2225 532 specialis
2272 450 2337 513 et
2381 447 2629 530 privata
2659 447 2749 511 in-

282 553 644 637 terpretatio
658 553 839 638 legia,
866 572 1025 635 quae
1055 553 1192 617 fieri
1206 553 1435 618 dicitur
1450 572 1559 636 per
1580 553 1905 637 Epikeiam
1922 548 2250 636 (ἐπιείκεια
2277 550 2745 634 aequitas),qua

281 656 353 722 de
382 676 447 721 re
476 659 541 720 et
577 657 642 720 in
675 657 1039 739 quaestione
1069 656 1144 721 de
1172 657 1514 722 cessatione
1535 657 1695 742 legis
1734 657 1878 740 apte
1910 656 2170 721 tractari
2200 657 2426 740 posset.

368 756 527 823 Cum
572 758 738 823 enim
768 758 1118 824 iudicamus
1155 759 1569 824 universalem
1600 759 1804 845 legem
1849 760 1915 823 in
1953 759 2164 841 aliquo
2202 759 2568 841 particulari
2597 777 2745 822 casu

280 879 514 926 cessare
545 881 657 925 seu
685 879 808 926 non
841 861 1138 946 obligare,
1172 863 1413 927 utimur
1442 862 1682 945 epikeia
1719 863 1838 927 hoc
1867 863 1964 926 est
2008 860 2347 925 secundum
2384 880 2652 943 aequum
2683 861 2748 924 et

282 962 509 1027 bonum
543 962 912 1027 iudicamus.
952 963 1068 1027 Est
1103 967 1170 1028 et
1199 964 1334 1046 ipsa
1381 963 1685 1045 quaedam
1730 962 2042 1027 restrictio
2087 962 2263 1047 legis,
2313 964 2623 1045 quatenus
2669 961 2747 1026 ad

267 1083 421 1130 ‘eum
451 1065 894 1148 particularem
924 1084 1139 1130 casum
1171 1066 1269 1129 lex
1303 1084 1428 1130 non
1461 1066 1823 1131 estenditur.

366 1168 867 1233 Fundamentum
913 1168 1100 1233 huius
1147 1168 1484 1250 aequitatis
1530 1168 1831 1231 indicavit
1873 1166 2244 1231 Aristoteles
2291 1169 2352 1230 5.
2399 1166 2602 1231 Ethic.
2641 1167 2743 1229 10.

288 1293 324 1328 ‹
354 1270 655 1335 ἐπιείκεια
705 1271 800 1334 631
847 1269 1195 1334 emendatio
1240 1270 1396 1334 iusti
1438 1269 1741 1354 legitimi:
1776 1287 1923 1332 nam
1953 1269 2052 1332 lex
2082 1268 2334 1350 quidem
2376 1267 2746 1333 universalis

280 1379 398 1441 est:
447 1376 583 1440 fieri
630 1379 842 1441 autem
886 1396 1009 1442 non
1057 1377 1264 1460 potest
1293 1378 1367 1440 ut
1398 1376 1473 1441 de
1511 1375 1883 1458 quibusdam
1921 1373 2460 1459 (particularibus)
2506 1373 2747 1438 univer·

281 1478 494 1543 saliter
532 1479 696 1543 recte
725 1479 1002 1543 dicatur:
1037 1478 1142 1543 sed
1179 1479 1275 1543 lex
1307 1480 1370 1543 id
1409 1479 1651 1562 accipit,
1686 1479 1849 1561 quod
1888 1478 1964 1543 fit
1995 1479 2358 1562 plerumque
2396 1495 2522 1542 non
2566 1476 2746 1560 igno-

281 1600 416 1644 rans
468 1580 801 1662 aliquando
848 1580 1120 1645 deficere.
1169 1581 1251 1644 Et
1282 1582 1378 1645 est
1422 1582 1831 1645 nihilominus
1863 1581 1962 1645 lex
1992 1582 2190 1655 recta3
2224 1579 2499 1643 defectus
2533 1580 2745 1642 autem

280 1702 396 1748 non
441 1685 543 1747 est
585 1683 650 1746 in
693 1682 830 1766 lege
877 1702 985 1747 nec
1037 1683 1103 1747 in
1156 1683 1536 1767 legislatore,
1570 1682 1675 1747 sed
1728 1684 1793 1747 in
1827 1684 1964 1766 ipsa
2011 1683 2102 1746 rei
2134 1683 2383 1746 natura.
2434 1679 2744 1745 Continuo

280 1786 437 1850 enim
481 1804 690 1849 rerum
734 1803 968 1864 earum,
1002 1804 1162 1867 quae
1193 1786 1310 1850 sub
1342 1786 1649 1850 actionem
1685 1785 1937 1862 cadunt,
1969 1784 2234 1849 materia
2264 1784 2413 1849 talis
2445 1785 2560 1847 est.
2586 1780 2746 1847 Cum

278 1888 475 1973 igitur
505 1887 604 1950 lex
633 1887 883 1968 quidem
913 1888 1350 1952 universaliter
1380 1888 1697 1971 loquatur,
1731 1888 1795 1951 in
1827 1888 1926 1952 his
1973 1888 2186 1952 autem
2217 1888 2462 1970 praeter
2505 1886 2747 1950 univer-

279 1992 399 2056 sale
443 1990 772 2073 quidpiam
803 1990 1061 2068 accidat,
1103 1992 1240 2055 tum
1286 1994 1449 2056 recte
1481 2011 1545 2055 se
1580 1991 1788 2066 habet,
1823 1992 1898 2054 ut
1929 2010 2000 2055 ea
2034 1992 2230 2074 parte,
2264 2009 2389 2072 qua
2421 1988 2746 2073 legislator

281 2094 490 2158 omisit
536 2095 725 2175 atque
770 2094 1066 2177 peccavit,
1101 2093 1386 2157 absolute
1417 2094 1685 2172 locutae,
1724 2092 2084 2158 emendetur
2129 2092 2437 2156 defectus:
2485 2090 2652 2173 quod
2683 2091 2747 2154 et

280 2197 401 2280 ipse
437 2196 787 2281 legislator,
827 2197 881 2260 si
928 2196 1186 2273 adesset,
1237 2197 1354 2261 hoc
1385 2196 1569 2261 modo
1606 2196 1970 2277 loqueretur
2006 2220 2068 2258 ».
2107 2195 2338 2279 Agitur
2367 2211 2514 2278 ergo
2540 2193 2745 2258 solum

281 2299 350 2364 de
375 2301 515 2385 lege
546 2299 840 2363 humana.
868 2297 1027 2363 Cum
1073 2299 1270 2384 igitur
1293 2299 1390 2363 lex
1419 2300 1484 2362 in
1515 2299 1856 2363 universali
1898 2299 2138 2362 feratur
2184 2299 2250 2361 et
2293 2295 2636 2361 consideret
2682 2295 2740 2358 id

280 2402 436 2485 quod
481 2402 850 2485 plerumque
897 2402 1224 2487 contingit,
1275 2402 1408 2465 fieri
1454 2404 1662 2485 potest
1713 2403 1784 2465 ut
1828 2402 1891 2465 in
1942 2401 2151 2482 aliquo
2200 2419 2349 2463 casu
2393 2399 2511 2463 sub
2544 2398 2745 2463 verbis

279 2504 427 2590 legis
450 2524 566 2589 per
589 2523 652 2568 se
674 2505 1133 2588 comprehenSO,
1159 2505 1401 2568 malum
1437 2504 1522 2567 sit
1553 2504 1652 2568 vel
1682 2523 1807 2568 non
1840 2503 2206 2568 conveniens
2244 2521 2489 2566 servare
2520 2501 2743 2586 legem,

277 2609 364 2672 ita
407 2611 481 2673 ut
531 2609 663 2691 ipse
708 2607 1051 2692 legislator,
1087 2608 1140 2672 si
1187 2608 1448 2686 adesset,
1483 2609 1792 2691 exciperet
1823 2627 1966 2672 eum
1998 2626 2213 2671 casum
2244 2607 2324 2670 ab
2363 2605 2745 2690 obligatione

281 2710 448 2794 legis.
512 2709 693 2773 Tunc
739 2710 1075 2792 aequitatis
1119 2710 1282 2775 ratio
1329 2711 1609 2793 postulat
1655 2711 1728 2774 ut
1774 2711 1989 2775 contra
2035 2710 2223 2774 verba
2282 2708 2439 2793 legis
2496 2710 2743 2792 agatur,

282 2813 567 2894 quamvis
604 2831 727 2876 non
773 2814 989 2876 contra
1036 2814 1308 2877 mentem
1339 2813 1736 2898 legislatoriS,
1778 2813 1884 2895 qui
1924 2813 2128 2878 noluit
2158 2832 2302 2876 eum
2333 2831 2547 2876 casum
2584 2831 2748 2876 com·

280 2915 668 2999 prehendere.

365 3014 549 3088 470.
587 3016 844 3096 Quando
876 3037 1022 3103 ergo
1055 3018 1201 3083 licet
1231 3019 1327 3082 uti
1358 3018 1638 3102 epikeia‘?
1674 3019 1981 3083 Dixerunt
2011 3017 2286 3099 quidam,
2313 3017 2559 3098 quando
2585 3017 2746 3079 ratio

281 3119 432 3205 legis
470 3120 675 3184 cessat
703 3121 1027 3201 myative:
1065 3122 1354 3206 negative
1387 3124 1596 3185 autem
1621 3122 1824 3184 cessat
1846 3119 2009 3182 ratio
2041 3119 2218 3202 legis,
2253 3138 2395 3180 cum
2434 3118 2495 3180 in
2536 3116 2748 3198 aliquo

280 3240 425 3285 casu
455 3241 584 3286 non
621 3222 936 3286 invenitur
967 3223 1130 3287 ratio
1165 3226 1417 3307 propter
1447 3242 1632 3304 quam
1682 3223 1781 3286 lex
1825 3222 1959 3285 lata
2007 3223 2119 3285 est.
2156 3220 2349 3301 Atqui
2398 3219 2453 3282 si
2497 3219 2749 3281 tantum

281 3327 574 3410 negative
608 3328 808 3390 cessat
839 3326 1001 3390 ratio
1032 3309 1210 3410 legiS,
1244 3326 1518 3390 nondum
1557 3325 1653 3388 uti
1682 3324 1830 3387 licet
1862 3322 2120 3406 epikeia.

372 3426 671 3506 Quamvis
710 3429 874 3494 enim
927 3447 1052 3493 non
1113 3428 1380 3511 amplius
1428 3426 1593 3492 adsit
1637 3428 1703 3491 in
1748 3424 2116 3511 particulari
2152 3444 2300 3489 casu
2348 3424 2509 3489 ratio
2570 3422 2747 3509 legiS,

281 3530 512 3604 tamen,
564 3529 617 3594 si
666 3530 955 3615 negative
988 3533 1241 3595 tantum
1286 3531 1487 3595 cessat
1531 3530 1694 3594 ratio
1725 3529 1905 3614 legis,
1940 3529 2126 3593 huius
2166 3526 2516 3593 observatio
2551 3526 2752 3591 adhuc

281 3633 374 3695 est
418 3633 594 3696 iusta
640 3633 704 3696 61
750 3633 1082 3716 possibilis.
1133 3633 1268 3697 Iam
1315 3652 1458 3698 vero
1498 3634 1561 3697 in
1593 3634 1708 3698 hac
1739 3632 2070 3718 hypothesi
2098 3632 2195 3697 lex
2233 3632 2507 3698 nondum
2540 3631 2753 3716 peceat

279 3734 581 3820 exigendo
630 3736 1165 3800 observationem:
1203 3736 1380 3817 atqui
1426 3736 1698 3819 epikeiae
1745 3755 1897 3800 usus
1930 3737 2042 3812 est,
2084 3755 2227 3800 cum
2271 3736 2369 3799 lex
2398 3737 2613 3818 peccat
2637 3734 2753 3797 hoc

277 3838 372 3900 est
417 3838 704 3920 peccaret
756 3838 1032 3924 urgendo
1068 3839 1578 3903 observationem.
1630 3836 1729 3903 Sic
1777 3839 1895 3903 viri
1928 3838 2181 3921 perfecti
2213 3856 2333 3901 non
2381 3836 2753 3900 excusantur

281 3959 316 4004 a
351 3940 488 4026 lege
538 3939 778 4015 ieiunii,
817 3942 934 4006 etsi
982 3943 1047 4006 in
1094 3942 1310 4025 seipsis
1357 3961 1478 4007 non
1516 3943 1911 4025 experiantur
1963 3960 2054 4018 ea,
2106 3940 2356 4023 propter
2394 3957 2553 4018 quae
2597 3935 2753 3999 ieiu-

281 4043 452 4107 nium
500 4043 808 4127 praecipit
843 4044 1134 4109 Ecclesia.
1185 4045 1266 4108 Et
1297 4063 1441 4108 sane
1474 4065 1615 4108 cum
1663 4044 1825 4109 ratio
1871 4044 2029 4128 legis
2076 4043 2277 4106 cessat
2322 4038 2526 4104 solum
2571 4057 2757 4122 nega·

282 4145 426 4220 tive,
462 4147 753 4230 superest
798 4166 1037 4230 semper
1084 4148 1494 4211 universalior
1546 4146 1728 4224 ratio,
1788 4166 1896 4210 cur
1949 4146 2047 4209 lex
2094 4144 2471 4220 observetur,
2522 4142 2755 4206 bonum

281 4248 517 4313 scilicet
550 4267 880 4312 commune
908 4249 1232 4332 postulans
1265 4252 1339 4315 ut
1375 4253 1682 4333 quantum
1735 4250 1870 4315 fieri
1914 4250 2141 4333 potest,
2188 4250 2285 4312 lex
2335 4247 2412 4311 ab
2470 4245 2755 4311 omnibus

280 4353 587 4429 servetur,
629 4353 702 4415 ut
748 4351 957 4415 unitas
1005 4352 1087 4416 sit
1132 4352 1194 4416 in
1227 4354 1540 4419 societate.
1593 4352 1820 4417 Suarez
1867 4352 1973 4416 lib.
2012 4351 2071 4414 6.
2106 4371 2156 4415 6.
2187 4351 2245 4415 7.
2287 4371 2345 4413 11.
2384 4352 2442 4414 5.
2478 4348 2634 4413 Vide
2664 4349 2757 4412 ta-

278 4471 417 4518 men
457 4472 627 4536 quae
658 4453 925 4519 diximus
957 4452 1030 4516 de
1068 4451 1423 4520 Cessatione
1453 4455 1638 4542 Legis
1671 4476 1772 4520 nn.
1809 4456 1958 4519 376.
1995 4454 2143 4518 377.
