3529 5158
669 229 777 285 856
1195 241 1406 282 macr.
1447 240 1536 280 111.
1577 239 1662 280 mn
1698 237 1981 280 Lmrnus.
2018 237 2214 279 capu‘r
2251 237 2317 277 11.
2356 237 2505 279 nun.
2541 238 2607 278 11.
2987 221 3136 299 [3541

673 360 913 406 aureos.
946 340 1011 404 Si
1048 340 1212 405 enim
1260 341 1358 403 hic
1387 338 1721 421 intelligat,
1764 355 1828 400 se
1876 335 2076 418 primo
2114 336 2323 417 elapso
2361 354 2569 400 mense
2599 335 3010 418 impotentem
3042 339 3135 403 fu-

675 447 907 522 turum,
936 463 992 505 v.
1026 463 1119 527 gr.
1154 442 1302 523 quia
1334 441 1712 505 discessurus
1744 439 1840 502 est
1869 438 1931 501 in
1966 439 2162 501 terras
2192 437 2566 521 longinquas
2598 457 2719 502 non
2750 458 3130 516 reversurus,

673 547 727 610 is
759 546 919 609 certe
952 546 1199 609 tenetur
1229 543 1566 625 anticipare
1599 561 1669 605 ac
1705 541 1906 624 primo
1930 539 2148 603 statim
2179 558 2385 603 mense
2416 540 2682 604 solvere:
2725 542 2795 605 at
2824 541 2877 605 si
2908 543 3135 607 intelli·

672 647 865 733 geret,
900 666 963 710 se
993 647 1160 710 intra
1191 644 1585 728 praefinitum
1633 642 1779 707 anni
1826 641 2099 724 spatium
2144 641 2479 706 liberatum
2526 642 2604 705 iri
2656 661 2691 706 a
2730 643 2958 722 debito,
3010 665 3131 710 non

673 751 986 815 teneretur
1030 747 1368 830 anticipare
1417 746 1790 810 solutionem
1823 743 2164 825 etquidem
2195 743 2443 808 etiamsi
2490 744 2679 809 simul
2726 747 3128 828 praevideret,

673 872 756 930 66,
792 852 1020 916 omissa
1051 849 1360 915 solutione
1390 848 1606 931 primis
1636 847 1970 924 mensibus⁹
1997 845 2367 928 impeditum
2400 846 2530 911 alia
2563 847 2635 911 de
2675 866 2866 912 causa
2898 849 2996 914 iri.

763 954 925 1035 Quin
957 955 1020 1017 et
1047 953 1167 1035 ipsi
1206 950 1719 1015 Salmanticenses
1743 950 1786 1013 l.
1813 970 1864 1013 c.
1890 970 1949 1012 n.
1978 949 2083 1013 67.
2109 949 2421 1025 66111111111;
2455 975 2491 1008 ‹
2514 947 2581 1014 Si
2617 950 3131 1032 impedimentum

676 1057 946 1122 extrahit
969 1058 1032 1119 te
1057 1055 1133 1118 ab
1160 1054 1541 1138 obligatione
1563 1053 1739 1137 legis,
1767 1071 1891 1116 non
1914 1051 2142 1116 teneris
2163 1051 2320 1117 illud
2337 1053 2722 1135 praevenire3
2752 1056 2827 1118 ut
2850 1055 2905 1119 si
2929 1057 3132 1135 601166,

676 1178 748 1224 60
786 1159 883 1223 (116
914 1158 1032 1222 tibi
1067 1157 1463 1241 privilegium
1507 1154 1960 1220 concedendum
2007 1173 2136 1219 esse
2166 1172 2289 1219 non
2334 1155 2653 1233 recitandi,
2689 1174 2809 1221 non
2845 1157 3135 1223 audiendi

676 1280 939 1337 sacrum,
987 1278 1109 1324 non
1156 1259 1382 1323 teneris
1430 1258 1643 1323 audire
1689 1260 1802 1322 aut
1833 1257 2110 1334 recitare,
2151 1259 2487 1339 antequam
2517 1258 2921 1343 privilegium
2959 1261 3138 1325 adve-

672 1362 807 1427 niat
833 1388 893 1426 ».
928 1361 1206 1444 Optime:
1247 1361 1352 1425 sed
1397 1360 1676 1442 nunquid
1708 1361 1953 1442 putant,
2002 1359 2199 1423 teneri
2237 1359 2314 1423 ad
2342 1360 2749 1438 recitandum,
2791 1362 2845 1426 si
2883 1363 3024 1444 quis
3069 1364 3136 1428 in

675 1465 794 1529 hoc
828 1483 995 1542 casu,
1033 1464 1210 1546 lapsa
1248 1463 1564 1527 occasione
1609 1461 1909 1526 recitandi
1946 1461 2144 1544 primo
2177 1481 2376 1540 mane,
2411 1463 2688 1544 alioquin
2727 1464 3137 1546 impediretur

676 1586 784 1650 per
814 1567 1117 1649 reliquam
1140 1565 1349 1629 diem?
1377 1564 1518 1629 Non
1550 1564 1755 1629 dicent
1785 1582 1950 1628 sane.
1978 1564 2143 1648 Ergo
2167 1564 2505 1629 concedant
2540 1565 2707 1630 idem
2739 1569 2803 1631 et
2840 1567 2915 1632 de
2947 1587 3135 1634 causa

678 1668 965 1734 audiendi
1003 1668 1282 1733 Missam.

782 1767 960 1842 354.
1016 1771 1171 1835 Heic
1219 1769 1583 1844 addendum,
1632 1769 1798 1851 quod
1851 1770 2106 1833 monent
2151 1766 2512 1833 Salmantic.
2561 1768 2636 1834 de
2682 1769 2837 1853 Leq.
2887 1791 3023 1855 cap.
3072 1774 3136 1836 3.

676 1895 736 1938 n.
766 1874 870 1935 62.
899 1873 1002 1935 63.
1030 1873 1139 1953 qui
1161 1874 1494 1955 postquam
1518 1871 1822 1949 dixerunt,
1856 1871 2424 1935 communissimum
2454 1890 2584 1936 esse
2616 1872 2780 1937 inter
2812 1875 3135 1952 DoctoreS‚

676 1974 982 2040 neminem
1012 1974 1207 2038 teneri
1243 1973 1486 2057 legibus
1517 1972 1967 2056 episcopalibus
2007 1976 2117 2037 aut
2147 1973 2626 2056 municipalibus
2664 1977 2778 2040 aut
2809 1979 3142 2041 consuetu-

678 2076 924 2141 dinibus
972 2094 1120 2140 suae
1166 2076 1423 2158 patriae,
1473 2075 1718 2157 quando
1767 2077 1862 2139 est
1908 2075 1985 2138 ab
2030 2074 2197 2139 hisce
2235 2076 2472 2153 absens⁹
2508 2076 2772 2142 addunt:
2822 2105 2855 2136 «
2888 2079 2974 2143 Et
3019 2080 3136 2143 hoc

678 2177 1052 2254 verificatur,
1087 2177 1332 2242 etiamsi
1378 2197 1449 2241 ex
1479 2177 1821 2242 intentione
1868 2177 2169 2241 eximendi
2199 2196 2263 2242 se
2295 2197 2332 2241 a
2362 2177 2499 2262 lege
2535 2177 2750 2244 ieiunii
2798 2182 2896 2245 vel
2930 2183 3138 2246 obser-

678 2281 949 2346 vationis
995 2281 1295 2345 festorum
1343 2284 1459 2344 etc.
1509 2299 1544 2343 a
1592 2279 1843 2362 propria
1879 2278 2085 2362 patria
2121 2279 2342 2354 exiret3
2391 2280 2554 2345 ratio
2585 2283 2702 2358 est,
2736 2282 2886 2363 quia
2932 2283 3139 2348 utitur

677 2384 811 2448 iure
843 2384 959 2447 sibi
983 2401 1267 2448 concesso
1295 2407 1354 2445 ».
1383 2381 1585 2461 Quam
1614 2382 1921 2446 rationem
1951 2381 2261 2464 explicant
2289 2400 2423 2464 cap.
2453 2384 2511 2446 2.
2538 2402 2600 2446 n.
2639 2384 2811 2462 164„
2836 2387 3138 2470 negantes

680 2487 766 2550 sic
797 2486 1078 2549 fraudem
1114 2484 1443 2549 committi.
1485 2483 1644 2562 Quia
1681 2508 1716 2541 «
1746 2484 1958 2547 nullus
1998 2483 2243 2548 videtur
2273 2484 2416 2548 dolo
2448 2484 2666 2563 facere,
2707 2486 2817 2569 qui
2853 2487 2990 2552 inre
3024 2507 3138 2553 suo
3252 2491 3255 2498 “

678 2590 883 2653 utitur
907 2614 969 2650 ».
1002 2587 1073 2651 L.
1109 2588 1212 2650 55.
1248 2587 1392 2669 Dig.
1427 2585 1501 2649 de
1531 2585 1760 2666 Reyul.
1796 2587 1978 2650 iuris,

766 2689 908 2753 Non
931 2691 1143 2771 peccat
1167 2706 1334 2772 ergo,
1376 2688 1484 2769 qui
1516 2707 1552 2751 a
1586 2688 1719 2751 vico
1744 2707 1854 2751 seu
1885 2688 2175 2769 parochia
2215 2707 2326 2753 seu
2356 2689 2613 2756 civitate
2650 2692 2777 2756 exit
2807 2692 2905 2758 die
2924 2693 3143 2760 ieiunii

678 2791 1092 2876 particularis,
1118 2792 1330 2854 utnon
1361 2789 1620 2866 ieiunet3
1654 2790 1808 2854 item
1840 2790 2176 2873 operarius
2203 2792 2310 2871 qui
2342 2790 2440 2856 die
2463 2792 2621 2858 festo
2660 2795 2786 2859 exit
2818 2794 2897 2859 ad
2927 2796 3139 2861 locum

677 2895 785 2959 ubi
823 2894 1051 2959 festum
1088 2913 1211 2959 non
1244 2897 1356 2971 est,
1399 2896 1470 2958 ut
1500 2894 1698 2977 possit
1737 2893 1907 2976 operi
1938 2894 2147 2959 servili
2182 2893 2533 2960 incumbere
2575 2899 2638 2961 et
2669 2898 2918 2963 lucrari.

764 2998 943 3063 Hanc
988 2997 1335 3063 doctrinam
1380 2997 1603 3080 probat
1650 2996 1712 3060 et
1750 3015 1799 3060 s.
1834 2996 2019 3078 Alph.
2054 2996 2162 3060 lib.
2205 2998 2262 3060 1.
2296 3018 2355 3061 n.
2395 2999 2541 3062 152.
2577 3002 2639 3063 et
2670 3001 2899 3066 clarius
2930 3003 3038 3067 lib.
3075 3005 3138 3068 3.

675 3122 735 3166 11.
773 3102 964 3166 1046.
1012 3102 1155 3184 post
1199 3101 1407 3183 plures
1452 3100 1628 3176 61106,
1678 3100 1776 3163 uti
1812 3097 2060 3175 Suamz,
2094 3097 2383 3176 Sanchcz‚
2432 3100 2753 3166 Bonacina
2803 3107 2922 3168 etc.
2973 3105 3136 3187 apud

675 3204 998 3287 Laymann
1034 3202 1141 3266 lib.
1181 3204 1238 3264 1.
1273 3205 1457 3267 tract.
1492 3203 1553 3265 4.
1587 3221 1720 3284 cap.
1758 3203 1862 3265 11.
1895 3221 1956 3265 n.
1991 3203 2074 3277 9.,
2115 3203 2179 3265 61
2209 3200 2569 3267 Salmantic.
2604 3203 2679 3266 dc
2710 3204 2870 3287 Ley.
2907 3226 3040 3290 cap.
3076 3209 3136 3271 3.

678 3329 738 3371 n.
775 3309 879 3370 63.
915 3310 977 3371 61
1009 3305 1276 3369 Sanchez
1308 3305 1415 3370 lib.
1456 3306 1512 3369 1.
1551 3301 1792 3367 Dloral.
1827 3322 1958 3385 cap.
2005 3304 2107 3366 12.
2142 3323 2199 3367 11.
2238 3304 2346 3367 35.
2576 3382 2581 3387 ⁴

768 3404 945 3478 355.
970 3406 1225 3470 Addunt
1255 3424 1399 3470 vero
1433 3404 1949 3470 Salmanticenses
1984 3406 2029 3469 l.
2053 3425 2105 3469 c.
2131 3426 2192 3469 n.
2222 3406 2356 3469 63.:
2391 3431 2426 3464 «
2449 3406 2613 3471 Hinc
2642 3406 2831 3472 infert
2862 3409 3140 3475 Basilius

681 3510 964 3586 Pontius,
1002 3509 1110 3572 lib.
1145 3510 1205 3571 5.
1239 3527 1371 3591 cap.
1408 3510 1466 3572 8.
1503 3530 1560 3572 n.
1597 3508 1657 3570 6.
1695 3509 2026 3573 habentem
2062 3526 2242 3573 casus
2272 3510 2620 3574 reservatos
2651 3510 2749 3573 vel
2789 3510 2913 3574 alia
2946 3530 3141 3578 causa

680 3612 993 3677 nolentem
1009 3608 1285 3690 parocho
1323 3609 1624 3674 domicilii
1666 3610 1966 3687 confiteri,
2000 3629 2178 3693 posse
2223 3611 2600 3695 peregrinari
2647 3630 2718 3676 ea
2748 3613 3018 3691 ratione,
3072 3617 3144 3680 ut

683 3733 824 3780 cum
871 3714 993 3778 alio
1031 3713 1432 3789 confiteatur3
1467 3712 1614 3795 quia
1650 3712 1857 3778 utitur
1900 3712 2035 3778 11116
2080 3713 2200 3777 sibi
2228 3731 2514 3779 concesso
2547 3716 2826 3797 tempore
2873 3717 3149 3799 peregri·

684 3818 954 3882 nationis
986 3842 1047 3880 ».

773 3919 1209 4003 Respondebis
1259 3920 1414 3983 hanc
1461 3916 1807 3983 doctrinam
1853 3917 2013 4003 falsa
2058 3919 2388 3984 continere.
2436 3919 2591 3984 Heio
2636 3938 2785 3984 sane
2829 3921 3148 4002 parochus

681 4022 1057 4107 intelligitur
1066 4024 1293 4101 pastor
1304 4022 1606 4101 proprius
1623 4041 1645 4096 ,·
1670 4039 1845 4085 secus
1870 4008 2032 4086 esset
2052 4022 2254 4087 inanis
2279 4022 2639 4104 speculatio.
2664 4022 2860 4086 Porro
2895 4022 2959 4085 in
2992 4043 3147 4089 casu

681 4125 911 4189 falsum
935 4127 1047 4199 est,
1075 4124 1428 4206 quempiam
1452 4124 1548 4188 uti
1570 4123 1704 4188 iure
1736 4141 1850 4188 suo
1882 4125 2149 4205 quando,
2183 4128 2258 4188 111
2291 4123 2552 4208 effugiat
2580 4122 2879 4189 iudicium
2906 4127 3147 4208 proprii

682 4228 969 4309 pastoriS‚
1011 4226 1450 4310 peregrinetur.
1484 4225 1648 4289 Nam
1693 4226 1830 4291 ideo
1863 4228 2071 4309 potest
2107 4225 2346 4290 absolvi
2384 4228 2557 4289 extra
2595 4225 2941 4299 dioecesim,
2992 4229 3149 4309 quia

680 4330 867 4394 habet
899 4332 1011 4394 aut
1047 4346 1393 4412 expressam
1425 4330 1537 4392 aut
1561 4328 1821 4393 tacitam
1851 4328 2098 4393 veniam
2135 4328 2234 4393 sui
2265 4328 2555 4410 pastoris.
2582 4328 2757 4414 Lugo
2784 4326 2859 4391 dc
2883 4328 3144 4395 Poenit.

680 4433 834 4515 disp.
890 4434 990 4494 19.
1041 4450 1098 4493 n.
1146 4431 1238 4494 7.:
1280 4455 1315 4489 α
1346 4429 1467 4510 Qui
1502 4431 1976 4515 peregrinantur
2011 4433 2074 4496 et
2118 4431 2240 4496 iter
2286 4430 2543 4508 faciunt,
2594 4435 2854 4515 possunt
2902 4432 3029 4496 iam
3069 4454 3147 4498 ex
