3529 5158
360 381 514 456 [260]
1008 398 1092 438 nu
1128 397 1612 442 CONSUETUDINE.
1651 401 1734 441 Ars
1773 398 2205 443 numeramus
2720 387 2823 443 291

543 494 613 556 4⁰
651 512 812 575 quae
844 494 928 559 sit
976 494 1323 578 periculosa
1371 493 1761 580 reipublicae,
1813 518 1870 561 v,
1904 517 1998 582 gr.
2033 516 2190 579 quae
2236 497 2498 561 inducat
2531 498 2831 563 bonorum

361 592 838 676 disszpationem
868 600 985 660 aut
1009 595 1386 662 indiciomcm
1403 601 1868 678 perversionem
1914 601 2028 664 616.
2062 599 2203 663 Vid.
2238 618 2369 682 cap.
2415 620 2492 663 ece
2510 605 2683 681 part.
2723 604 2821 666 10.

362 695 438 759 de
479 694 854 763 Consuetud.
890 700 953 763 et
991 717 1042 764 6.
1083 699 1201 764 Ad
1231 704 1516 765 nostrum
1552 701 1613 766 3.
1649 701 1782 766 eod.
1808 702 1910 765 tit.

544 802 612 864 5⁰
644 820 803 883 quae
840 801 1057 867 tendat
1081 803 1146 866 in
1178 802 1590 868 Ecclesiarum
1614 802 1933 882 damnum,
1967 824 2024 868 v.
2058 821 2152 889 gr.
2187 805 2240 868 si
2258 806 2607 884 permittat,
2634 809 2827 870 utres

361 904 644 983 ipsarum
679 903 1039 968 alienentur
1090 905 1226 968 sine
1263 904 1675 970 sollemnitate
1721 908 2041 980 canoniea,
2075 907 2172 971 vel
2217 909 2291 971 ut
2337 906 2411 971 cle
2447 908 2667 972 iisdem
2698 929 2824 988 pro

359 1003 556 1068 tubiro
581 1005 734 1069 laici
763 1005 1103 1086 disponant
1131 1011 1247 1070 aut
1267 1006 1563 1088 beneficia
1594 1007 2008 1072 ecelesiastica
2032 1007 2183 1071 latei
2208 1008 2492 1072 tribuant
2511 1012 2646 1074 sine
2668 1010 2823 1091 Epi-

356 1108 527 1187 scopi
547 1111 664 1170 aut
689 1106 758 1171 al
763 1109 961 1172 terius
978 1107 1263 1189 praelati
1289 1110 1730 1190 approbatione
1763 1114 1878 1176 etc.

539 1209 608 1271 6⁰
639 1209 693 1274 si
740 1210 918 1275 cedat
949 1211 1011 1276 in
1045 1230 1380 1296 gravamen
1426 1211 1735 1278 libertatis
1783 1213 2250 1290 ecclesiasticae,
2275 1233 2333 1277 v.
2373 1231 2467 1299 gr.
2494 1233 2651 1296 quae
2687 1233 2818 1299 per-

359 1311 598 1389 mittat,
627 1316 699 1375 ut
713 1332 1023 1393 personae
1054 1311 1500 1378 ecclesiastieae
1529 1314 1619 1378 ad
1643 1313 1849 1393 forum
1879 1314 2158 1380 seculare
2191 1314 2544 1382 trahantur.

542 1414 609 1478 7⁰
647 1433 804 1498 quae
850 1415 1166 1497 impediat,
1199 1436 1277 1480 ne
1298 1421 1521 1497 pastor
1553 1437 1816 1497 pascere
1850 1438 2099 1500 yreyem
2134 1438 2316 1482 sunm
2360 1422 2564 1500 queat,
2613 1440 2670 1485 v.
2718 1442 2812 1506 gr.

358 1536 518 1598 quae
541 1517 988 1603 Episcoporum
1020 1518 1263 1582 decreta
1294 1523 1357 1582 et
1375 1519 1575 1583 edicta
1604 1523 1719 1583 aut
1739 1519 1983 1583 decreta
2006 1518 2346 1600 Pontifices
2369 1520 2666 1585 subiiciat
2684 1542 2818 1586 een-

354 1635 543 1682 surae
582 1618 779 1683 laicae
812 1622 925 1684 aut
942 1619 1189 1700 placeto
1221 1622 1409 1703 reyio.

539 1724 607 1785 8⁰
639 1723 898 1806 denique
929 1723 1299 1809 generaliter
1322 1743 1480 1806 quae
1503 1723 1823 1807 quidpiam
1845 1724 2281 1802 introduceret,
2308 1725 2474 1807 quod
2488 1746 2595 1810 per
2615 1727 2817 1811 legem

359 1844 396 1890 a
427 1825 712 1909 Principe
735 1845 846 1891 6611
875 1827 1234 1911 legislatore
1264 1826 1573 1892 introduci
1598 1846 1719 1892 non
1752 1829 1987 1911 potest;
2023 1846 2167 1891 nam
2198 1846 2341 1891 cum
2371 1827 2448 1892 ad
2494 1831 2820 1894 consuetu-

356 1927 562 1992 dinem
602 1947 1057 2011 quamcumque
1079 1929 1435 2010 requiratur
1458 1948 1789 1995 consensus
1825 1929 2223 2014 legislatoris
2256 1948 2378 1994 non
2408 1932 2616 2013 potest
2646 1931 2817 1996 reddi

357 2029 602 2094 licitum
635 2049 707 2095 66
739 2030 1113 2095 rationabile
1145 2031 1606 2108 consuetudine,
1634 2031 1801 2114 quod
1830 2031 2074 2096 licitum
2096 2030 2473 2116 legislatoris
2490 2033 2816 2098 voluntate

356 2135 420 2197 et
452 2131 899 2217 approbatione
929 2132 1099 2198 reddi
1132 2151 1253 2197 non
1285 2135 1509 2216 potest.
1551 2130 1854 2198 Schmalz.
1887 2154 1947 2197 n.
1986 2133 2042 2196 7.

445 2232 736 2299 Ceterum
782 2236 885 2299 vix
918 2235 1224 2319 disputari
1260 2234 1334 2301 de
1369 2235 1864 2301 rationabilitate
1896 2237 2120 2319 potest,
2155 2237 2399 2318 quando
2433 2237 2812 2302 consuetudo

357 2338 440 2402 sit
472 2336 811 2402 secundm
848 2338 1068 2423 legem,
1119 2338 1216 2402 vel
1248 2337 1440 2402 etiam
1486 2340 1730 2421 praeter
1764 2339 1995 2423 legem3
2044 2337 2281 2402 clarum
2328 2341 2422 2403 est
2458 2338 2621 2403 enim
2668 2358 2812 2404 con·
2894 2326 2898 2330 ’

356 2440 511 2505 ferre
545 2439 623 2504 ad
669 2440 902 2505 bonum
949 2458 1274 2505 commune
1321 2440 1403 2519 id,
1451 2440 1516 2505 in
1564 2441 1727 2522 quod
1778 2459 1987 2506 01111166
2018 2459 2159 2506 611111
2205 2441 2561 2526 legislatore
2592 2460 2813 2507 conve-

356 2542 556 2608 niunt.
592 2541 894 2608 Schmalz.
928 2560 987 2607 n.
1026 2540 1085 2607 7.

446 2643 624 2718 280.
675 2646 746 2711 Ι11
794 2646 980 2711 dubio
1020 2664 1222 2730 porr0‚
1273 2665 1350 2710 611
1398 2649 1777 2712 consuetudo
1824 2649 1908 2712 sit
1952 2648 2343 2713 rationabilis
2391 2651 2453 2713 et
2499 2648 2813 2714 communi

358 2756 514 2819 bono
564 2753 905 2839 expediens,
938 2753 1404 2837 inspiciendum,
1447 2774 1525 2819 an
1556 2756 1867 2820 contraria
1900 2757 1984 2821 sit
2012 2755 2137 2841 legi
2175 2755 2413 2842 vigenti
2442 2757 2541 2822 vel
2570 2775 2712 2823 non.
2748 2755 2814 2822 Si

357 2856 646 2941 primum,
675 2856 967 2920 standum
1015 2858 1109 2919 est
1155 2874 1264 2940 pro
1310 2857 1447 2942 1686
1482 2856 1616 2922 Ρ61.
1651 2857 1754 2922 Tr.
1790 2859 1851 2923 3.
1892 2878 1947 2923 a.
1983 2858 2043 2923 3.
2083 2879 2142 2943 p.
2179 2860 2238 2922 2.
2276 2858 2334 2943 ξ.
2365 2860 2423 2922 1.
2456 2880 2516 2924 11.
2545 2860 2812 2925 5.Ratio

355 2962 469 3038 est,
504 2959 653 3041 quia
700 2960 868 3023 certa
916 2960 1011 3050 est
1057 2959 1406 3043 reprobatio
1440 2958 1921 3038 consuetudinis⁹
1954 2961 2090 3046 1686
2136 2962 2397 3026 honesta
2421 2960 2811 3027 adversante:

355 3062 558 3146 excipe
604 3061 726 3126 nisi
772 3061 1150 3127 consuetudo
1200 3062 1283 3126 sit
1329 3062 1830 3139 immemorialis;
1865 3062 2011 3143 quia
2049 3065 2295 3145 tempus
2326 3063 2813 3129 immemorabile

355 3166 502 3231 facit
536 3164 1104 3249 praesumptionem
1143 3164 1216 3229 de
1254 3165 1429 3229 tituli
1458 3165 1724 3228 iustitia.
1760 3162 1826 3227 Si
1851 3162 2205 3243 secundum,
2246 3162 2538 3228 standum
2575 3166 2669 3227 est
2700 3184 2811 3246 pro

354 3268 795 3335 consuetudine
827 3268 1184 3332 introducta
1202 3287 1224 3344 ,·
1255 3267 1418 3332 ratio
1451 3267 1598 3349 quia
1630 3267 1854 3331 delicta
1884 3285 2007 3330 non
2039 3268 2551 3350 praesumuntur3
2577 3268 2809 3351 posteri

355 3380 500 3456 e'rgo
547 3372 611 3435 in
660 3369 1104 3435 consuetudine
1151 3368 1507 3433 introducta
1570 3387 1605 3432 a
1668 3368 1797 3432 suis
1841 3368 2183 3433 maioribus
2249 3370 2511 3452 possunt
2580 3368 2809 3451 absque

355 3475 535 3557 c'nlpa
585 3492 856 3558 pergere.
891 3472 1192 3537 Schmalz.
1220 3490 1278 3534 n.
1316 3471 1375 3535 8.

440 3577 546 3649 At,
598 3576 839 3657 inquies
890 3573 1199 3658 quomodo
1234 3573 1622 3639 rationabilis
1655 3592 1785 3637 esse
1817 3576 2021 3657 potest
2067 3573 2468 3652 consuetude,
2502 3594 2659 3659 quae
2683 3576 2809 3661 legi

355 3679 745 3755 adversetur3
786 3677 1031 3760 quando
1068 3679 1133 3741 1⁰
1164 3696 1306 3741 cum
1337 3676 1433 3740 lex
1464 3676 1852 3741 rationabilis
1886 3694 2015 3741 esse
2048 3675 2286 3755 debeat,
2321 3678 2661 3743 necessario
2684 3697 2808 3742 non

354 3784 558 3864 potest
605 3799 735 3845 esse
782 3779 1161 3845 consuetudo
1209 3779 1265 3845 ei
1297 3778 1572 3857 adversa,
1607 3779 1752 3862 quia
1785 3779 2015 3843 rationi
2058 3779 2220 3844 ratio
2252 3797 2374 3844 non
2410 3779 2806 3844 adversatur:

361 3884 428 3948 20
457 3884 604 3966 quia
654 3881 1036 3948 consuetudo
1075 3881 1368 3946 adversus
1414 3882 1615 3966 legem
1652 3880 1862 3946 induci
1906 3900 2027 3945 non
2073 3882 2281 3963 potest
2326 3879 2445 3943 nisi
2482 3900 2587 3963 per
2635 3882 2810 3944 actus

357 3985 701 4051 contrarios
748 3984 892 4069 legi,
944 3984 1054 4066 qui
1100 4003 1242 4048 cum
1287 4001 1410 4048 non
1460 3984 1697 4066 possint
1733 4003 1856 4049 non
1889 4003 2017 4047 esse
2065 3980 2490 4064 peccaminosi‚
2524 3999 2645 4045 non
2678 4001 2823 4064 pos·-⁸

356 4092 500 4154 sunt
548 4106 680 4153 esse
727 4086 1164 4152 rationabiles:
1206 4087 1274 4149 3⁰
1307 4086 1394 4150 Ex
1430 4087 1474 4148 1.
1532 4084 2015 4150 C'onsnetndinis
2062 4085 2122 4148 2.
2173 4081 2240 4146 C.
2301 4082 2469 4163 Quae
2514 4083 2602 4146 sit
2646 4081 2811 4166 lony.

364 4190 650 4257 Consaet.
693 4215 729 4250 α
762 4188 1246 4255 Consuetudinis
1296 4208 1565 4271 ususque
1610 4188 1899 4272 longaevi
1946 4206 2067 4251 non
2118 4186 2261 4251 vilis
2308 4185 2649 4251 auctoritas
2698 4191 2811 4265 est,

357 4312 567 4360 verum
616 4314 740 4360 non
775 4313 969 4375 usque
1018 4293 1168 4359 adeo
1203 4294 1298 4358 sui
1325 4293 1594 4357 valitura
1643 4295 1978 4369 momento,
2017 4294 2091 4355 ut
2122 4295 2238 4354 ant
2264 4291 2569 4354 rationem
2606 4293 2817 4355 vincat

355 4401 467 4459 aut
487 4396 684 4479 leyem
711 4421 745 4454 »
779 4392 1104 4460 Constant.
1136 4392 1193 4460 7.
1221 4396 1345 4460 kal.
1364 4395 1508 4460 mai.
1539 4414 1635 4459 an.
1665 4395 1837 4465 319..
1865 4394 2120 4459 disserte
2151 4398 2419 4479 negatur
2448 4393 2541 4459 vis
2566 4413 2814 4461 eonsue-

359 4498 578 4577 tudini,
614 4517 774 4582 quae
815 4501 936 4561 aut
977 4500 1280 4562 rationem
1325 4500 1536 4562 vineat
1561 4501 1677 4561 aut
1704 4497 1916 4579 leyem.

439 4602 623 4686 Resp.
665 4599 1085 4665 Rationabilis
1123 4620 1253 4666 esse
1297 4603 1504 4685 potest
1550 4600 1931 4665 consuetudo
1963 4600 2087 4683 legi
2113 4600 2441 4665 adversans
2474 4619 2595 4665 non
2634 4618 2807 4665 secus
