3529 5158
1141 353 1227 394 nn
1263 354 1473 395 unum
1506 354 1555 397 s.
1591 353 1894 397 mnonsr
1932 354 2061 396 mc.
2725 341 2835 397 653

369 451 558 516 bilem
602 452 850 535 piorum
894 453 958 516 et
1002 451 1328 517 doctorum
1358 453 1601 534 aliquot
1637 452 1961 518 hominum
2005 470 2129 517 non
2174 452 2570 536 reprobatam
2611 453 2675 516 in
2720 453 2829 517 Ec-

367 556 555 620 clesia
602 556 1062 632 auctoritatem,
1111 558 1206 621 est
1248 555 1530 632 licitum3
1579 556 1865 638 quamvis
1910 555 2085 620 iuxta
2132 556 2513 639 probabilem
2561 556 2828 621 aliorum

367 660 829 737 auctoritatem,
873 678 1062 741 quam
1106 660 1237 743 ipse
1283 660 1564 742 sequitur
1608 659 2037 738 confessarius,
2087 660 2394 725 habeatur
2439 661 2647 725 minus
2693 678 2830 743 pro—

365 760 609 841 babilia,
644 763 718 826 ut
757 761 1091 826 ostendunt
1119 761 1179 825 N
1182 781 1459 840 avarrus,
1494 760 1743 845 Sylvius
1781 764 1896 828 etc.

451 863 647 929 Porro
680 864 760 928 ad
789 864 901 928 illa
931 862 1287 930 Cabassutii
1318 865 1504 929 verba
1535 900 1620 910 --
1653 867 2000 946 quamvis...
2027 865 2333 930 habeatur
2367 866 2580 930 minus
2596 865 2829 946 proba-

366 964 513 1030 bilis
535 1004 621 1012 -—
646 985 695 1030 a.
722 967 958 1032 Doctor
986 967 1051 1031 in
1080 967 1449 1049 interposita
1479 968 1832 1050 parenthesi
1864 968 2038 1033 addit
2067 969 2225 1033 hanc
2247 969 2553 1053 glossam:
2580 966 2827 1033 Intelli-

361 1067 654 1149 9endum‚
669 1085 797 1132 NON
820 1084 1228 1133 normanna
1250 1085 1463 1133 mnus.
1481 1068 1775 1134 Affirmat
1797 1070 1994 1154 igitur
2025 1090 2073 1134 s.
2101 1071 2355 1148 Doctor,
2381 1071 2826 1136 confessarium

362 1188 474 1233 nec
517 1169 734 1234 debere
780 1189 888 1234 nee
933 1188 1110 1254 posse
1158 1170 1474 1235 absolvere
1517 1170 1956 1253 poenitentem,
1994 1171 2103 1253 qui
2142 1172 2448 1238 abstinere
2494 1191 2619 1238 non
2663 1173 2823 1249 vult,

361 1271 442 1335 ab
472 1290 650 1354 opere
678 1272 925 1337 innixus
955 1271 1389 1337 tantummodo
1422 1272 1704 1352 opinioni
1733 1272 2099 1338 rwtabiliter
2132 1275 2343 1339 minus
2364 1273 2710 1355 probabili.

449 1374 556 1438 30.
595 1374 792 1457 Atqui
837 1373 1082 1439 collatis
1113 1374 1387 1439 eiusdem
1425 1394 1472 1438 s,
1507 1375 1797 1440 Doctoris
1828 1376 2148 1441 sententiis
2185 1375 2510 1441 manifeste
2543 1378 2820 1460 apparet,

355 1475 437 1540 iis
481 1476 683 1541 verbis
728 1477 1145 1559 poenitentem
1176 1477 1477 1555 denotari,
1510 1479 1688 1543 cuius
1722 1479 1929 1561 opinio
1961 1480 2047 1544 sit
2075 1483 2258 1554 certe,
2291 1482 2478 1544 immo
2508 1479 2824 1545 evidenter

354 1575 546 1657 falsa,
579 1580 654 1643 ut
685 1580 893 1661 aperte
922 1579 1243 1664 colligitur
1272 1600 1344 1644 ex
1380 1581 1497 1645 hoc
1528 1600 1575 1644 s.
1603 1581 1894 1645 Doctoris
1922 1583 2099 1647 textu
2130 1582 2237 1646 lib.
2266 1582 2325 1647 6.
2354 1603 2412 1648 n.
2441 1583 2623 1647 604.:
2651 1606 2686 1640 «
2711 1582 2821 1646 Iu-

357 1680 594 1745 dicium
636 1681 992 1746 confessarii
1021 1682 1182 1746 circa
1212 1681 1679 1765 dispositionem
1714 1684 2086 1765 poenitentis
2131 1685 2196 1748 in
2241 1685 2359 1750 hoc
2388 1686 2641 1750 tantum
2677 1703 2817 1750 con-

357 1781 552 1856 sistit,
582 1802 799 1866 nempe
828 1784 894 1847 in
924 1784 1364 1868 cognoscendo,
1397 1784 1564 1866 quod
1595 1785 1913 1868 poenitens
1944 1805 2085 1851 vere
2116 1786 2325 1851 doleat
2355 1786 2430 1852 de
2460 1786 2590 1851 suis
2621 1785 2821 1868 culpis

356 1886 425 1950 et
468 1903 608 1950 vere
652 1888 960 1968 proponat
1005 1905 1109 1952 eas
1146 1905 1268 1951 non
1314 1887 1557 1952 iterare.
1593 1886 1767 1967 Quod
1802 1906 1947 1952 vero
1979 1890 2297 1972 poenitens
2334 1889 2488 1955 velit
2517 1889 2676 1953 hanc
2720 1887 2821 1953 vel

349 1986 534 2052 illam
581 1987 931 2071 opinionem
977 1988 1170 2071 sequi,
1204 1989 1320 2054 hoc
1365 1989 1833 2072 impertinenter
1870 2009 1934 2054 se
1974 1991 2163 2055 habet
2210 1991 2289 2056 ad
2333 1991 2634 2056 iudicium
2680 2008 2820 2056 con-

351 2089 630 2167 fessarii3
656 2090 775 2155 nisi
806 2092 907 2156 hic
939 2091 1191 2169 iudicet,
1217 2093 1568 2171 opinionem
1585 2094 1969 2173 poenitentis
1998 2113 2128 2158 esse
2158 2092 2472 2158 evidenter
2500 2092 2733 2173 falsam
2755 2119 2817 2157 ».

445 2192 528 2257 Et
555 2212 771 2257 rursus
807 2193 986 2258 ibid:
1012 2218 1050 2253 ‹
1080 2193 1338 2273 Quando
1372 2214 1444 2259 ex
1475 2214 1600 2260 una
1630 2196 1807 2279 parte
1837 2195 2156 2279 poenitens
2189 2195 2308 2261 sibi
2346 2197 2630 2262 efformat
2661 2196 2818 2261 iudi-

348 2294 521 2359 cium
550 2295 624 2359 de
654 2296 981 2362 honestate
1012 2296 1273 2362 actionis
1304 2300 1368 2363 et
1401 2297 1556 2361 alias
1581 2297 1990 2363 confessarius
2013 2318 2141 2361 non
2170 2296 2356 2362 habet
2384 2298 2817 2363 certitudinem

350 2397 695 2462 evidentem
716 2396 790 2461 de
820 2397 998 2462 illins
1025 2397 1326 2478 fals-itate,
1352 2400 1599 2464 tenetur
1627 2400 1810 2464 illum
1833 2400 2168 2480 absolvere,
2192 2403 2411 2483 utpote
2443 2400 2819 2466 sufficienter

353 2499 730 2583 dispositum
760 2525 822 2564 ».

447 2602 527 2667 Et
550 2621 764 2668 rursus
794 2603 972 2668 ibid.:
1007 2629 1042 2663 ‹
1065 2605 1156 2669 Ex
1179 2605 1275 2670 his
1308 2607 1594 2672 omnibus
1616 2607 2025 2683 concluditur,
2053 2607 2218 2688 quod
2248 2607 2661 2672 confessarius
2691 2625 2814 2672 non

349 2707 450 2771 est
479 2704 728 2788 quidem
757 2706 938 2772 iudex
971 2707 1350 2790 opinionum,
1390 2727 1549 2791 quae
1580 2711 1907 2775 versantur
1943 2710 2103 2774 cirea
2136 2709 2582 2793 obligationem
2613 2709 2819 2793 poeni-

343 2809 636 2886 tentium,
670 2807 848 2872 modo
878 2807 1029 2873 illae
1058 2829 1187 2874 non
1216 2815 1568 2891 appareant
1593 2812 1720 2891 ipsi
1748 2810 2065 2876 evidenter
2099 2809 2302 2890 falsae
2339 2836 2403 2876 ».

438 2912 522 2976 Et
549 2930 768 2977 rursus
798 2912 975 2990 ibid.;
1002 2937 1039 2972 ‹
1069 2911 1494 2980 Confessarius
1532 2933 1700 2992 vero,
1732 2915 1973 2996 quoties
2001 2935 2122 2980 sua
2150 2915 2361 2996 opinio
2406 2935 2535 2979 non
2572 2919 2668 2979 est
2694 2916 2816 2978 evi-

344 3014 567 3079 denter
611 3017 801 3089 certa,
843 3034 967 3081 non
1011 3017 1219 3100 potest
1265 3018 1541 3102 obligare
1587 3017 2005 3100 poenitentem
2052 3018 2130 3081 ad
2175 3018 2352 3080 illam
2399 3017 2811 3099 sequendam3

345 3117 511 3183 unde
542 3117 691 3181 tunc
726 3136 851 3182 non
883 3118 1087 3183 solum
1123 3120 1348 3202 potest,
1384 3119 1489 3183 sed
1526 3119 1718 3182 etiam
1750 3119 1997 3183 tenetur
2034 3136 2177 3182 eum
2214 3118 2534 3182 absolvere
2564 3142 2626 3179 2».

439 3220 525 3283 Et
551 3239 765 3285 rursus
795 3220 980 3285 ibid.:
1014 3246 1050 3279 α
1074 3219 1140 3285 Si
1176 3219 1584 3285 confessarius
1616 3220 1805 3284 habet
1836 3239 1945 3302 pro
1978 3237 2093 3283 sua
2125 3220 2410 3301 opinione
2441 3220 2814 3303 principium

342 3324 607 3400 certum,
640 3323 742 3387 cui
771 3323 1017 3398 nullum
1048 3321 1216 3386 videt
1246 3323 1457 3404 patere
1500 3340 1884 3405 responsum,
1917 3323 1982 3386 et
2017 3319 2188 3384 clare
2217 3322 2549 3404 tremescit,
2583 3321 2818 3405 opinio-

340 3445 490 3492 nem
525 3426 964 3509 poenitentis...
998 3424 1115 3489 niti
1146 3424 1304 3489 falso
1340 3424 1742 3489 fundamento
1777 3443 1849 3489 ac
1879 3422 2152 3488 rationes
2181 3423 2355 3488 illius
2385 3423 2708 3507 procedere
2739 3443 2813 3488 ex

340 3528 875 3611 aequivocatione,
909 3529 1059 3592 tunc
1103 3526 1238 3593 dico
1285 3547 1427 3592 cum
1473 3525 1754 3592 Navarro
1803 3529 1867 3592 et
1911 3545 1960 3591 s,
1999 3525 2316 3591 Antonino
2365 3526 2809 3592 confessarium

338 3650 468 3696 non
515 3648 693 3714 posse
730 3631 1147 3714 poenitentem
1193 3631 1530 3703 absolvere,
1563 3648 1748 3712 quem
1795 3629 1966 3695 videt
2009 3629 2408 3713 pertinaciter
2445 3631 2605 3696 velle
2637 3631 2811 3713 sequi

341 3733 702 3814 opinionem
739 3731 1053 3796 evidenter
1088 3752 1413 3796 erroneam
1443 3758 1504 3796 >›.
2387 3721 2390 3722 ⁷

435 3836 630 3918 quue
673 3836 900 3918 repetit
931 3854 980 3899 s.
1014 3835 1248 3900 Doctor
1284 3836 1349 3899 in
1385 3835 1575 3899 Hom.
1608 3835 1833 3916 Apost.
1875 3835 2056 3899 tract.
2090 3834 2262 3898 XVI.
2295 3853 2355 3897 n.
2395 3834 2543 3898 119.
2577 3833 2687 3897 ubi
2723 3832 2811 3897 in-

340 3939 516 4021 quit:
558 3962 593 3996 ‹
623 3937 682 4001 N
686 3956 763 4002 on
801 3939 1010 4020 potest
1053 3937 1460 4002 confessarius
1507 3937 1635 4001 sine
1681 3937 1862 4021 gravi
1907 3935 2218 4001 iniustitia
2266 3935 2725 4000 absolutionem
2757 3935 2814 4000 ei

338 4041 667 4125 denegare,
706 4040 828 4105 nisi
857 4060 1001 4106 cum
1039 4038 1219 4103 illam
1248 4041 1599 4120 opinionem
1635 4040 1886 4103 omnino
1916 4036 2149 4117 falsam
2177 4036 2364 4101 habet
2395 4062 2458 4101 ».

434 4145 528 4208 Ex
563 4143 661 4207 his
705 4143 920 4225 itaque
964 4161 1229 4226 pronum
1275 4145 1369 4207 est
1415 4142 1794 4218 concludere,
1828 4161 1904 4206 ne
1950 4160 1998 4206 s.
2033 4142 2368 4205 Doctorem
2416 4140 2808 4223 Alphonsum

337 4267 460 4312 ceu
490 4247 610 4312 sibi
656 4246 863 4310 minus
907 4247 1335 4311 cohaerentem
1366 4244 1788 4321 traducamuS,
1829 4244 2180 4328 opinionem
2209 4243 2573 4309 notabiliter
2604 4244 2814 4311 minus

335 4351 730 4437 probabilem
776 4350 941 4434 apud
974 4351 1181 4433 ipsum
1213 4350 1623 4433 aequipollere
1656 4349 1931 4432 opinioni
1959 4352 2124 4414 certo
2154 4353 2218 4412 et
2243 4348 2559 4413 evidenter
2587 4348 2814 4429 falsae,

335 4454 631 4536 opinioni
653 4451 968 4516 evidenter
996 4472 1287 4516 erroneae
1310 4457 1374 4516 et
1399 4453 1647 4517 omnino
1668 4449 1891 4530 falsae,
1916 4453 2095 4517 euius
2117 4452 2397 4533 opposita
2419 4453 2817 4534 coynoseibur

334 4561 417 4623 ut
452 4555 769 4620 evidenter
789 4559 981 4629 certa,
1005 4557 1193 4638 atque
1225 4556 1375 4622 adeo
1413 4557 1577 4620 hunc
1607 4574 1857 4620 sensum
1885 4555 2043 4619 nihil
2072 4573 2396 4620 commune
2419 4555 2643 4621 habere
2667 4574 2811 4620 cum

333 4659 661 4732 communi
695 4657 1000 4740 opinionis
1035 4658 1389 4741 probabilis,
1424 4658 1570 4722 licet
1601 4658 1829 4735 minus,
1866 4658 2237 4741 acceptione.
