3529 5158
662 310 770 366 472
1200 320 1412 361 τιιΑοτ.
1452 321 1533 360 rv.
1572 320 1658 359 nm
1696 317 2002 359 maccam.
2042 319 2240 360 CAPUT
2277 320 2318 358 1.
2355 318 2497 359 mm.
2537 319 2576 357 1.
2988 306 3124 381 [504]

753 418 931 484 Circa
970 419 1234 502 primam
1274 419 1431 481 hanc
1462 415 1926 490 resolutionem,
1957 441 1990 473 «
2015 435 2242 498 magna
2276 415 2384 478 illa
2442 416 2647 496 inquit
2677 436 2726 480 s.
2761 417 2949 500 Alph.
2976 436 3036 480 n.
3065 419 3120 482 6.

658 522 943 604 quaestio
988 521 1079 592 fit,
1116 540 1192 584 an
1226 520 1504 601 graviter
1550 521 1776 601 peccet,
1812 520 1918 599 qui
1958 519 2245 602 negative
2282 537 2346 581 se
2393 519 2582 582 habet
2625 522 2691 582 et
2740 539 2862 584 non
2894 520 3123 584 resistit

657 625 923 707 positive
949 623 1152 687 motui
1179 623 1494 705 appetitus
1519 622 1797 686 sensitivi
1826 622 1984 685 circa
2019 621 2328 684 obiectum
2353 621 2630 704 graviter
2653 623 3036 705 prohibitum
3062 649 3117 686 ».

656 725 738 788 Et
768 725 979 789 subdit
1010 725 1167 802 dein,
1196 727 1322 790 tres
1355 744 1486 789 esse
1520 725 1877 788 sententias.
1908 722 2025 786 Sed
2058 723 2131 786 de
2169 723 2285 787 hoc
2316 723 2494 798 infra,
2536 724 2600 786 in
2639 723 2783 788 dub.
2821 725 3118 805 sequenti,

658 827 766 891 ubi
802 828 1040 893 Auctor
1071 847 1141 892 ex
1174 827 1449 911 professo
1482 828 1639 891 hanc
1671 827 2099 907 quaestionem
2131 826 2437 908 proponit.

766 985 850 1036 Ν.
880 988 926 1036 2.
964 986 1166 1038 Deleclu
1206 985 1448 1037 secundae
1486 981 1797 1048 conditionis,
1824 981 2030 1035 subinde
2067 997 2092 1033 a
2133 986 2332 1047 peccato
2371 987 2669 1033 excusantur
2708 981 3123 1034 vehementissimi

659 1075 822 1121 motus
858 1069 961 1122 irae
1001 1077 1084 1122 aut
1120 1068 1558 1137 concupiscentiae,
1585 1069 1763 1134 quibus
1803 1084 1919 1122 usus
1958 1065 2160 1120 rationis
2198 1067 2514 1131 perturbatur
2551 1073 2599 1118 el
2641 1064 2841 1118 libertas
2883 1065 3084 1118 tollitur.

753 1191 928 1282 504.
965 1198 1056 1261 De
1090 1198 1204 1261 hoc
1249 1217 1399 1262 casu
1435 1198 1676 1281 egimus
1709 1197 1773 1259 in
1810 1196 2016 1259 Tract.
2057 1194 2131 1256 de
2163 1192 2373 1261 Actio.
2415 1189 2690 1264 human„
2731 1192 2839 1255 ubi
2877 1192 2951 1256 de
2989 1213 3124 1257 con-

660 1299 1057 1380 cupiscentia.
1107 1300 1375 1363 Adverte
1425 1299 1846 1374 nihilominuS,
1895 1316 2108 1361 casum
2155 1295 2542 1360 rarissimum
2590 1313 2740 1369 esse,
2790 1312 2916 1376 quo
2975 1315 3122 1360 usus

661 1401 922 1464 rationis
956 1402 1238 1466 totaliter
1271 1402 1676 1466 absorbeatur
1710 1402 1823 1464 aut
1853 1399 2246 1481 impediatur.

774 1559 836 1608 V.
865 1559 894 1609 3
936 1559 1137 1610 Deleclu
1167 1555 1339 1610 tertiae
1372 1571 1465 1608 non
1497 1562 1680 1622 peccat,
1707 1553 1789 1619 qui
1829 1553 1905 1606 dic
1945 1553 2129 1617 ieiunii,
2158 1554 2218 1605 de
2246 1559 2504 1618 praecepto
2533 1550 2648 1605 nillil
2690 1553 2929 1618 cogitans,
2953 1563 3120 1607 coenat

662 1644 740 1694 vel
779 1655 951 1694 carnes
991 1642 1220 1704 comedit,
1256 1640 1348 1694 elsi
1386 1643 1610 1694 advertat
1649 1654 1731 1692 eas
1772 1637 1865 1691 sibi
1904 1637 2234 1691 delectabiles,
2277 1639 2393 1691 ltem
2435 1636 2516 1702 qui
2553 1637 2764 1703 lapidem
2805 1637 3000 1704 proiicit
3038 1654 3120 1704 per

662 1728 938 1790 moestu-am,
969 1741 1064 1780 non
1102 1730 1364 1780 advertens
1403 1725 1673 1791 periculum
1702 1723 1957 1776 laesionis:
1990 1725 2063 1775 vel
2104 1720 2187 1788 qni
2224 1729 2528 1775 contractum
2570 1720 2848 1775 usurarium
2888 1726 3118 1784 celebrat,

662 1825 755 1862 non
797 1813 1056 1865 advertens
1093 1827 1202 1864 csse
1242 1814 1401 1863 talem.
1430 1813 1604 1862 Sancli.
1640 1810 1779 1862 Mor.
1810 1810 1839 1859 l.
1872 1810 1918 1858 l.
1945 1822 1987 1859 c.
2023 1809 2101 1859 16.
2140 1821 2185 1858 n.
2218 1808 2301 1858 21.
2332 1808 2449 1868 neg.
2479 1809 2510 1856 l.
2541 1807 2622 1858 ⁴5.
2656 1821 2703 1859 n.
2731 1807 2817 1859 75.

753 1938 926 2011 505.
963 1941 1135 2003 Nihil
1170 1939 1513 2002 addendum
1546 1937 1665 2000 nisi
1703 1937 1778 1999 de
1812 1938 2061 2018 peccato
2095 1935 2538 2018 pbilosophicO.

760 2045 1038 2108 Pertinet
1084 2043 1160 2106 ad
1208 2042 1631 2123 quaestionem
1679 2041 1752 2104 de
1803 2039 2186 2103 advertentia
2235 2040 2574 2104 necessaria
2625 2040 2700 2102 ad
2749 2041 3115 2123 peccandum

660 2147 1029 2214 mortaliter.
1070 2145 1487 2211 controversia
1534 2144 1608 2207 de
1655 2145 1905 2226 peceato
1954 2142 2415 2224 philosophico:
2454 2143 2815 2223 praesertim
2847 2165 2992 2210 eum
3038 2146 3118 2207 fa-

662 2249 852 2313 natici
877 2248 1126 2330 quidam
1162 2247 1635 2321 calumnientur,
1665 2247 1982 2320 DoctoreS,
2010 2246 2113 2325 qui
2151 2246 2360 2308 tenent
2397 2246 2827 2310 necessitatem
2862 2248 3117 2312 alieuius

664 2352 1084 2416 advertentiae
1118 2352 1382 2416 actualis
1417 2352 1529 2414 aut
1560 2349 1623 2412 in
1655 2368 1719 2412 se
1758 2350 1872 2411 aut
1911 2348 1969 2410 in
2005 2367 2191 2411 causa
2227 2345 2304 2409 ad
2336 2347 2728 2428 peccandum,
2764 2349 3029 2415 incidere
3059 2351 3117 2415 in

663 2455 1009 2519 doctrinam
1040 2453 1399 2517 damnatam
1434 2452 1506 2515 de
1538 2452 1788 2533 peccato
1823 2450 2265 2532 philosophico.
2843 2523 2850 2527 ⁴

752 2558 866 2622 Die
914 2559 1017 2620 24.
1055 2557 1215 2640 Aug.
1257 2557 1446 2619 1690.
1493 2554 1570 2617 ab
1615 2555 1788 2618 Alex.
1825 2553 2002 2617 VIII.
2042 2552 2336 2617 damnata
2386 2552 2508 2617 suit
2553 2554 2703 2619 haec
2742 2557 3118 2639 propositio:

669 2686 704 2719 ‹<
735 2662 1068 2725 Peccatum
1115 2658 1610 2742 philosophicum
1657 2677 1768 2721 seu
1814 2658 2047 2721 morale
2095 2660 2189 2720 est
2237 2658 2412 2721 actus
2460 2657 2770 2722 humanus
2818 2659 3124 2726 disconve-

663 2764 834 2826 niens
866 2764 1127 2825 naturae
1158 2761 1452 2825 rationali
1484 2762 1547 2823 et
1579 2762 1781 2825 rectae
1812 2759 2069 2823 rationi:
2105 2758 2550 2841 Theologicum
2585 2779 2728 2826 vero
2762 2762 2824 2825 et
2861 2764 3123 2828 mortale

663 2866 759 2927 est
790 2864 1200 2945 transgressio
1225 2863 1417 2926 libera
1445 2863 1687 2927 divinae
1718 2862 1894 2944 legis.
1923 2861 2449 2943 Philosophicum,
2478 2865 2882 2944 quantumvis
2914 2887 3118 2950 grave,

663 2967 724 3029 in
773 2966 901 3042 illo,
937 2967 1044 3047 qui
1082 2966 1177 3029 vel
1212 2966 1412 3029 Deum
1445 2966 1696 3049 ignorat
1728 2963 1825 3027 vel
1858 2964 1931 3026 de
1970 2964 2099 3027 Deo
2149 2967 2294 3028 actu
2342 2983 2460 3028 non
2509 2967 2768 3049 cogitat,
2804 2970 2900 3032 est
2936 2990 3118 3053 grave

661 3072 1009 3151 peccatum:
1038 3068 1143 3132 sed
1175 3087 1295 3133 non
1329 3071 1424 3131 est
1464 3068 1689 3131 offensa
1724 3066 1839 3128 Dei
1872 3086 2066 3147 neque
2103 3067 2368 3131 mortale
2401 3067 2740 3132 dissolvens
2780 3070 3118 3135 amicitiam

660 3172 775 3235 Dei
808 3192 1001 3253 neque
1034 3190 1227 3254 poena
1262 3173 1509 3235 aeterna
1543 3170 1802 3252 dignum
1835 3184 1894 3231 »'.
1931 3170 2130 3248 Quam
2173 3169 2422 3251 quidem
2455 3170 2680 3234 thesim
2715 3172 2998 3238 Pontifex
3028 3175 3114 3254 (in

659 3275 949 3357 Decreto)
978 3272 1044 3336 10
1077 3274 1227 3339 dicit
1257 3274 1330 3337 de
1368 3291 1528 3337 novo
1562 3273 1862 3353 erupisse:
1898 3296 1932 3329 «
1965 3290 2045 3335 ss.
2082 3273 2156 3334 D.
2187 3271 2263 3335 N.
2299 3272 2640 3336 Alexander
2671 3274 2740 3337 P.
2782 3274 2960 3339 VIII.
3000 3285 3147 3340 non·

660 3379 788 3443 sine
836 3400 1064 3461 magno
1106 3380 1294 3443 animi
1333 3379 1428 3443 sui
1477 3397 1754 3442 moerore
1787 3376 2048 3447 audiVIt,
2084 3377 2237 3440 duas
2272 3377 2473 3441 theses
2511 3396 2619 3441 seu
2667 3381 3116 3462 propositiones

657 3502 847 3546 unam
880 3482 981 3564 (de
1012 3483 1123 3546 Dei
1174 3501 1380 3547 amore
1414 3500 1727 3562 nunquam
1762 3480 2104 3544 necessario
2138 3479 2461 3563 eliciendo)
2493 3479 2693 3543 denuo
2730 3485 2794 3545 et
2823 3482 2894 3545 'in
2934 3484 3119 3548 maio·

657 3603 787 3647 rem
834 3583 1107 3647 fidelium
1155 3585 1482 3668 perniciem
1545 3582 1855 3658 suscitari,
1903 3580 2171 3644 alteram
2225 3582 2335 3663 (sc.
2387 3585 2798 3665 praesentem)
2847 3584 2923 3648 de
2971 3606 3117 3649 novo

660 3705 978 3763 erumpere
1004 3710 1064 3749 ».
1102 3688 1171 3749 2⁰
1204 3685 1495 3749 Declarat
1528 3688 1590 3748 et
1622 3684 1880 3748 damnat
1919 3704 1989 3748 ac
2021 3684 2307 3766 prohibet
2337 3710 2372 3741 «
2411 3684 2504 3748 uti
2552 3686 3003 3757 scandalosam,
3038 3692 3122 3752 te-

659 3788 1009 3867 merariam,
1037 3791 1278 3871 piarum
1307 3788 1554 3851 aurium
1587 3788 1947 3852 offensivam
1981 3790 2044 3852 et
2067 3807 2383 3852 erroneam
2410 3814 2470 3851 ».
2498 3789 2700 3871 Apud.
2723 3789 2866 3853 Viv.
2888 3811 2945 3873 p.
2971 3792 3118 3855 327.

752 3892 924 3956 Unde
965 3892 1445 3956 calumniatores
1495 3892 1582 3954 ita
1634 3893 1941 3973 arguunt:
1979 3892 2249 3955 admissa
2287 3893 2652 3955 necessitate
2700 3891 3121 3958 advertentiae

659 3996 943 4069 actualis,
974 3996 1222 4059 tantum
1261 3993 1436 4058 adest
1466 3996 1697 4067 reatuS,
1739 3995 2044 4074 quantum
2080 4013 2142 4057 se
2176 3994 2488 4076 protendit
2521 3994 2926 4059 advertentia.
2959 3997 3118 4079 Ergo

657 4098 709 4160 si
749 4100 905 4179 quis,
935 4098 1081 4161 dum
1118 4099 1344 4179 peccat.
1373 4097 1446 4159 de
1481 4098 1591 4161 Dei
1624 4097 1759 4179 lege
1795 4099 1907 4160 aut
1938 4096 2011 4159 de
2045 4098 2173 4160 Deo
2207 4097 2358 4160 nihil
2391 4097 2650 4179 cogitat,
2678 4100 2958 4179 peccaret
2994 4119 3120 4181 pec-

657 4201 797 4264 cato
831 4221 995 4264 mere
1028 4200 1449 4283 philosophico
1485 4203 1599 4263 etc.

750 4297 920 4371 508.
960 4304 1047 4365 Ι)9
1096 4303 1209 4365 hac
1255 4322 1337 4375 re,
1376 4303 1449 4364 ut
1496 4304 1822 4365 evanescat
1868 4302 2197 4373 calumnia,
2239 4301 2393 4365 satis
2442 4302 2524 4365 sit
2572 4300 2882 4366 audivisse
2921 4322 2970 4366 s,
3016 4302 3119 4365 Al-

657 4390 961 4486 phonsum
994 4404 1100 4465 lib.
1131 4408 1189 4466 5.
1217 4424 1273 4466 n.
1311 4404 1409 4466 1⁶2.
1440 4404 1499 4465 in
1526 4404 1627 4465 fin.
1662 4428 1697 4460 ⁴<
1718 4404 1888 4467 Haec
1920 4404 2280 4487 propositio,
2314 4404 2537 4485 inquit,
2571 4403 2793 4468 merito
2819 4403 3114 4468 damnata

657 4505 878 4569 fuit...:
915 4504 1204 4584 quoniam
1240 4504 1342 4584 qui
1389 4505 1629 4568 noverit
1662 4524 1817 4587 opus
1851 4525 2034 4569 suum
2069 4505 2381 4570 adversari
2427 4508 2686 4570 naturae
2734 4506 3112 4579 rationabili,
