3529 5158
766 333 876 388 478
1295 345 1508 386 macr.
1548 346 1628 385 ιν.
1667 345 1751 384 ma
1797 344 2103 386 macoma.
2141 344 2341 386 onem*
2377 345 2416 385 1.
2454 344 2598 386 nun.
2638 345 2702 384 11.
3090 331 3229 406 [514]

860 444 1000 509 Non
1049 444 1213 507 enim
1253 441 1566 527 significat
1597 461 1644 505 s,
1679 442 1932 519 Doctor,
1966 441 2347 507 sacerdotem
2377 441 2558 505 illum
2589 459 2711 505 non
2743 441 3073 506 incurrisse
3109 462 3234 507 rea-

770 549 910 612 tum
949 547 1048 611 tot
1082 545 1506 621 omissionum,
1542 545 1698 626 quot
1728 544 2066 627 praevidit3
2101 543 2206 608 sed
2235 544 2411 608 iuxta
2447 544 2852 627 praemissam
2885 544 3233 626 opinionem

773 647 1359 713 Salmantieensium
1391 647 1722 732 signifieat,
1771 647 2333 712 denominationem
2357 647 2603 726 peceati
2631 647 2914 712 accedere
2962 648 3238 714 omissio-

778 751 959 815 nibus
993 769 1063 814 eo
1096 768 1291 831 usque
1323 750 1547 826 solum,
1582 749 1730 813 dum
1763 768 1871 831 per
1901 749 2345 832 poenitentiam
2377 749 2748 813 retractetur
2779 749 3095 813 voluntas.

864 852 1045 917 Solus
1092 852 1361 917 Antoine
1392 852 1568 916 nobis
1617 851 1885 916 occurrit
1930 851 2171 930 docens,
2204 851 2430 934 duplex
2473 851 2607 915 fieri
2650 852 2996 934 peccatum,
3030 850 3086 916 si
3115 872 3234 917 non

771 977 837 1020 se
875 956 1186 1020 retractet.
1223 956 1323 1020 Ita
1355 954 1427 1018 de
1459 955 1772 1037 praedicto
1806 974 1953 1019 casu
1985 953 2058 1017 de
2089 953 2272 1019 Pece.
2306 974 2439 1037 cap.
2474 955 2535 1019 3.
2569 974 2628 1036 q.
2669 956 2730 1017 4.
2765 973 2923 1037 resp.
2961 955 3023 1018 3.
3065 979 3102 1014 α
3134 954 3238 1020 Sa-

775 1059 1007 1135 cerdoS‚
1048 1059 1156 1140 qui
1188 1057 1579 1121 Breviarium
1608 1057 1673 1121 in
1708 1076 1881 1122 mare
1917 1057 2105 1121 libere
2150 1056 2427 1140 proiecit,
2477 1056 2636 1121 unde
2681 1056 2886 1120 factus
2917 1059 3016 1120 est
3046 1057 3239 1141 impo-

774 1163 911 1224 tens
937 1160 1014 1223 ad
1039 1159 1443 1236 recitandum,
1476 1179 1599 1224 non
1631 1160 1835 1223 solum
1866 1159 2144 1243 peccavit
2171 1158 2564 1243 proiiciendO,
2599 1158 2703 1222 sed
2741 1158 2934 1222 etiam
2972 1159 3236 1244 singulis

775 1263 991 1326 diebus
1038 1261 1237 1326 denuo
1276 1263 1488 1344 peccat
1522 1280 1646 1326 non
1683 1262 2018 1367 recitando,
2066 1261 2364 1343 quamdiu
2409 1261 2676 1344 priorem
2712 1260 2962 1343 culpam
2993 1279 3120 1325 non
3153 1282 3239 1326 re-

772 1367 1007 1429 tractat
1038 1391 1099 1428 ».
1134 1364 1274 1429 Non
1310 1365 1461 1429 bene
1493 1365 1623 1429 scil.
1662 1364 2051 1429 intellexerat
2086 1364 2432 1428 doctrinam
2466 1363 2532 1427 in
2562 1363 2789 1428 scholis
2821 1363 3146 1429 traditam.

1853 1603 2015 1665 DUB.
2066 1601 2148 1665 II.

1006 1760 1113 1823 An
1164 1763 1225 1822 et
1267 1757 1563 1840 quomodo
1610 1756 1924 1822 desideria
1968 1759 2030 1820 et
2072 1756 2504 1821 delectationes
2547 1759 2680 1820 sint
2709 1763 2994 1838 peecata.

881 1962 988 2012 Vll.
1018 1962 1109 2012 Per
1148 1956 1444 2012 desiderium
1472 1954 1757 2020 intelligitur
1797 1958 2041 2019 voluntati,
2069 1953 2273 2008 intentio
2300 1957 2378 2007 vel
2417 1954 2720 2020 propositum
2747 1959 2921 2010 efficax
2949 1957 3025 2010 rei
3054 1962 3235 2012 malae:

781 2059 869 2110 per
906 2041 1275 2097 delectationem
1306 2055 1440 2102 vero,
1468 2040 1673 2107 simplex
1701 2055 1837 2093 amor
1862 2048 1910 2092 et
1935 2038 2285 2105 complacentia
2310 2039 2489 2093 obiecti
2513 2039 2731 2104 cogitati,
2757 2044 2968 2096 truendo
2997 2043 3111 2097 eius
3135 2046 3236 2097 dul·

772 2128 962 2190 cedine,
985 2131 1167 2193 absque
1193 2125 1436 2181 desiderio
1462 2125 1792 2179 exsecutionis
1811 2127 2031 2190 soletque
2050 2123 2146 2177 dici
2166 2138 2377 2189 morosa,
2400 2139 2494 2177 non
2516 2140 2541 2177 a
2569 2139 2700 2178 mora
2729 2126 2981 2192 temporis,
3003 2143 3120 2182 eum
3142 2144 3238 2182 mo·

775 2220 937 2266 mento
964 2212 1119 2279 possit
1144 2211 1327 2278 perfici,
1347 2212 1433 2264 sed
1454 2212 1582 2276 quod
1609 2212 1855 2275 voluntas,
1879 2215 1991 2275 post
2016 2211 2206 2275 plenam
2229 2209 2581 2262 advertentiam
2608 2209 2830 2274 rationiS,
2857 2211 2903 2264 ei
2931 2211 3238 2268 immoretur.

864 2355 1020 2430 514.
1071 2360 1307 2423 Auctor
1353 2356 1686 2441 distinguit
1732 2355 1881 2418 bene
1928 2353 2227 2418 desideria
2281 2355 2345 2418 et
2397 2354 2837 2420 delectationes
2884 2359 2951 2421 et
2998 2358 3244 2424 duobus

780 2463 1090 2528 distinctis
1122 2461 1404 2525 articulis
1437 2460 1509 2523 de
1541 2459 1618 2522 iis
1660 2458 1811 2542 agit.
1847 2457 1929 2520 Et
1965 2456 2213 2538 quidem
2243 2457 2522 2521 doctrina
2554 2458 2718 2523 hisee
2750 2459 2991 2525 tradita
3030 2465 3241 2548 magni

772 2567 869 2631 est
913 2563 1231 2641 momenti,
1267 2563 1412 2644 quia
1452 2562 1651 2626 totam
1685 2560 2013 2624 materiam
2046 2558 2506 2642 comprehendit
2536 2559 2609 2624 de
2631 2562 2913 2641 peccatis
2944 2563 3238 2629 interni&

775 2668 864 2733 Ut
896 2668 1058 2731 enim
1090 2666 1241 2729 dicit
1272 2666 1434 2749 Azor
1465 2665 1616 2728 tom.
1652 2664 1700 2727 Ι.
1734 2664 1842 2727 lib.
1878 2664 1938 2726 4.
1967 2682 2098 2745 cap.
2135 2663 2193 2725 5.
2230 2682 2286 2744 q.
2320 2662 2376 2725 1.
2409 2688 2443 2720 «
2475 2665 2747 2746 peccata,
2780 2685 2945 2747 quae
2978 2668 3240 2732 interius

780 2774 985 2837 animo
1019 2775 1081 2837 et
1119 2773 1441 2837 voluntate
1490 2771 1929 2846 admittuntur,
1963 2769 2060 2833 vel
2094 2768 2170 2833 ad
2201 2770 2499 2833 desideria
2537 2770 2635 2835 vel
2672 2770 2749 2835 ad
2795 2771 3242 2839 delectationes

771 2876 1079 2958 pertinent
1110 2900 1171 2937 ».

861 2979 941 3042 Et
990 2978 1138 3042 haec
1185 2975 1434 3059 quidem
1480 2974 1737 3058 partitio
1797 2974 1936 3038 aliis
1992 2974 2384 3057 praeferenda
2431 2976 2556 3038 est:
2609 2995 2752 3039 nam
2814 2978 3242 3044 confusionem

773 3083 1055 3165 aliquam
1102 3080 1387 3144 inducere
1424 3080 1630 3162 potest
1660 3077 1742 3155 id,
1779 3077 1943 3158 quod
1991 3077 2178 3141 habet
2223 3076 2467 3154 Suarez,
2515 3079 2624 3160 qui
2656 3080 2867 3161 potius
2915 3101 3113 3163 quam
3160 3082 3246 3146 di-

771 3186 1057 3270 stinguat
1101 3183 1469 3249 desiderium
1517 3201 1553 3245 a
1600 3181 2027 3258 delectatione,
2076 3180 2424 3265 generalius
2454 3180 2928 3247 delectationem
2974 3188 3246 3269 usurpat

771 3291 836 3353 et
868 3288 1140 3371 partitur
1187 3286 1248 3350 in
1298 3286 1608 3366 efficacem
1654 3285 1717 3348 et
1764 3283 2162 3363 inefficacem.
2198 3282 2297 3346 Ita
2335 3282 2396 3346 in
2431 3284 2487 3345 1.
2525 3284 2585 3359 2,
2625 3285 2704 3347 tr.
2741 3286 2801 3349 5.
2839 3285 2913 3349 de
2945 3285 3246 3352 Peccatis

773 3390 932 3471 disp.
970 3393 1029 3453 5.
1072 3390 1218 3452 sect.
1257 3387 1313 3450 7.
1355 3407 1413 3450 n.
1455 3387 1516 3449 4.
1558 3411 1591 3444 «
1624 3386 1894 3449 Adverte
1924 3384 2251 3467 dupliciter
2290 3384 2558 3467 aliquem
2606 3387 2954 3452 consentire
2985 3389 3054 3452 in
3087 3390 3244 3455 hanc

771 3491 1245 3564 delectationem
1292 3489 1521 3572 (operis
1559 3488 1868 3572 cogitati),
1919 3486 2118 3570 primo
2158 3488 2497 3570 appetendo
2536 3507 2710 3572 opuS,
2760 3490 2860 3554 cui
2907 3491 3242 3557 coniuncta

775 3596 871 3658 est
917 3593 1244 3657 delectatio
1292 3592 1452 3655 idest
1497 3589 1896 3655 desiderando
1955 3590 2404 3654 exsecutionem
2451 3591 2677 3656 eius...:
2735 3592 3004 3658 secundo
3053 3595 3242 3660 modo

772 3697 983 3781 potest
1030 3695 1169 3777 quis
1216 3694 1560 3759 consentire
1606 3692 2004 3758 delectationi
2051 3692 2249 3775 operis
2295 3692 2556 3778 cogitati
2601 3694 2693 3758 ita
2726 3696 2802 3759 ut
2830 3714 3054 3761 revera
3085 3697 3242 3761 nolit

770 3818 930 3882 opus
979 3800 1042 3862 et
1088 3799 1394 3880 proponat
1439 3795 1595 3859 illud
1628 3815 1750 3860 non
1788 3795 1986 3859 faeere
2018 3794 2147 3876 (hic
2178 3795 2436 3859 ulterior
2478 3795 2709 3881 gradus
2757 3816 2879 3861 non
2912 3800 3015 3862 est
3046 3819 3243 3865 necea-

768 3903 1030 3983 sarius);
1080 3902 1289 3965 tamen
1337 3899 1490 3963 velit
1519 3899 1582 3961 in
1615 3917 1685 3963 eo
1718 3898 1807 3962 sie
1838 3897 2115 3981 cogitato
2148 3897 2501 3961 delectari...
2537 3899 2836 3963 Doctores
2884 3900 3052 3966 hane
3083 3921 3244 3968 com-

770 4006 1048 4069 muniter
1096 4005 1320 4069 vocant
1367 4001 1832 4065 delectationem
1875 4020 2184 4064 morosam
2214 4026 2274 4063 ».
2309 4000 2496 4065 Ratio
2544 4000 2769 4066 Suarez
2808 4005 2926 4079 est,
2962 4005 3132 4087 quod
3179 4005 3241 4069 in

777 4107 1078 4172 desiderio
1128 4106 1498 4190 supponitur
1543 4103 1893 4168 delectatio.

867 4209 949 4274 Et
996 4208 1228 4292 pariter
1274 4205 1696 4272 confusionem
1741 4205 1983 4270 inducit
2027 4204 2285 4288 partitio
2330 4205 2736 4287 quorundam,
2776 4209 2886 4289 qui
2936 4208 3242 4275 desideria

770 4310 1113 4375 inefficacia
1148 4311 1225 4375 ad
1257 4329 1492 4374 meram
1524 4329 1633 4374 seu
1663 4308 2007 4391 simplicem
2038 4306 2507 4372 delectationem
2538 4311 2849 4374 revocant.
2883 4310 3063 4391 Quae
3103 4332 3246 4378 con·

768 4412 935 4476 fusio
984 4432 1092 4477 eur
1139 4412 1393 4477 vitanda
1426 4412 1510 4476 sit
1546 4412 1894 4497 diligenter,
1929 4410 2250 4493 apparebit
2281 4410 2535 4475 inferius
2582 4410 2642 4473 in
2690 4410 3125 4495 disputatione
3170 4415 3247 4481 de

770 4514 973 4597 specie
1021 4516 1301 4580 malitiae
1347 4515 1595 4599 propria
1642 4514 1779 4578 tum
1826 4512 2110 4578 desiderii
2153 4515 2291 4578 tum
2337 4512 2632 4595 simplicis
2677 4512 3138 4585 delectationis.
