3529 5158
336 430 477 505 [120]
785 446 1051 488 mammo
1089 446 1340 489 omnum
1376 447 1441 487 m
1479 446 1672 488 11111111.
1710 446 1980 487 manum
2019 446 2345 488 ναι-11161116
2703 433 2811 488 113

338 540 524 605 refert
568 544 759 624 prout
810 542 929 626 ipsi
976 544 1268 628 exigunt:
1317 543 1422 607 sed
1469 543 1586 607 hoc
1633 543 1944 607 crudelius
1993 542 2378 619 addiderunt,
2429 542 2516 607 sic
2570 544 2807 626 peccari

340 645 553 708 contra
589 647 988 729 praeceptum
1020 645 1302 710 caritatis
1335 647 1398 710 et
1435 665 1639 729 opera,
1680 646 1831 709 utut
1866 645 1930 709 in
1962 663 2027 710 se
2065 645 2226 709 bona
2263 647 2327 710 et
2363 645 2643 723 honesta,
2679 646 2812 710 fieri

341 746 610 828 peccata.
2473 825 2480 830 .

427 845 543 911 Sed
592 866 728 933 age,
779 849 1107 913 afferamus
1160 849 1464 931 quaedam
1509 849 1648 913 loca
1695 867 1744 912 s.
1787 848 2080 924 Thomae,
2132 867 2204 912 ex
2250 849 2478 930 quibus
2525 849 2810 914 doctrina

341 951 472 1013 eius
521 952 839 1033 appareat.

427 1052 851 1117 Resumantur
895 1054 1094 1136 primo
1141 1054 1348 1132 verba,
1398 1054 1623 1136 quibus
1671 1072 1719 1117 6.
1756 1053 2030 1118 Thomas
2078 1053 2248 1131 dicit,
2298 1073 2406 1137 per
2452 1055 2612 1119 banc
2657 1055 2811 1119 rela-

341 1154 572 1219 tionem
603 1173 717 1219 nos
764 1156 1036 1220 ordinari
1080 1156 1145 1220 111
1191 1156 1488 1220 ultimum
1533 1155 1737 1220 finem.
1788 1155 1889 1218 Ita
1936 1154 2010 1217 de
2066 1152 2266 1219 Oare't.
2308 1175 2366 1237 q.
2401 1156 2564 1220 unic.
2600 1176 2656 1220 a.
2703 1157 2805 1220 11.

341 1256 415 1321 ad
455 1258 554 1321 2.:
595 1281 631 1315 «
660 1257 1036 1322 Vittualiter
1070 1258 1294 1322 referre
1327 1258 1534 1323 omnia
1571 1257 1636 1321 in
1668 1258 1872 1321 Deum
1909 1257 2077 1321 cadit
2112 1258 2228 1322 sub
2275 1261 2675 1342 praeceptum
2713 1278 2808 1324 ca-

342 1359 580 1435 ritatis3
615 1378 759 1423 cum
788 1359 906 1423 hoc
935 1359 1091 1423 nihil
1129 1359 1295 1423 aliud
1329 1360 1432 1435 sit,
1472 1379 1662 1441 quam
1693 1360 1918 1423 habere
1949 1361 2152 1424 Deum
2184 1360 2481 1425 ultimum
2519 1362 2703 1425 finem
2743 1386 2803 1423 ».

426 1460 661 1525 Deinde
719 1461 1105 1544 inspiciatur,
1170 1460 1478 1543 quomodo
1541 1461 1878 1525 virtualem
1938 1461 2302 1526 relationem
2374 1462 2682 1526 describat
2745 1465 2805 1526 2.

340 1561 479 1626 dist.
518 1563 667 1626 100.
708 1582 767 1644 q.
806 1563 864 1626 1.
899 1583 955 1627 a.
991 1564 1050 1627 5.
1088 1563 1164 1627 ad
1200 1564 1257 1627 7.
1299 1587 1335 1621 «
1367 1561 1432 1627 Si
1480 1564 1690 1627 autem
1735 1562 2132 1647 intelligatur
2167 1563 2454 1644 (verbum
2490 1563 2809 1647 Apostoli)

342 1663 732 1741 affirmative,
771 1664 888 1728 hoc
933 1666 1141 1747 potest
1186 1683 1315 1730 esse
1362 1665 1711 1747 dupliciter.
1744 1664 1879 1727 Aut
1916 1665 2010 1727 ita
2058 1665 2224 1745 quod
2273 1665 2538 1729 actualis
2586 1666 2806 1729 relatio

339 1765 401 1829 111
432 1766 635 1830 Deum
682 1765 768 1829 sit
813 1766 1142 1830 coniuncta
1189 1767 1420 1830 actioni
1465 1767 1716 1830 nostrae
1764 1766 2039 1843 cuilibet,
2088 1784 2211 1830 non
2260 1765 2510 1847 quidem
2549 1766 2613 1830 in
2662 1768 2809 1830 actu

339 1868 442 1932 sed
484 1868 552 1932 in
599 1868 855 1945 virtute,
903 1869 1240 1934 secundum
1286 1868 1452 1950 quod
1500 1868 1700 1932 virtus
1748 1869 1984 1952 primae
2031 1867 2440 1933 ordinationis
2488 1870 2701 1933 manet
2743 1869 2808 1933 in

339 1970 625 2035 omnibus
672 1971 1020 2035 actionibus
1059 1970 1476 2052 sequentibus,
1518 1969 1681 2034 sicut
1717 1972 1783 2034 et
1819 1970 2022 2034 virtus
2068 1969 2208 2034 finis
2246 1970 2458 2034 ultimi
2495 1972 2707 2034 manet
2742 1971 2805 2035 in

338 2073 624 2137 omnibus
669 2072 897 2137 finibus
945 2073 1021 2137 ad
1067 2073 1274 2155 ipsum
1321 2072 1650 2147 ordinatis3
1687 2073 1750 2136 et
1781 2072 1870 2137 sic
1916 2072 2118 2137 adhuc
2163 2074 2560 2156 praeceptum
2606 2075 2703 2137 est
2739 2074 2804 2138 et

337 2175 666 2260 contingit,
703 2175 1098 2239 omissionem
1128 2175 1261 2239 eius
1293 2193 1424 2239 esse
1456 2174 1760 2240 venialem
1792 2175 1893 2238 vel
1922 2174 2255 2239 mortalem
2288 2200 2349 2238 ».

427 2274 587 2348 120.
622 2277 1067 2360 Inquirendum
1114 2296 1281 2363 ergo,
1316 2277 1465 2360 quid
1497 2296 1569 2341 ex
1601 2297 1650 2341 s.
1685 2277 1927 2341 Thema
1965 2278 2050 2341 sit
2080 2278 2281 2361 prima
2317 2277 2429 2340 illa
2467 2278 2801 2354 ordinati0‚

336 2382 514 2445 cuius
548 2381 768 2456 virtus,
803 2382 877 2444 ut
910 2380 1043 2463 ipse
1078 2380 1303 2461 inquit,
1338 2380 1550 2444 manet
1579 2380 1644 2444 in
1683 2381 1972 2445 omnibus
1997 2378 2344 2444 actionibus
2382 2381 2801 2462 sequentibus.

422 2483 619 2547 Porro
643 2483 802 2546 hanc
832 2482 990 2546 nihil
1021 2501 1152 2547 esse
1184 2481 1374 2559 aliud,
1409 2500 1598 2563 quam
1632 2481 2103 2558 ordinationem,
2144 2499 2267 2562 qua
2300 2480 2441 2562 quis
2473 2481 2806 2564 aliquando

336 2606 441 2669 per
473 2588 687 2650 actum
717 2584 999 2650 caritatis
1023 2604 1087 2650 se
1118 2585 1183 2649 in
1208 2587 1412 2649 Deum
1445 2585 1709 2662 ordinat,
1744 2584 2090 2649 luculenter
2122 2583 2399 2648 affirmat
2428 2603 2477 2648 s.
2512 2584 2804 2651 Thomas.

424 2691 523 2754 Ita
557 2690 619 2752 2.
653 2688 798 2752 dist.
827 2690 933 2752 40.
968 2707 1027 2770 q.
1066 2689 1123 2751 1.
1160 2707 1215 2751 a.
1253 2689 1313 2751 5.
1350 2687 1427 2751 ad
1465 2688 1563 2752 6.:
1597 2713 1633 2745 «
1657 2686 1785 2751 Nec
1811 2688 2018 2751 tamen
2043 2687 2309 2770 oportet,
2345 2687 2511 2769 quod
2541 2687 2805 2753 intentio

335 2790 623 2867 actualiS‚
674 2788 961 2854 ordinans
1014 2790 1077 2853 in
1126 2789 1311 2853 finem
1357 2789 1672 2866 ultimum,
1730 2788 1817 2853 sit
1875 2807 2113 2871 semper
2166 2788 2496 2854 coniuncta
2552 2790 2810 2855 cuilibet

336 2893 588 2967 actioni,
638 2910 761 2973 quo
809 2891 1104 2977 dirigitur
1139 2890 1204 2955 in
1252 2890 1525 2972 aliquem
1556 2890 1743 2954 finem
1775 2890 2160 2973 proximum:
2196 2890 2302 2954 sed
2349 2891 2599 2970 sufficit,
2639 2892 2805 2974 quod

334 2994 670 3078 aliquando
705 2981 1037 3058 actualiter
1068 3013 1277 3059 omnes
1310 2993 1405 3057 illi
1430 2992 1581 3058 fines
1605 2993 1668 3057 in
1703 2993 1887 3057 finem
1912 2992 2209 3057 ultimum
2241 2992 2608 3072 referantur,
2643 2995 2809 3058 sicut

333 3097 421 3174 fit,
471 3097 723 3180 quando
757 3097 985 3178 aliquis
1022 3096 1263 3181 cogitat
1293 3114 1357 3160 se
1389 3096 1597 3160 totum
1630 3095 1707 3159 ad
1739 3094 1854 3159 Dei
1894 3094 2286 3158 dilectionem
2319 3094 2615 3177 dirigere;
2657 3097 2807 3159 tunc

334 3201 495 3264 enim
544 3199 845 3282 quidquid
896 3199 973 3262 ad
1020 3218 1084 3264 se
1128 3198 1336 3281 ipsum
1384 3196 1649 3270 ordinat,
1698 3195 1763 3258 in
1811 3195 2015 3258 Deum
2062 3193 2418 3257 ordinatum
2456 3193 2594 3257 erit.
2634 3194 2716 3256 Et
2754 3195 2806 3258 si

333 3304 694 3385 quaeratur,
728 3301 972 3384 qnando
1014 3300 1301 3383 oporteat
1331 3299 1543 3362 actum
1575 3295 1798 3361 referre
1829 3295 1894 3358 in
1926 3295 2111 3359 finem
2143 3292 2461 3373 ultimum,
2495 3293 2611 3358 hoc
2647 3294 2805 3358 nihil

336 3405 504 3469 aliud
552 3406 668 3478 est,
710 3421 898 3485 quam
945 3421 1255 3485 quaerere,
1290 3398 1535 3482 quando
1571 3397 1858 3480 oporteat
1894 3396 2181 3461 habitum
2227 3395 2509 3459 caritatis
2547 3395 2708 3461 exire
2738 3396 2803 3460 in

336 3511 610 3582 actum3·
632 3505 781 3587 quia
826 3504 1338 3586 quandocumque
1384 3500 1637 3565 habitus
1684 3497 1966 3562 caritatis
2020 3498 2084 3562 111
2133 3498 2344 3562 actum
2389 3497 2534 3577 exit,
2585 3498 2658 3562 fit
2706 3518 2805 3564 or-

334 3608 571 3674 dinatio
621 3608 818 3672 totius
865 3606 1131 3672 hominis
1177 3605 1241 3669 in
1288 3603 1473 3668 finem
1519 3601 1817 3666 ultimum
1851 3601 1913 3664 et
1943 3618 2050 3684 per
2097 3619 2474 3682 consequeus
2523 3600 2804 3666 omnium

337 3732 569 3790 eorum,
612 3729 770 3792 quae
813 3709 878 3773 in
923 3710 1130 3792 ipsum
1176 3706 1542 3772 ordinantur
1587 3705 1661 3768 ut
1706 3704 1868 3768 bona
1915 3703 2127 3767 sibi».

420 3815 591 3900 Ergo
638 3813 918 3895 quisquis
965 3830 1086 3876 non
1126 3807 1580 3893 transgreditur
1617 3826 1723 3890 per
1762 3806 2159 3871 omissionem
2207 3807 2605 3888 praeceptum
2652 3806 2804 3869 cari-

335 3918 503 3994 tatis,
553 3934 773 3998 nempe
818 3915 928 3997 qui
973 3912 1143 3978 elicit
1203 3912 1412 3976 actum
1460 3908 1762 3985 caritatiS‚
1813 3908 2060 3990 quando
2124 3907 2185 3970 vi
2248 3907 2437 3970 huius
2492 3906 2802 3988 praecepti

335 4021 598 4096 tenetur,
647 4017 751 4099 (de
798 4035 921 4099 quo
968 4033 1169 4080 sermo
1217 4013 1353 4090 erit,
1393 4012 1501 4076 ubi
1549 4012 1623 4076 de
1669 4011 1903 4075 virtute
1951 4007 2282 4091 caritatis),
2317 4006 2418 4071 hic
2466 4007 2654 4070 simul
2703 4025 2803 4070 or-

333 4122 505 4187 dinat
550 4140 618 4186 se
664 4122 873 4185 totum
915 4119 983 4183 in
1028 4119 1232 4182 Deum
1278 4116 1342 4180 et
1386 4113 1576 4179 simul
1620 4113 1712 4176 ita
1760 4111 2010 4176 ordinat
2056 4127 2266 4173 omnes
2330 4108 2605 4173 actiones
2653 4127 2798 4174 suas

330 4225 673 4307 sequentes,
723 4223 799 4286 ut
844 4221 1077 4286 virtute
1122 4218 1310 4283 huius
1358 4213 1768 4281 ordinationis
1816 4214 1880 4276 et
1925 4212 2096 4294 ipsae
2142 4211 2440 4275 maneant
2478 4209 2798 4275 ordinatae

331 4329 393 4390 et
418 4324 781 4392 meritoriae
804 4323 963 4387 fiant
984 4320 1160 4386 etsie
1189 4319 1485 4402 impletur
1516 4316 1913 4400 praeceptum
1945 4313 2228 4378 caritatis
2261 4312 2563 4377 referendi
2595 4313 2800 4378 omnia

335 4429 850 4596 mfllzgcmeadem
897 4525 1139 4590 habetis
1170 4523 1244 4587 de
1285 4521 1484 4588 Care't.
1524 4541 1584 4604 q.
1619 4520 1781 4584 unic.
1825 4538 1880 4583 a.
1926 4518 2027 4582 11.
2070 4518 2146 4582 ad
2186 4519 2245 4582 2.
2287 4517 2392 4581 ubi
2433 4518 2524 4580 ait
2560 4516 2647 4580 sic
2685 4516 2796 4581 im·

436 4678 722 4722 Bamnuu.
745 4697 802 4709 -
824 4671 996 4717 nor-al.
1025 4671 1161 4716 Tom.
1190 4671 1232 4714 1.
2661 4665 2690 4706 8
