3529 5158
347 324 492 401 [573]
864 343 1252 387 nmmo-ramo
1287 346 1375 386 nn
1412 347 1496 386 nn
1534 348 1687 388 1111113
1721 349 1998 391 posu-ivo
2035 347 2303 389 mmmm
2710 336 2814 390 521

348 437 530 515 idem,
567 439 733 520 quod
779 439 856 503 ad
903 460 1293 507 communem
1331 442 1677 508 doctrinam
1710 446 1791 509 ab
1836 445 1911 509 A.
1952 446 2336 529 propositam
2380 446 2665 528 pertinet,
2699 446 2816 510 hac

345 538 724 604 limitatione
747 542 1214 619 circumscribit,
1251 545 1324 608 ut
1356 544 1418 607 id
1449 545 1660 609 valeat
1690 547 1897 628 quoad
1934 547 2262 629 praecepta
2298 546 2611 629 negativa,
2633 567 2693 611 v.
2719 568 2813 632 gr.

344 629 485 705 esus
517 642 797 707 carnium
845 644 942 708 die
990 646 1245 722 veneris
1296 665 1415 711 non
1464 666 1609 712 vero
1660 648 1866 730 quoad
1916 650 2242 732 praecepta
2289 648 2576 730 positiva,
2623 667 2681 712 v.
2716 669 2809 733 gr.

346 743 630 807 sumendi
676 746 901 827 pascha
951 748 1064 810 aut
1108 747 1369 813 Missam
1417 750 1723 828 audiendi,
1760 751 1908 833 quia.
1944 750 2008 813 in
2040 749 2205 814 hisce
2235 768 2358 814 non
2403 750 2629 833 reperit
2674 750 2814 815 sub-

348 847 648 910 stantiam
694 849 801 925 rei‚
836 848 910 912 de
942 868 1065 930 qua
1098 852 1237 931 quis
1285 851 1486 934 possit
1530 852 1842 930 delectari,
1882 872 2024 918 cum
2053 853 2230 916 nulla
2260 853 2346 916 sit
2380 853 2440 917 in
2482 853 2811 918 omissione

349 949 699 1014 substantia
731 970 890 1032 quae
921 952 1008 1016 sit
1039 953 1348 1018 obiectum
1379 954 1828 1020 delectationis,

437 1052 537 1114 Ita
558 1051 693 1115 ille:
728 1077 763 1111 «
782 1053 870 1117 Ea
904 1054 1113 1119 tamen
1145 1054 1487 1120 differentia
1520 1057 1682 1121 inter
1706 1059 1973 1138 utraque
2002 1056 2324 1139 reperitur,
2351 1056 2518 1137 quod
2538 1056 2602 1121 in
2625 1056 2808 1122 rebus

347 1153 420 1216 de
452 1171 516 1216 se
548 1154 730 1219 malis
761 1158 826 1219 et
859 1156 998 1220 ideo
1029 1157 1163 1221 iure
1194 1159 1457 1222 naturae
1493 1158 1861 1234 interdictis
1879 1160 1976 1223 est
2010 1159 2218 1223 letalis
2248 1157 2597 1236 delectatio,
2623 1161 2807 1242 capta

341 1256 406 1318 in
438 1274 652 1320 eorum
683 1258 1064 1334 substantia:
1092 1260 1239 1340 quia.
1269 1279 1413 1323 cum
1435 1261 1546 1324 illa
1571 1261 1819 1326 malitia
1842 1281 1950 1344 per
1979 1280 2044 1325 se
2075 1263 2140 1324 et
2168 1261 2249 1324 ab
2279 1260 2609 1326 intrinseco
2636 1263 2804 1327 actui

336 1357 490 1423 insit
519 1379 628 1424 nec
665 1360 863 1443 possit
895 1361 973 1425 ab
1004 1380 1076 1426 eo
1123 1363 1415 1444 separari,
1449 1382 1572 1428 non
1618 1365 1751 1428 stat
1796 1364 1871 1428 de
1919 1366 2095 1428 actus
2125 1363 2481 1428 substantia
2512 1363 2803 1430 delectari

338 1464 402 1525 et
440 1481 563 1527 non
610 1463 683 1527 de
712 1464 1022 1529 malitia...
1056 1463 1143 1528 At
1172 1466 1419 1546 quando
1450 1485 1547 1530 res
1578 1467 1675 1530 est
1713 1468 1919 1531 solum
1950 1467 2137 1542 mala,
2172 1465 2319 1547 quia
2364 1465 2498 1530 iure
2527 1465 2801 1531 humano

332 1565 554 1643 vetita,
587 1566 835 1647 quando
868 1570 964 1630 est
1008 1570 1225 1632 contra
1272 1570 1667 1650 praeceptum
1715 1568 2099 1651 negativum,
2133 1570 2208 1631 ut
2254 1585 2395 1631 esus
2433 1567 2798 1644 carnium...‚

327 1685 478 1730 cum
510 1669 831 1749 peccatum
877 1668 1180 1732 consistat
1214 1669 1278 1731 in
1324 1670 1694 1734 comissione
1725 1672 1792 1733 et
1839 1669 1928 1732 sic
1972 1669 2036 1732 in
2086 1670 2236 1733 actu
2278 1667 2482 1749 quoad
2518 1667 2803 1734 substan-

326 1769 493 1833 tiam
516 1770 677 1833 bono
702 1770 767 1832 et
789 1770 993 1833 solum
1016 1770 1184 1833 malo
1217 1769 1295 1833 ob
1326 1771 1730 1835 extrinsecam
1752 1770 2060 1835 Ecclesiae
2091 1771 2312 1854 legem,
2339 1772 2547 1852 potest
2570 1770 2801 1852 absque

321 1871 519 1953 culpa
564 1890 695 1935 esse
743 1871 1072 1936 delectatio
1118 1873 1247 1936 sive
1295 1873 1640 1938 voluntatis
1678 1874 1809 1939 sive
1855 1874 2169 1956 appetitus
2207 1872 2487 1937 sensitivi
2532 1873 2606 1936 de
2652 1874 2798 1937 sub-

323 1973 570 2038 stantia
601 1974 821 2056 operiS,
860 1974 1335 2057 praescindendo
1366 1975 1522 2058 legis
1552 1975 1938 2040 fractionem.
1965 1974 2124 2055 Quia
2156 1994 2228 2039 ea
2253 1974 2604 2040 substantia
2636 1975 2797 2040 bona

323 2077 424 2141 est
462 2078 526 2139 et
558 2077 872 2159 appetitus
904 2076 1231 2142 rationalis
1262 2078 1569 2141 rationem
1603 2078 1758 2142 mali
1790 2077 2192 2160 praescindit:
2218 2076 2549 2142 sensitivus
2584 2079 2795 2141 autem

324 2178 388 2243 in
424 2177 560 2242 sola
591 2197 664 2242 ea
702 2179 1095 2255 comestione,
1136 2198 1295 2261 quae
1342 2199 1413 2243 ex
1459 2199 1523 2244 se
1569 2180 1732 2244 bona
1779 2182 1893 2254 est,
1928 2182 1992 2244 et
2036 2200 2107 2244 ex
2154 2180 2287 2244 sola
2325 2179 2794 2244 circumstantia

324 2281 688 2355 extrinseca,
724 2300 913 2363 quam
950 2281 1081 2364 ipse
1112 2300 1234 2345 non
1267 2282 1548 2366 attingit,
1583 2282 1750 2346 mala
1783 2285 1896 2359 est,
1932 2281 2337 2346 delectatione
2376 2280 2647 2345 afficitur
2682 2305 2789 2345 »...

413 2384 508 2446 De
539 2382 871 2467 hypothesi
891 2402 1037 2448 vero
1070 2385 1379 2467 praecepti
1404 2385 1767 2449 affirmativi
1792 2386 1879 2449 sic
1909 2385 2097 2450 habet
2151 2410 2186 2443 «
2211 2382 2278 2448 Si
2299 2401 2444 2448 vero
2470 2383 2554 2447 sit
2575 2385 2791 2448 contra

322 2487 723 2569 praeceptum
754 2485 1100 2550 humanum
1132 2486 1490 2567 positivum,
1531 2488 1623 2550 ita
1669 2490 1744 2552 ut
1790 2489 2113 2570 peccatum
2150 2488 2214 2550 in
2251 2505 2423 2550 mera
2460 2484 2789 2550 omissione

320 2590 646 2667 consistat,
686 2592 760 2653 ut
791 2590 1043 2655 omissio
1076 2592 1234 2654 sacri
1272 2591 1369 2655 die
1399 2591 1578 2666 festo,
1614 2592 1944 2657 delectatio
1983 2591 2058 2655 de
2085 2592 2198 2655 illa
2233 2593 2332 2656 est
2375 2590 2601 2655 letalis.
2628 2589 2787 2670 Quia

318 2694 496 2757 nulla
520 2694 615 2756 est
640 2693 817 2757 actus
842 2692 1214 2769 substantia,
1233 2693 1307 2757 de
1330 2712 1475 2775 qua,
1494 2695 1769 2777 praecisa
1784 2694 2051 2771 malitia,
2069 2694 2353 2776 capiatur
2373 2692 2703 2757 delectatio
2719 2716 2782 2755 ιι.

407 2792 585 2866 573.
626 2794 745 2860 Sed
791 2796 943 2859 haec
988 2797 1229 2861 theoria
1277 2815 1386 2860 seu
1434 2798 1596 2861 ratio
1644 2797 1833 2879 (quae
1880 2796 2156 2878 alioquin
2202 2796 2360 2861 nihil
2404 2795 2786 2879 suffragatur

317 2899 634 2963 doctrinae
658 2898 1036 2982 Roncagliae
1060 2900 1173 2962 aut
1196 2897 1799 2977 Salmanticensium,
1818 2901 2040 2982 utpote
2064 2899 2440 2963 alienissima
2458 2898 2536 2962 ab
2558 2899 2783 2963 horum

317 3002 681 3084 principiis),
716 3000 896 3064 facile
934 3001 1281 3065 ostenditur
1317 3001 1759 3065 infirmissima.
1805 3000 1963 3064 Utar
1994 3001 2127 3064 heic
2162 3000 2366 3063 verbis
2396 2998 2778 3063 Tamburini.

316 3102 539 3167 Decal.
580 3103 686 3167 lib.
726 3101 836 3166 IX.
870 3121 1003 3186 cap.
1041 3105 1101 3166 5.
1146 3104 1202 3185 ξ.
1244 3105 1300 3165 1.
1336 3123 1395 3165 11.
1431 3106 1491 3166 2.
1526 3127 1563 3161 «
1587 3100 1918 3167 Gaudebat
1947 3101 2204 3183 simplex
2243 3097 2546 3174 sacerdos,
2578 3117 2643 3162 se
2673 3115 2782 3179 per

314 3205 754 3287 inculpabilem
787 3205 1161 3269 oblivionem
1191 3205 1576 3267 matutinum
1606 3204 1728 3267 diei
1768 3203 2086 3266 hesternae
2116 3219 2238 3265 non
2277 3201 2568 3264 recitasse
2599 3201 2663 3263 et
2691 3218 2782 3263 re-

317 3307 807 3391 prehendebatur
854 3308 931 3371 ab
980 3308 1104 3371 alio
1153 3306 1336 3370 nimis
1384 3306 1675 3391 religioso
1723 3305 2063 3370 sacerdote.
2109 3304 2274 3368 Huic
2309 3302 2454 3381 dixi,
2504 3303 2782 3384 potuisse

312 3410 498 3475 illum
542 3411 811 3495 gaudere
856 3410 930 3475 de
965 3409 1240 3474 carentia
1284 3409 1396 3473 illa
1442 3409 1691 3485 laboris,
1727 3426 1887 3490 quae
1918 3428 2080 3471 nunc
2115 3407 2288 3472 nullo
2335 3406 2519 3471 modo
2568 3424 2780 3489 pecca-

310 3515 555 3578 minosa
602 3514 725 3577 fuit
770 3515 958 3595 atque
1003 3512 1156 3576 adeo
1204 3511 1328 3576 tale
1375 3512 1591 3595 gaudii
1639 3512 1949 3576 obiectum
2003 3511 2139 3575 erat
2184 3510 2262 3575 ab
2310 3509 2478 3575 omni
2531 3508 2777 3575 malitia

310 3619 689 3699 separatum,
728 3616 955 3680 nedum
986 3615 1328 3698 separabile
1351 3639 1412 3678 2».
1440 3613 1540 3679 Sic
1570 3614 1841 3699 gaudere
1872 3614 2103 3696 poterit
2140 3614 2300 3678 alius
2339 3614 2413 3678 de
2446 3612 2774 3678 omissione

306 3719 671 3803 inculpabili
709 3719 887 3795 sacri,
927 3718 1076 3799 quia
1114 3738 1173 3781 v,
1208 3738 1301 3800 gr.
1337 3717 1538 3782 evasit
1568 3717 1923 3782 molestiam
1968 3717 2228 3793 itineriS,
2263 3717 2590 3793 sociorum,
2641 3716 2773 3799 plu-

305 3822 461 3900 viae,
502 3822 603 3886 vel
632 3822 782 3904 quia
814 3840 969 3904 opus
1002 3820 1173 3884 aliud
1206 3839 1432 3904 urgens
1463 3820 1529 3883 et
1565 3821 1721 3884 utile
1756 3820 2026 3902 explevit
2056 3821 2172 3883 etc.

412 3966 548 4018 xlx.
571 3967 620 4018 5.
642 3962 737 4032 Qui
763 3963 1133 4017 delectationem
1156 3976 1399 4015 morosam
1424 3966 1681 4016 mortalem
1704 3965 1983 4024 confltetur,
2007 3965 2187 4016 addere
2213 3964 2360 4017 debet
2379 3961 2768 4016 circumstantias

300 4050 482 4117 operis,
507 4052 569 4103 de
594 4065 693 4116 quo
718 4048 809 4103 fnit
833 4048 1115 4102 delectatio:
1141 4046 1275 4101 verbi
1300 4046 1472 4111 gratia,
1499 4047 1550 4100 in
1578 4047 1780 4101 materia
1812 4046 1931 4113 irae,
1957 4062 2016 4101 an
2045 4047 2192 4101 luerit
2224 4048 2287 4101 de
2312 4046 2581 4100 occidendo
2619 4050 2770 4101 tratre

302 4151 359 4189 an
396 4136 513 4198 alio,
554 4150 651 4188 uno
691 4149 750 4187 an
789 4133 1038 4200 pluribus3
1075 4132 1124 4186 in
1164 4131 1365 4186 materia
1405 4130 1583 4197 carnia,
1619 4147 1680 4186 an
1721 4134 1782 4184 de
1823 4132 2096 4197 coniugata,
2140 4131 2355 4197 moniali,
2392 4132 2767 4197 consanguinea.

302 4222 443 4288 Quod
484 4228 646 4274 tamen
686 4218 861 4273 limitat
884 4222 1026 4282 Ater,
1056 4219 1119 4271 sa
1146 4232 1195 4270 v.
1223 4218 1505 4283 Luoemia,
1534 4221 1673 4271 Salas
1699 4225 1732 4272 t.
1754 4218 1806 4270 7.
1831 4225 1893 4272 tr.
1921 4220 1998 4272 13.
2023 4220 2071 4271 d.
2095 4220 2178 4271 ⁴6.
2197 4232 2238 4271 s.
2256 4219 2307 4270 6.
2328 4234 2376 4271 n.
2398 4220 2483 4271 59.
2499 4224 2589 4272 etc.
2616 4216 2659 4272 si
2686 4220 2766 4271 de·

303 4305 499 4360 lectatio
538 4309 718 4359 teratur
753 4303 803 4357 in
842 4302 1086 4356 obiectum
1115 4307 1468 4369 apprehensum
1498 4304 1763 4356 secundum
1797 4308 1945 4356 totam
1977 4318 2114 4356 suam
2141 4302 2389 4365 malitiam,
2417 4318 2511 4357 non
2537 4310 2696 4356 autem
2723 4304 2762 4357 si

300 4396 487 4443 tantum
516 4390 782 4441 secundum
812 4394 1014 4455 partem,
1038 4387 1177 4439 verbi
1202 4387 1373 4451 gratia,
1396 4387 1444 4440 in
1473 4388 1694 4441 seminam
1724 4391 2078 4455 apprehensam
2104 4396 2158 4442 ut
2184 4404 2278 4441 non
2307 4404 2458 4450 suam,
2483 4403 2577 4442 non
2602 4397 2762 4442 tamen

301 4482 353 4527 ut
378 4473 519 4527 alteri
546 4480 760 4539 nuptam,
782 4474 858 4526 vel
889 4480 940 4525 ut
961 4471 1241 4525 monialem:
1266 4480 1379 4525 tunc
1405 4471 1533 4525 enim
1561 4472 1820 4539 probabile
1839 4487 1949 4526 esse
1968 4473 2051 4537 ait,
2073 4473 2422 4528 delectationes
2441 4478 2564 4528 tales
2592 4475 2762 4529 reduci

300 4559 363 4611 ad
388 4556 607 4624 speciem
631 4554 867 4622 simplicis
891 4553 1240 4609 fornicationis.
1269 4558 1336 4609 lta
1362 4555 1509 4610 etiam
1536 4556 1642 4610 Fili.
1673 4564 1735 4610 tr.
1762 4558 1849 4609 2⁴.
1877 4572 1923 4610 n.
1955 4560 2076 4611 302.
2104 4561 2240 4612 Less.
2259 4560 2380 4613 Bon.
2405 4559 2546 4613 Dian.
2568 4563 2758 4614 Peleus.
