3529 5158
310 368 417 445 [27]
840 379 1285 425 vonum-Aluum
1322 382 1389 424 m
1425 381 1639 426 CAUSA.
1677 383 1820 426 mus
1857 382 2263 425 commorans
2711 374 2780 428 21

493 483 566 545 2⁰
594 481 774 545 Hane
804 481 1106 565 regulam,
1133 482 1451 546 silentium
1480 500 1696 567 nempe
1725 483 1792 546 in
1824 482 1988 547 datis
2018 483 2471 548 conditionibus
2503 503 2612 567 pro
2644 504 2783 550 eon-

315 602 497 649 sensu
544 582 780 656 haberi,
821 583 1044 657 valere,
1093 585 1337 665 quando
1383 584 1557 648 nulla
1602 584 1763 649 ratio
1813 584 2078 649 occurrit
2122 585 2383 650 suadens
2430 588 2781 669 oppositam

316 690 580 770 partem.
614 685 864 750 Etenim
910 685 966 750 si
995 705 1066 749 ex
1097 686 1579 751 circumstantiis
1611 687 1709 751 vel
1740 686 1925 752 certis
1971 686 2337 751 coniecturis
2382 688 2780 754 verisimilius

317 790 635 871 appareat,
669 806 833 861 eum,
867 788 975 869 qui
1005 790 1172 852 tacet
1202 790 1266 852 et
1293 807 1418 853 non
1447 788 1834 861 contradicit,
1868 788 2210 861 dissentire,
2243 791 2392 853 tunc
2421 809 2543 854 non
2575 793 2783 872 potest
2844 790 2847 794 ’

316 890 587 973 amplius
620 890 952 973 prudenter
981 891 1292 972 praesumi
1321 909 1671 957 consensus.
1704 891 1793 956 Ut
1822 890 2020 975 igitur
2047 891 2254 956 locum
2284 893 2512 957 habeat
2541 894 2779 978 regula,

317 1012 470 1076 opus
503 995 621 1065 est,
656 994 731 1056 ut
760 1010 857 1057 res
887 992 954 1057 in
985 992 1171 1057 dubio
1202 995 1509 1071 versetur3
1544 996 1692 1057 tunc
1722 993 1886 1057 enim
1917 1012 1989 1056 ex
2018 992 2151 1056 iure
2196 994 2613 1076 praesumitur
2642 1014 2781 1060 con-

316 1094 567 1167 sentire,
602 1094 711 1176 qui
742 1096 909 1159 tacet
940 1097 1004 1158 et
1034 1114 1155 1159 non
1187 1094 1573 1160 contradicit.
1597 1094 1822 1159 Confer
1852 1093 2167 1158 Reiffenst.
2193 1094 2268 1157 de
2296 1094 2566 1177 Reyulis
2595 1098 2777 1171 iuri-3,

315 1196 392 1260 ad
423 1196 679 1281 regulas
709 1197 816 1273 43.
852 1198 914 1261 et
945 1197 1052 1260 44.
1077 1200 1140 1261 et
1170 1196 1234 1261 in
1265 1196 1372 1260 lib.
1407 1198 1467 1259 2.
1500 1198 1601 1261 tit.
1639 1198 1740 1260 12.
1775 1196 1850 1259 de
1879 1195 2286 1260 Possessione
2316 1202 2380 1260 et
2390 1201 2780 1278 proprietate

317 1317 350 1362 a
381 1318 442 1363 n.
483 1298 631 1362 163.
667 1297 746 1363 ad
782 1299 927 1362 177.

420 1429 472 1493 g)
514 1428 724 1479 Demum
776 1424 1092 1489 distinguitur
1147 1424 1476 1480 voluntarium
1516 1440 1565 1478 111
1607 1440 1665 1478 si:
1701 1433 1748 1479 et
1787 1425 2113 1480 voluntarium
2153 1442 2200 1480 111
2238 1441 2350 1480 Δ1110
2385 1440 2474 1480 seu
2513 1442 2561 1480 111
2600 1442 2772 1481 causi.

317 1509 525 1563 Primum
566 1511 722 1576 (quod
762 1516 810 1563 et
852 1525 1078 1563 ronuta
1121 1510 1318 1575 quidam
1355 1510 1544 1577 dicunt)
1572 1517 1663 1577 est,
1687 1513 1820 1575 quod
1856 1509 1906 1564 in
1944 1526 1999 1565 30
2035 1511 2145 1577 ipso
2181 1510 2460 1565 immediate
2498 1519 2548 1566 et
2587 1512 2772 1567 directe

315 1609 340 1647 a
366 1596 621 1648 voluntate
660 1593 945 1649 intenditur.
974 1597 1196 1649 Alterum
1235 1596 1386 1660 (quod
1424 1593 1618 1660 quidam
1659 1597 1908 1661 appellant
1946 1594 2215 1663 vuirunt)
2252 1603 2342 1657 031,
2368 1597 2498 1660 quod
2537 1598 2768 1649 voluntas

317 1693 408 1731 non
434 1676 631 1744 quidem
673 1678 720 1731 in
760 1693 812 1732 se
852 1677 1075 1744 intendit,
1108 1682 1214 1733 vult
1251 1686 1411 1733 tamen
1447 1692 1660 1739 causam,
1698 1680 1827 1731 unde
1866 1677 2119 1744 praevidet
2157 1687 2239 1732 aut
2277 1678 2564 1744 praevidere
2605 1686 2767 1744 potest

314 1776 422 1815 eum
460 1766 690 1815 effectum
729 1770 1031 1816 secuturum.
1072 1764 1215 1830 Quod
1253 1762 1295 1816 si
1332 1769 1379 1815 ct
1416 1766 1546 1815 hunc
1583 1764 1807 1815 effectum
1847 1763 2073 1815 voluntas
2125 1761 2413 1821 intenderet.
2452 1760 2532 1816 hic
2569 1776 2765 1828 quoquc

313 1845 365 1899 in
404 1861 458 1900 30
495 1846 602 1913 ipso
641 1846 950 1901 voluntarius
979 1846 1243 1901 diceretur.
1281 1848 1358 1899 Ad
1395 1844 1723 1899 voluntarium
1762 1851 1922 1898 autem
1962 1860 2011 1898 is
2048 1859 2197 1899 011131
2236 1852 2499 1899 revocatur
2535 1845 2601 1909 id,
2630 1850 2764 1912 quod

315 1931 505 1998 positae
541 1945 719 1985 causae
754 1931 947 1986 accedit
982 1938 1230 1998 tamquam
1267 1944 1378 1998 pars
1415 1930 1506 1984 toti
1542 1937 1626 1983 aut
1661 1931 1800 1983 velut
1835 1929 2162 1984 accessorium
2199 1929 2471 1997 principali.

403 2032 531 2105 28.
567 2034 729 2099 Sunt
759 2035 867 2117 qui
895 2035 1322 2099 voluntarium
1352 2035 1423 2097 in
1452 2054 1518 2097 se
1563 2033 1947 2098 confundunt
1991 2053 2132 2097 cum
2161 2032 2514 2096 voluntario
2546 2033 2777 2096 directo

317 2157 389 2202 ae
418 2156 634 2201 rursus
664 2136 1106 2223 voluntarium
1119 2138 1191 2200 in
1219 2156 1411 2201 causa
1440 2155 1581 2201 eum
1612 2136 1935 2198 indirecto,
1968 2133 2171 2199 Causa
2201 2135 2576 2200 confusionis
2607 2135 2670 2198 in
2703 2153 2775 2199 eo

315 2242 427 2313 est,
452 2240 623 2321 quod
646 2240 848 2322 reipsa
872 2239 1295 2304 voluntarium
1325 2239 1695 2303 indirectum
1717 2237 1951 2301 scilieet
1975 2256 2232 2318 sequens
2257 2237 2333 2299 ad
2359 2236 2773 2310 omissionem,

310 2346 635 2408 revocetur
667 2343 744 2406 ad
776 2343 1201 2407 voluntarium
1230 2343 1293 2406 in
1319 2360 1526 2406 causa.
1551 2341 1784 2405 Verum
1817 2339 2240 2404 voluntarium
2270 2340 2332 2402 in
2365 2358 2551 2403 causa
2580 2339 2775 2403 latius

311 2447 504 2529 patet.
537 2444 681 2508 Non
728 2445 932 2508 solum
979 2445 1142 2509 enim
1188 2446 1334 2508 sunt
1374 2444 1727 2508 voluntaria
1759 2442 1824 2504 in
1871 2460 2079 2514 causa,
2112 2459 2270 2522 quae
2315 2442 2659 2521 sequuntur
2704 2459 2775 2503 ex

314 2546 648 2612 omissione
693 2545 798 2611 sed
843 2546 955 2610 issa
1010 2565 1275 2629 quoque,
1322 2564 1481 2628 quae
1526 2546 1987 2625 consequuntur
2030 2542 2364 2626 positivam
2417 2541 2774 2625 quampiam

312 2651 638 2714 actionem.
665 2649 767 2714 Sic
797 2649 1087 2715 scribenti
1117 2649 1308 2713 libros
1342 2649 1634 2712 obscenos
1656 2647 2011 2711 voluntaria
2035 2647 2182 2710 sunt
2210 2645 2274 2709 in
2305 2664 2492 2710 causa
2523 2647 2774 2728 peecata

311 2752 671 2837 legentium.

404 2854 775 2920 voluntario
799 2854 862 2918 in
893 2873 1079 2918 eausa
1105 2852 1353 2917 additur
1375 2851 1541 2934 quod
1565 2850 1800 2915 accedit
1828 2851 2002 2915 velut
2031 2868 2174 2933 pars
2199 2853 2311 2914 aut
2343 2850 2770 2915 accessorium.

314 2956 413 3022 Sic
456 2958 567 3040 qui
612 2957 1128 3021 subdiaconatum
1161 2954 1404 3037 accipit,
1437 2955 1719 3018 censetur
1747 2953 1905 3016 velle
1935 2952 2124 3016 etiam
2171 2955 2390 3017 votum
2421 2953 2769 3018 castitatis:

313 3061 396 3124 sic
416 3061 529 3143 qui
558 3060 902 3144 generatim
932 3059 1123 3123 credit
1146 3057 1420 3121 revelata
1443 3076 1480 3120 a
1511 3057 1663 3129 Deo,
1687 3055 1988 3138 implicite
2010 3055 2203 3119 credit
2233 3055 2423 3118 etiam
2455 3053 2772 3118 Christum

315 3164 695 3245 praesentem
724 3161 789 3226 in
820 3160 1238 3225 Eucharistia:
1265 3158 1353 3223 sic
1384 3158 1494 3240 qui
1523 3157 1696 3221 ducit
1724 3177 1998 3229 uxorem,
2027 3173 2180 3220 onus
2213 3157 2476 3219 assumit
2507 3175 2644 3219 eam
2675 3175 2774 3219 su-

316 3266 627 3332 stentandi
654 3268 772 3330 etc.

420 3382 506 3434 lx.
533 3382 689 3433 Porro
714 3385 770 3433 111
799 3376 1047 3444 quidpiam
1073 3375 1139 3430 ita
1166 3380 1425 3429 censeatur
1450 3370 1783 3425 voluntarium
1808 3370 1857 3423 in
1884 3384 2047 3434 causa,
2072 3376 2126 3424 ut
2151 3367 2314 3435 agenti
2338 3367 2570 3436 imputari
2596 3367 2770 3436 possit,

320 3470 418 3518 tros
452 3464 758 3518 conditiones
795 3461 1130 3529 requiruntur.

428 3551 484 3600 l·
507 3552 604 3613 Est,
649 3556 700 3602 ut
740 3562 888 3613 agens
928 3545 1200 3612 aliqualiter
1238 3542 1605 3606 animadvertat,
1643 3555 1704 3594 ex
1742 3555 1798 3594 ea
1837 3554 1985 3594 causa
2022 3543 2169 3595 talem
2210 3543 2436 3595 effectum
2474 3539 2768 3594 exstiturum

319 3635 397 3686 vel
420 3632 655 3687 exsistere
696 3632 834 3686 facilc
869 3645 1018 3697 posse
1043 3637 1126 3684 aut
1153 3631 1325 3683 saltem
1351 3630 1554 3681 confuso
1592 3624 1754 3692 aliquo
1781 3627 1926 3679 modo
1953 3623 2304 3688 obligationem
2342 3632 2526 3687 noscat,
2558 3622 2774 3678 animum

319 3719 376 3770 ad
423 3716 473 3770 id
519 3716 824 3770 advertendi.
871 3717 1008 3769 Tunc
1057 3721 1217 3768 autem
1269 3715 1469 3766 effectus
1515 3709 1838 3764 animadverti
1875 3708 2092 3777 potuisse
2137 3724 2193 3763 ac
2246 3708 2474 3761 debuisse
2526 3713 2770 3771 censetur,

318 3804 506 3868 quando
542 3802 623 3856 hic
662 3817 725 3856 ex
760 3801 848 3856 tali
893 3806 1003 3855 actu
1043 3814 1131 3869 per
1167 3813 1219 3852 30
1258 3796 1477 3864 sequitur
1516 3798 1595 3850 vel
1633 3802 1685 3849 ut
1728 3794 1778 3848 in
1829 3794 2070 3862 pluribus,
2107 3796 2186 3847 vel
2237 3792 2382 3846 etiam
2423 3807 2511 3860 per
2551 3792 2776 3846 accidens

322 3893 368 3940 et
405 3893 457 3939 ut
489 3887 538 3941 in
578 3886 913 3954 paucioribus,
952 3885 994 3939 si
1033 3900 1125 3953 per
1162 3881 1507 3950 experientiam
1543 3880 1653 3947 quis
1689 3879 1737 3932 id
1775 3881 1936 3945 quoad
1975 3894 2029 3932 se
2068 3877 2278 3932 noverit.
2317 3877 2370 3931 Si
2408 3892 2530 3931 vero
2569 3881 2776 3931 effectus

319 3971 594 4038 praevideri
631 3986 727 4025 non
766 3970 944 4038 potuit,
986 3972 1122 4025 nullo
1157 3970 1303 4022 modo
1342 3974 1417 4022 est
1451 3964 1769 4033 imputabilia.

420 4060 477 4110 2·
503 4065 595 4120 ast,
629 4063 684 4109 111
716 4054 878 4120 agenti
904 4054 1067 4109 libera
1093 4052 1157 4107 sit
1184 4056 1386 4106 facultas
1410 4066 1504 4104 non
1532 4049 1744 4118 ponendi
1769 4062 1965 4102 causam
1990 4053 2074 4102 aut
2097 4046 2305 4116 positam
2333 4045 2603 4100 auferendi.

419 4143 478 4195 3·
504 4148 598 4206 031,
628 4146 682 4193 111
709 4154 855 4205 agens
895 4145 1123 4193 teneatur
1151 4151 1347 4191 causam
1386 4151 1480 4188 non
1519 4149 1718 4201 ponere,
1750 4135 1829 4187 vel
1862 4131 2068 4200 positam
2108 4135 2299 4185 auterre
2327 4139 2375 4185 et
2414 4129 2607 4197 quidem
2647 4129 2777 4193 ide0‚

317 4224 419 4279 sive
452 4241 514 4279 ex
555 4223 744 4280 iustitia
781 4223 887 4278 sive
926 4239 987 4277 cx
1028 4222 1227 4277 caritate
1268 4227 1351 4274 aut
1376 4236 1437 4274 ex
1463 4220 1623 4274 officio
1663 4225 1901 4282 teneatur,
1929 4233 1989 4271 ne
2017 4217 2127 4270 talis
2159 4222 2392 4283 sequatur
2449 4219 2665 4270 effeetus.
2697 4216 2778 4271 Sic

320 4308 581 4363 voluntarii
614 4324 711 4362 non
752 4315 1009 4362 censentur
1048 4305 1190 4373 pravi
1225 4312 1406 4368 11101113,
1436 4305 1479 4358 si
1515 4304 1600 4371 qui
1638 4301 1913 4357 excitentur
1948 4302 1997 4356 in
2035 4300 2293 4368 chirurgia
2329 4305 2408 4357 vel
2454 4302 2778 4358 confessariis

317 4395 435 4447 dum
470 4396 667 4448 student
706 4394 786 4447 vel
824 4392 1041 4446 officium
1078 4406 1216 4445 suum
1255 4396 1508 4457 exercent3
1545 4388 1676 4456 quia,
1713 4387 1810 4443 nisi
1845 4387 1972 4442 adsit
2026 4387 2303 4455 proximum
2353 4386 2625 4454 periculum
2666 4401 2781 4442 con·

320 4494 494 4534 sensus
529 4479 576 4533 in
616 4483 817 4545 malum,
854 4492 950 4531 non
989 4482 1209 4530 tenentur
1244 4482 1502 4544 propterea
1541 4490 1568 4528 a
1610 4488 1813 4528 munere
1853 4488 1943 4527 suo
1983 4471 2244 4527 abstinere.

403 4574 528 4648 27.
565 4579 790 4659 Itaque
835 4576 1171 4659 quaeritur,
1204 4575 1596 4658 quandonam
1642 4574 1894 4638 effeetus
1939 4592 2196 4654 sequens
2243 4591 2314 4635 ex
2355 4572 2594 4635 actione
2637 4591 2779 4635 mea

326 4680 594 4760 (nomine
642 4679 908 4745 actionis
940 4679 1150 4742 autem
1180 4677 1554 4762 intelligitur
1585 4676 1776 4741 etiam
1817 4675 2097 4758 omissio)
2128 4676 2448 4739 censeatur
2492 4672 2646 4736 mihi
2676 4690 2782 4738 vo-
