3529 5158
723 392 889 431 Lxxx
1589 382 1805 425 SERIES
1844 381 2315 423 CHRONOLOGICA

821 491 931 551 Sic
969 489 1329 565 intellecta,
1371 491 1449 546 ut
1481 484 1976 546 controversiae
2007 483 2092 543 ad
2124 483 2322 542 fidem
2353 488 2425 543 et
2455 499 2671 544 mores
2703 486 3086 558 spectantes
3117 483 3187 542 in

727 579 1029 641 Ecclesia
1050 593 1469 653 quacumque
1492 574 1805 636 subortae
1837 589 1956 647 per
1990 572 2327 632 nationale
2351 572 2706 633 concilium
2739 571 3187 649 irrefragabili

726 667 976 729 iudicio
999 666 1177 726 finiri
1218 666 1516 739 valeant3
1547 663 1735 738 quasi
1779 662 2146 723 inerrantia
2177 662 2248 720 in
2274 660 2428 722 fidei
2465 665 2533 721 et
2570 678 2827 722 morum
2851 661 3187 737 quaestio-

730 758 928 819 nibus
960 755 1286 816 nationali
1325 753 1604 814 concilio
1636 756 2077 827 competeret:

1521 841 1977 917 Schismatica,
2024 840 2380 901 haeretica.

821 934 1214 995 Mandamus
1240 932 1450 1009 igitur
1472 931 1784 990 omnibus
1801 930 2152 1004 utriusque
2177 945 2378 989 sexus
2402 928 2968 1005 christifidelibus,
2998 945 3082 989 ne
3105 928 3187 989 de

726 1024 927 1084 dictis
951 1021 1522 1099 propositionibus
1550 1025 1623 1079 et
1653 1019 1978 1079 doctrinis
2001 1019 2267 1095 sentire,
2303 1018 2556 1095 docere,
2583 1017 2966 1095 praedicare
2997 1033 3187 1094 prae-

727 1115 1014 1189 sumant,
1048 1115 1282 1172 contra
1314 1127 1511 1185 quam
1540 1108 1607 1167 in
1634 1109 1758 1169 hac
1790 1114 2020 1169 nostra
2050 1108 2535 1169 constitutione
2555 1107 2961 1168 declaratur:
2987 1108 3086 1168 ita
3109 1111 3188 1167 ut

724 1203 1129 1277 quicumque
1177 1200 1328 1260 illas
1375 1199 1484 1260 vel
1529 1215 1757 1258 earum
1805 1197 2096 1272 aliquam
2144 1197 2551 1257 coniunctim
2600 1196 2710 1258 vel
2747 1196 3018 1257 divisim
3069 1195 3183 1256 do-

727 1292 961 1367 cuerit,
1011 1289 1409 1365 defenderit,
1459 1287 1747 1347 ediderit
1793 1291 1912 1346 aut
1959 1286 2043 1347 de
2080 1287 2177 1346 eis
2224 1286 2426 1346 etiam
2475 1285 2887 1361 disputando
2921 1285 3187 1361 publice

727 1382 839 1439 vel
884 1379 1199 1454 privatim
1251 1377 1664 1452 tractaverit,
1702 1376 1832 1435 nisi
1882 1375 2162 1436 forsitan
2207 1375 2686 1453 impugnando,
2721 1374 3188 1436 ecclesiasticis

726 1468 1028 1529 censuris
1052 1467 1339 1542 aliisque
1364 1470 1596 1526 contra
1621 1465 1868 1524 similia
1901 1468 2366 1539 perpetrantes
2399 1482 2439 1524 a
2464 1465 2607 1526 iure
2629 1464 2908 1526 statutis
2931 1464 3184 1541 poenis,

725 1558 876 1632 ipso
912 1556 1091 1617 facto
1122 1557 1375 1631 absque
1404 1555 1537 1614 alia
1567 1554 2019 1615 declaratione
2055 1554 2413 1615 subiaceat.

817 1647 1150 1722 Ceterum,
1200 1662 1321 1721 per
1366 1647 1539 1704 hanc
1592 1659 1975 1719 expressam
2031 1643 2484 1718 praefatarum
2541 1642 3072 1718 propositionum
3119 1648 3187 1702 et

728 1736 1183 1796 doctrinarum
1229 1733 1785 1809 reprobationem,
1820 1732 1953 1791 alia
2000 1732 2070 1791 in
2116 1732 2346 1792 eodem
2394 1732 2563 1792 libro
2610 1736 2925 1792 contenta
2973 1732 3186 1791 nulla-

728 1829 929 1885 tenus
966 1824 1337 1900 approbare
1376 1822 1815 1883 intendimus:
1850 1839 2000 1881 cum
2033 1822 2427 1896 praesertim
2457 1822 2528 1880 in
2561 1838 2640 1881 eo
2671 1821 3046 1897 complures
3074 1820 3186 1880 de-

729 1916 1099 1989 prehensae
1122 1912 1377 1972 fuerint
1411 1911 1899 1986 propositiones
1931 1918 1997 1970 et
2038 1910 2381 1972 doctrinae
2413 1911 2558 1971 sive
2591 1911 2745 1988 illis,
2779 1926 2950 1985 quae
2983 1927 3186 1985 supra

732 2003 1087 2061 damnatae
1144 2005 1324 2077 sunt,
1382 2002 1629 2075 affines,
1687 2000 1830 2059 sive
1889 2016 2061 2073 quae
2108 2018 2259 2059 cum
2322 1999 2689 2060 eommunis
2740 2017 2818 2059 ac
2869 1998 3188 2073 probatae

730 2090 1071 2150 doctrinae
1141 2095 1211 2149 et
1255 2089 1650 2163 discipliuae
1696 2089 2118 2148 temerarium
2170 2093 2647 2165 contemptum,
2705 2092 2847 2148 tum
2901 2087 3184 2148 maxime

727 2178 1067 2241 infensum
1122 2180 1189 2238 in
1241 2194 1548 2239 romanos
1596 2178 1959 2237 Pontifices
2005 2182 2076 2236 et
2120 2178 2554 2252 apostolicam
2605 2178 2842 2238 Sedem
2889 2177 3181 2237 animum

731 2267 1215 2343 praeseferunt.

820 2359 973 2417 Duo
1018 2373 1179 2418 vero
1225 2357 1570 2431 speciatim
1620 2356 1918 2415 notanda
1964 2373 2328 2433 censemus,
2364 2374 2537 2431 quae
2583 2357 2666 2417 de
2712 2357 3188 2434 augustissimo

728 2447 1189 2506 sanctissimae
1214 2447 1565 2505 Trinitatis
1590 2446 1910 2521 mysterio
1943 2448 2002 2521 ξ.
2032 2451 2092 2504 2.
2127 2446 2374 2505 decreti
2412 2446 2494 2505 de
2528 2446 2692 2505 Fide
2726 2446 2783 2506 si
2816 2463 2948 2506 non
2976 2462 3188 2522 pravo

726 2537 970 2614 animo,
1020 2536 1515 2612 imprudentius
1561 2540 1741 2597 certe
1793 2535 2059 2612 Synodo
2107 2535 2519 2614 exciderunt,
2556 2552 2727 2612 quae
2761 2535 2955 2596 facile
2989 2535 3188 2596 rudes

725 2625 1119 2701 praesertim
1175 2629 1244 2684 et
1300 2625 1605 2684 incautos
1652 2626 1723 2683 in
1773 2624 2074 2684 fraudem
2132 2625 2472 2700 impellere
2521 2625 2809 2685 valeant.
2864 2625 3184 2703 Primum,

726 2714 907 2790 dum,
942 2719 1380 2788 posteaquam
1428 2714 1555 2772 rite
1589 2713 1931 2789 praemisit
1968 2715 2184 2773 Deum
2217 2715 2287 2773 in
2327 2731 2446 2774 suo
2487 2715 2651 2774 Esse
2688 2732 2897 2773 unum
2929 2719 3000 2774 et
3031 2715 3187 2775 sim-

728 2802 1165 2878 plicissimum
1191 2819 1600 2878 permanere,
1626 2803 1943 2862 continuo
1961 2803 2380 2879 subiungens
2403 2805 2620 2878 ipsum
2651 2805 2869 2864 Deum
2885 2804 2956 2863 in
2972 2804 3188 2864 tribus

729 2892 1033 2966 personis
1078 2891 1433 2966 distingui,
1481 2909 1823 2966 perperam
1875 2892 2162 2952 discedit
2208 2911 2245 2952 a
2295 2893 2626 2953 communi
2675 2898 2744 2953 et
2789 2893 3071 2969 probata
3116 2895 3186 2954 in

727 2980 1133 3041 christianae
1166 2980 1509 3041 doctrinae
1536 2981 2082 3042 institutionibus
2114 2981 2417 3059 formula,
2452 2999 2588 3057 qua
2621 2983 2807 3042 Deus
2831 3000 3008 3042 unus
3039 2983 3187 3059 qui-

726 3070 878 3130 dem
925 3069 997 3128 in
1043 3069 1260 3130 tribus
1296 3070 1599 3144 personis
1646 3071 1986 3130 distinctis
2033 3070 2302 3148 dicitur,
2350 3089 2486 3131 non
2525 3071 2598 3129 in
2632 3071 2848 3132 tribus
2881 3073 3187 3146 personis

726 3159 1118 3218 distinctus:
1143 3159 1336 3218 cuius
1363 3159 1685 3218 formulae
1710 3161 2229 3219 commutatione
2257 3160 2380 3220 hoc
2407 3160 2475 3220 vi
2500 3161 2855 3220 verborum
2882 3161 3188 3237 subrepit-

724 3248 968 3308 erroris
999 3247 1391 3323 periculum,
1418 3254 1495 3309 ut
1520 3250 1815 3309 essentia
1843 3248 2077 3309 divina
2101 3248 2420 3309 distincta
2445 3249 2511 3310 in
2547 3249 2848 3325 personis
2884 3253 3184 3326 putetur,

725 3355 929 3412 quam
960 3336 1125 3397 fides
1157 3338 1485 3397 catholica
1517 3339 1613 3398 sic
1646 3355 1846 3398 unam
1881 3339 1950 3397 in
1989 3339 2293 3413 personis
2326 3339 2664 3399 distinctis
2696 3340 3072 3416 confitetur,
3107 3344 3186 3399 ut

725 3443 871 3486 eam
919 3425 1119 3485 simul
1169 3427 1561 3501 profiteatur
1611 3429 1679 3487 in
1727 3444 1799 3486 se
1844 3445 2117 3502 prorsus
2165 3428 2643 3488 indistinctam.

816 3513 1149 3590 Alterum,
1185 3516 1365 3589 quod
1404 3515 1485 3576 de
1535 3517 1839 3591 ipsismet
1887 3517 2103 3578 tribus
2149 3517 2400 3577 divinis
2447 3517 2749 3593 personis
2796 3518 3022 3596 tradit,
3074 3534 3186 3578 eas

724 3602 1092 3663 secundum
1116 3620 1343 3663 earum
1368 3605 1813 3680 proprietates
1844 3607 2227 3680 personales
2251 3611 2320 3666 et
2351 3606 3007 3668 incommunicabiles
3032 3623 3186 3672 exa·

726 3692 902 3752 ctius
927 3693 1260 3767 loquendo
1293 3694 1577 3768 exprimi
1616 3711 1736 3755 seu
1760 3695 2085 3770 appellari
2113 3696 2401 3772 Patrem,
2427 3696 2722 3756 Verbum
2755 3700 2824 3757 et
2856 3696 3184 3771 Spiritum

728 3781 1077 3841 Sanctum:
1128 3782 1320 3858 quasi
1354 3784 1575 3842 minus
1614 3784 1884 3858 propria
1930 3789 1998 3843 et
2030 3788 2265 3844 exacta
2294 3783 2463 3844 foret
2496 3785 2860 3860 appellatio
2893 3785 3052 3845 Filii
3084 3790 3186 3845 tot

727 3870 1115 3947 Scripturae
1164 3872 1325 3931 locis
1372 3877 1775 3951 consecrata,
1826 3889 1987 3932 voce
2036 3873 2182 3948 ipsa
2214 3874 2436 3933 Patris
2482 3891 2519 3933 e
2566 3874 2767 3934 caelis
2804 3879 2873 3934 et
2919 3890 2956 3933 e
3005 3874 3185 3934 nube

726 3958 1018 4038 delapsa,
1047 3967 1192 4021 tum
1218 3961 1503 4021 formula
1540 3962 1864 4036 Baptismi
1889 3980 1928 4022 a
1962 3963 2229 4024 Christo
2253 3963 2683 4042 praescripta,
2718 3967 2863 4022 tum
2895 3966 2965 4023 et
2994 3980 3185 4039 prae-

728 4051 907 4109 clara
954 4050 1071 4110 illa
1117 4050 1530 4110 confessione
1580 4069 1714 4126 qua
1760 4051 1996 4112 beatus
2043 4053 2128 4112 ab
2176 4053 2462 4127 ipsomet
2495 4052 2763 4112 Christo
2797 4054 3041 4113 Petrus
3082 4058 3187 4113 est

728 4139 1243 4215 pronuntiatus3
1292 4156 1370 4199 ac
1419 4158 1551 4200 non
1598 4141 1826 4215 potius
1873 4141 2295 4201 retinendum
2327 4145 2505 4202 esset
2551 4141 2750 4219 quod,
2790 4142 3070 4203 edoctus
3101 4142 3187 4202 ab

728 4229 1135 4304 Augustino,
1188 4229 1562 4304 Angelicus
1608 4234 1998 4304 praeceptor
2030 4229 2116 4305 (a)
2161 4231 2458 4291 vicissim
2507 4231 2649 4306 ipse
2678 4227 2926 4308 docuit,
2965 4232 3028 4290 ιῗη
3077 4249 3187 4291 no·

727 4318 894 4377 minc
954 4317 1137 4376 Verbi
1186 4318 1459 4376 etz-nedem
1498 4319 1958 4393 proprietatem
2004 4319 2346 4395 importari
2391 4338 2547 4396 quae
2599 4321 2664 4378 in
2703 4321 2952 4380 ommino
2996 4319 3184 4396 Filii,

726 4406 991 4466 dicente
1039 4405 1348 4464 nimirum
1400 4406 1790 4481 August-ino
1825 4407 1947 4480 (b):
1998 4407 2094 4466 Eo
2142 4409 2380 4469 dicitur
2443 4409 2729 4484 Verbum,
2764 4427 2882 4486 quo
2916 4409 3149 4470 Mlius.

805 4616 873 4666 (a)
901 4614 949 4656 S.
980 4615 1208 4660 Thomas,
1239 4616 1276 4657 1.
1308 4628 1356 4669 p.
1388 4629 1437 4669 q.
1466 4615 1535 4658 34.
1566 4627 1612 4659 a.
1640 4616 1682 4658 2.
1713 4616 1778 4658 ad
1805 4616 1847 4658 3.

803 4668 872 4720 (b)
904 4668 975 4710 Dc
1003 4668 1184 4711 Trinit.
1208 4669 1261 4711 L.
1284 4668 1324 4711 7.
1355 4682 1395 4712 c.
1426 4671 1467 4712 ⁶2.
