3529 5158
1085 344 1171 384 mn
1208 342 1729 385 mmmmm-ioum
1769 342 1949 385 nmis
1986 343 2380 384 PONTIFICIAE
2861 332 2971 389 717

499 443 679 508 docet
709 444 852 526 post
881 442 1113 507 factam
1159 441 1723 525 promulgationem
1754 441 1952 505 inesse
1997 442 2123 525 legi
2154 442 2283 505 vim
2324 441 2661 526 obligandi,
2696 444 2843 509 licet
2890 444 2970 509 ob

498 544 806 609 defectum
850 545 1113 608 notitiae
1159 545 1485 609 excusetur
1529 543 1811 624 quisquis
1859 562 1996 607 eam
2040 544 2310 627 ignorat.
2350 543 2560 624 Atque
2608 545 2725 610 hoc
2769 566 2966 610 unum

498 644 831 710 desiderari
861 646 1072 729 potuit
1100 646 1164 710 in
1196 646 1543 721 Marchant‚
1578 648 1669 722 ut,
1704 644 1978 709 exactius
2026 644 2316 722 scribens»,
2356 664 2479 710 non
2513 646 2760 725 diceret,
2795 649 2969 730 iquo-

499 751 714 812 rantes
758 768 884 812 non
930 747 1221 830 obliyari‚
1271 749 1375 813 sed
1421 748 1667 823 diceret,
1718 748 2080 828 iynorantes
2126 746 2199 809 ob
2246 746 2548 826 defectum
2593 750 2971 830 sufficientis

495 850 756 913 notitiae
793 851 1106 915 excusari.

587 952 670 1016 Et
705 953 923 1034 utique
959 953 1175 1018 deinde
1213 952 1459 1016 videtur
1495 953 1752 1035 exigere,
1789 953 1862 1015 ut
1899 952 2127 1016 notitia
2165 952 2315 1016 haec
2348 952 2661 1017 deferatur
2693 973 2800 1036 per
2838 973 2963 1031 eos,

499 1056 606 1137 qui
654 1055 1029 1119 auctoritate
1076 1055 1329 1138 pollent.
1364 1054 1451 1117 At
1481 1074 1623 1118 cum
1655 1053 1716 1117 id
1749 1053 1918 1118 dicat
1947 1053 2358 1129 solummodo,
2385 1054 2461 1119 ut
2490 1054 2777 1119 excludat
2810 1055 2968 1120 obli-

497 1158 817 1241 gationem
862 1177 933 1222 ex
979 1158 1229 1221 incertis
1273 1156 1627 1220 rumoribus
1685 1156 2065 1239 impositam,
2115 1157 2272 1221 nibil
2324 1157 2598 1221 detrahit
2651 1160 2967 1223 communi

497 1259 829 1324 doctrinae.
858 1258 957 1324 Sic
986 1259 1125 1323 ille:
1152 1282 1187 1317 <c
1214 1258 1374 1334 Dixi,
1408 1260 1615 1336 utpote
1637 1258 1789 1338 quia
1825 1259 1917 1321 eis
1947 1257 2316 1339 obliyatorie
2339 1258 2635 1322 intimata
2658 1280 2785 1323 non
2807 1259 2967 1339 fuit,-

495 1380 620 1426 non
651 1363 815 1425 enim
846 1362 1099 1443 quaevis
1131 1360 1358 1425 notitia
1388 1360 1545 1443 legis
1568 1360 1665 1423 vel
1698 1360 2220 1445 promulgationis
2251 1360 2408 1446 legis
2441 1362 2785 1443 quemlibet
2817 1363 2967 1427 obli-

496 1465 641 1547 gat:
682 1463 788 1528 sed
819 1463 999 1527 debet
1030 1462 1400 1547 obligatorie
1431 1462 1729 1537 intimari,
1758 1462 2053 1526 nimirum
2089 1482 2196 1546 per
2227 1482 2351 1540 eos,
2381 1464 2458 1528 ad
2496 1483 2652 1545 quos
2689 1465 2963 1549 regimen

496 1565 729 1647 populi,
750 1565 1061 1628 Dioecesis
1086 1564 1184 1627 vel
1207 1562 1722 1647 Congregationis
1755 1564 1842 1644 (v.
1872 1584 1964 1646 gr.
1991 1564 2347 1648 religiosae)
2370 1568 2612 1648 spectat
2644 1571 2705 1629 et
2738 1567 2966 1647 quibus

497 1665 743 1729 credere
775 1669 838 1728 et
868 1666 1253 1746 acquiescere
1283 1663 1541 1745 obligor.
1570 1662 1748 1743 Quod
1779 1663 2103 1729 dicendum
2134 1665 2259 1729 fuit
2281 1668 2532 1749 propter
2563 1667 2827 1748 aliquos,
2856 1670 2964 1749 qui

496 1788 638 1832 cum
676 1768 1039 1851 particulari
1084 1767 1310 1831 notitia
1359 1766 1592 1847 aliquid
1633 1766 1897 1831 audiunt
1943 1767 2178 1831 Romae
2210 1769 2702 1853 promulgatum,
2744 1771 2963 1834 statim

496 1871 942 1954 obligationem
974 1869 1379 1951 proclamant,
1407 1888 1528 1932 non
1561 1871 1970 1951 expectanteS‚
1997 1871 2071 1933 ut
2096 1871 2404 1936 ordinarie
2434 1872 2532 1936 lex
2556 1893 2664 1955 per
2688 1872 2964 1938 Nuntios

492 1972 885 2056 Apostolicos
918 1973 1016 2036 vel
1046 1972 1381 2055 Episcopos
1422 1971 1763 2036 intimetur.
1799 1971 1882 2036 Et
1918 1972 2068 2036 haec
2099 1972 2312 2036 omnia
2339 1975 2733 2052 apertzssime
2765 1974 2965 2038 decla-

491 2076 633 2138 rari
664 2077 939 2154 possunt
981 2094 1053 2139 ex
1098 2074 1194 2149 113,
1236 2093 1393 2155 quae
1440 2074 1743 2138 Auctores
1790 2074 2049 2138 tradunt
2095 2074 2167 2139 de
2215 2074 2570 2159 ignorantia
2617 2076 2960 2141 invincibili

494 2179 557 2243 et
593 2177 899 2262 probabili
946 2196 982 2240 a
1014 2179 1263 2260 peccato
1298 2179 1625 2241 excusante
1658 2176 1760 2255 (en
1794 2177 2101 2257 quomodo
2134 2196 2387 2261 prorsus
2426 2177 2616 2243 distet
2650 2199 2684 2242 a
2718 2179 2961 2244 theoria

491 2281 1024 2365 regalistarum)...
1052 2280 1135 2344 Et
1164 2281 1279 2344 hoc
1310 2278 1493 2343 modo
1531 2279 1694 2342 iuste
1727 2280 1792 2343 et
1826 2278 2282 2344 rationabiliter
2313 2279 2671 2344 concordari
2697 2284 2961 2364 possunt

492 2384 700 2447 variae
748 2382 1064 2464 opiniones
1112 2381 1185 2445 de
1220 2381 1433 2465 legum
1479 2397 1864 2445 surrlcrst
1909 2382 2409 2467 promulgatione
2442 2384 2506 2447 et
2554 2383 2955 2468 obligatione.

490 2483 681 2549 Aliud
726 2485 822 2549 est
867 2485 1031 2547 enim
1066 2484 1267 2566 legem
1296 2502 1425 2547 esse
1457 2483 1833 2548 sufficienter
1863 2485 2328 2568 promulgatam
2362 2488 2426 2550 et
2456 2484 2584 2549 vim
2635 2486 2957 2571 obligandi

490 2587 747 2662 habere3
784 2586 954 2649 aliud
986 2586 1081 2649 est
1110 2584 1286 2648 illam
1325 2586 1436 2649 has
1470 2586 1568 2650 vel
1596 2586 1738 2650 illas
1772 2605 2061 2669 personas
2092 2589 2219 2652 imo
2253 2589 2319 2652 et
2352 2585 2851 2653 Communitates
2883 2589 2958 2653 de

488 2689 653 2753 facto
694 2689 970 2773 obligare
1008 2713 1068 2750 ».
1103 2687 1225 2752 Ubi
1263 2688 1417 2751 nihil
1454 2688 1622 2752 vides
1671 2708 1966 2771 apparere
2005 2689 2283 2754 theorice
2329 2689 2402 2753 de
2452 2690 2961 2775 promulgatione

486 2792 550 2855 in
584 2792 847 2876 singulis
878 2790 1207 2873 provinciis
1241 2793 1304 2854 et
1341 2790 1414 2854 de
1445 2790 1686 2855 duobus
1719 2792 2040 2856 mensibus
2074 2794 2188 2857 etc.

579 2894 682 2956 20.
717 2891 845 2957 Nec
876 2891 1207 2956 admodum
1248 2894 1531 2956 accurate
1564 2893 1876 2976 allegatur
1908 2894 2260 2958 Bernardus
2287 2893 2538 2976 Sannig,
2576 2915 2761 2976 quem
2796 2894 2961 2959 Reif-

485 2994 752 3059 fenstuel
774 2993 920 3057 ibid.
948 2992 1099 3057 dicit
1135 2995 1471 3075 sequutum
1503 2995 1806 3059 theoriam
1833 2996 2322 3079 Regalistarum.
2352 2994 2518 3058 Satis
2551 2997 2636 3059 sit
2670 2995 2958 3060 attulisse

485 3096 712 3160 thesim
761 3114 948 3176 quam
987 3095 1060 3159 de
1107 3097 1223 3159 hac
1259 3115 1323 3159 re
1361 3097 1539 3178 ponit
1575 3095 1808 3178 Sannig
1856 3095 1930 3157 de
1969 3096 2185 3177 Leyib.
2223 3096 2367 3161 dist.
2405 3098 2465 3160 3.
2501 3117 2559 3178 q.
2603 3099 2661 3159 6.
2699 3097 2855 3160 thes.
2894 3099 2953 3160 2.

484 3198 549 3261 in
588 3198 782 3262 thom.
820 3199 879 3260 3.
907 3198 1120 3261 Theol.
1158 3196 1492 3261 Scholast.:
1528 3222 1562 3255 «
1588 3197 1783 3281 Leges
1822 3202 1884 3262 et
1917 3196 2410 3264 Constitutiones
2441 3218 2638 3264 novae
2674 3199 2956 3263 Summo-

484 3319 626 3363 rum
671 3299 1065 3374 Pontificum,
1100 3318 1209 3382 pro
1258 3301 1543 3363 universa
1576 3299 1848 3363 Ecclesia
1881 3300 2047 3364 latae
2085 3300 2184 3364 vel
2229 3320 2339 3384 pro
2380 3301 2662 3384 pluribus
2712 3300 2956 3383 provin-

484 3402 613 3479 cii8‚
642 3421 764 3466 non
799 3402 1083 3486 obligant
1114 3402 1175 3465 vi
1214 3402 1407 3466 solius
1439 3402 1961 3486 promulgationis
1993 3402 2056 3466 in
2093 3402 2241 3466 urbe
2273 3403 2558 3468 Romana
2583 3404 2802 3472 factae,
2828 3403 2959 3465 nisi

482 3506 826 3584 oppositum
882 3505 949 3567 in
1003 3506 1144 3584 ipsa
1198 3502 1651 3568 Constitutione
1712 3504 2122 3583 exprimatur.
2165 3529 2200 3562 »
2238 3504 2620 3569 Attendatur
2674 3504 2957 3569 clausula

487 3634 521 3665 «
552 3608 709 3672 Nisi
740 3609 1087 3687 oppositum
1118 3609 1187 3670 in
1216 3608 1357 3686 ipsa
1412 3604 1866 3670 Constitutione
1913 3607 2349 3685 expr·c‘matur;
2380 3626 2572 3688 quam
2606 3606 2853 3688 quidem
2884 3607 2956 3670 li-

479 3711 875 3775 mitationem
909 3710 1072 3774 idem
1103 3708 1335 3792 Sannig
1367 3708 1540 3772 addit
1572 3708 1768 3773 eidem
1807 3708 2149 3774 sententiae
2187 3709 2250 3772 in
2298 3727 2413 3773 suo
2465 3710 2627 3773 Iuris
2661 3707 2956 3772 Canonici

479 3809 855 3895 Compendio
890 3813 997 3876 lib.
1040 3813 1095 3875 1.
1138 3811 1237 3875 111.
1276 3813 1334 3874 2.
1371 3831 1501 3894 cap.
1540 3812 1599 3874 3.
1635 3830 1692 3875 n.
1730 3812 1790 3874 2.
1826 3811 2127 3892 inquiens.
2162 3811 2320 3874 Nise?
2355 3809 2546 3874 aliter
2585 3809 2958 3889 disponatur

479 3913 550 3976 in
580 3915 738 3993 *ipsis
776 3912 1355 3978 Constitutiom’bus.
1391 3912 1648 3992 Quando
1680 3913 1881 3997 igitur
1918 3913 2225 3977 habentur
2255 3913 2402 3977 illae
2440 3912 2776 3989 clausulae,
2796 3931 2957 3993 quae

474 4016 731 4082 cuilibet
755 4015 1204 4083 Constitutioni
1230 4016 1432 4080 solent
1457 4016 1681 4098 apponi
1713 4035 1933 4099 nempe
1965 4016 2124 4079 velle
2148 4035 2230 4093 se,
2259 4017 2333 4080 ut
2370 4015 2736 4096 cuicumque
2761 4033 2960 4079 exem-

471 4121 630 4202 plari
679 4124 794 4186 etc.
830 4122 979 4187 fides
1027 4122 1332 4185 habeatur
1378 4123 1493 4185 etc.
1531 4122 1594 4184 et
1639 4122 1944 4186 habeatur
1991 4122 2402 4205 promulgata
2452 4121 2558 4196 sic,
2595 4121 2843 4203 perinde
2885 4140 2957 4188 ac

475 4222 527 4286 si
564 4224 827 4308 singulis
859 4225 1186 4289 intimetur
1217 4225 1353 4296 etc„
1389 4224 1580 4287 etiam
1617 4223 1794 4287 iuxta
1838 4221 2070 4308 Sannig
2102 4223 2258 4288 nihil
2291 4222 2631 4306 requiritur
2667 4223 2952 4288 ulterius.

567 4325 670 4387 21.
698 4326 859 4390 Item
888 4346 1012 4391 non
1037 4326 1244 4391 exacte
1284 4325 1456 4390 addit
1488 4326 1906 4402 Reiffenstuel‚
1934 4326 2308 4391 sententiam
2345 4326 2522 4390 illam
2577 4325 2882 4410 Regalist.
2919 4346 2956 4390 a

470 4424 793 4510 Laymann
826 4429 1075 4509 quidem
1106 4430 1346 4493 censeri
1368 4429 1439 4492 in
1458 4429 1663 4508 praxi
1687 4431 1903 4492 tutam.
1936 4428 2100 4493 Nam
2132 4428 2442 4493 sententia
2473 4427 2796 4512 Laymann
2831 4449 2954 4494 non

471 4547 543 4590 ea
575 4531 688 4604 est,
729 4529 805 4592 ut
842 4528 1042 4592 ullum
1068 4531 1304 4613 pondus
1344 4532 1585 4596 tribuat
1624 4531 1719 4595 illi
1769 4530 2103 4610 doctrinae,
2147 4532 2325 4596 cuius
2373 4531 2660 4615 ponderis
2713 4532 2958 4596 ratione

473 4630 699 4694 evadat
722 4632 894 4706 tuta3
932 4630 1037 4694 sed
1068 4634 1275 4714 potius
1308 4634 1516 4697 tutam
1546 4633 1716 4712 dicit,
1751 4634 1899 4716 quia
1932 4636 2138 4717 potest
2171 4633 2381 4716 aliquo
2423 4633 2617 4699 modo
2652 4633 2958 4698 excusari.
