3529 5158
317 404 465 479 [138]
974 418 1126 466 Qun>
1164 418 1565 461 consensu-ru
1606 417 1821 472 nnc-m,
1863 417 2156 458 3111101133
2681 406 2789 461 181

321 518 449 580 tere
484 516 549 579 id
590 514 758 597 quod
808 515 997 579 habet
1041 514 1430 593 Aristotelea,
1471 516 1580 597 qui
1612 514 2000 599 distinguens
2038 515 2198 579 inter
2230 516 2556 581 veritatem
2586 536 2792 596 specu-

334 616 590 680 lativam
618 619 681 679 et
704 616 1077 695 maraticam,
1104 616 1371 699 priorem
1397 616 1548 681 dicit
1570 617 1732 680 sumi
1757 636 1831 680 ex
1853 615 2285 681 conformitate
2318 617 2394 681 ad
2416 637 2566 696 rem,
2593 621 2792 701 poste-

326 720 555 783 riorem
589 737 735 782 vero
762 737 834 783 cx
859 718 1295 783 conformitate
1321 718 1397 782 ad
1430 719 1781 802 appetitum
1811 722 2068 783 rectum.
2090 721 2189 783 Ita
2205 721 2270 784 et
2286 739 2334 784 3.
2354 720 2625 785 Thomas
2649 723 2706 784 l.
2727 723 2788 785 2.

323 841 380 903 q.
411 821 515 884 57.
548 824 663 884 art.
695 822 755 883 5.
785 819 862 883 ad
887 821 984 884 3.:
1019 844 1053 879 «
1079 820 1313 885 Verum
1342 820 1698 886 intellectus
1718 822 1994 900 practe‘cz'
2030 821 2212 887 aliter
2250 823 2569 906 accipitur,
2603 843 2790 905 quam

328 942 543 987 verum
560 924 916 987 intellectus
940 922 1324 1002 Qec-relativi,
1343 926 1419 987 ut
1439 923 1669 987 dicitur
1692 923 1751 986 6.
1773 922 2138 987 Ethicorum
2156 943 2288 1006 cap.
2310 926 2370 988 2.
2390 924 2555 989 Nam
2576 945 2792 990 verum

330 1025 685 1090 intellectus
717 1024 1086 1105 spemlativi
1116 1024 1417 1108 accipitur
1447 1045 1555 1108 per
1584 1025 2084 1090 conformitatem
2105 1026 2460 1091 intellectus
2485 1028 2562 1092 ad
2594 1048 2789 1093 rem...

324 1126 562 1191 Verum
588 1130 799 1191 autem
831 1127 1186 1192 intellectus
1198 1129 1474 1207 practici
1503 1127 1805 1210 accipitur
1837 1146 1943 1211 per
1973 1127 2473 1194 conformitatem
2506 1130 2583 1195 ad
2615 1150 2795 1215 appe·

326 1229 517 1293 titum
566 1231 808 1294 rectum
840 1254 902 1294 ».
937 1228 1073 1309 Qua
1122 1230 1196 1294 de
1243 1250 1306 1294 re
1353 1228 1515 1294 idem
1563 1250 1610 1295 s.
1651 1230 1871 1294 Thom.
1912 1232 1968 1294 1.
2004 1232 2064 1293 2.
2099 1250 2158 1313 q.
2206 1234 2308 1296 19.
2344 1233 2460 1296 art.
2497 1234 2559 1297 3.
2587 1233 2664 1297 ad
2691 1236 2789 1297 2.:

329 1358 363 1389 ‹
396 1332 467 1395 In
508 1331 629 1403 his,
673 1351 834 1414 quae
873 1334 1021 1396 sunt
1053 1332 1131 1396 ad
1167 1331 1373 1410 finem,
1407 1331 1714 1396 rectitudo
1752 1332 2015 1396 rationis
2052 1335 2339 1397 consistit
2375 1334 2437 1398 in
2470 1335 2794 1399 conformi-

324 1435 453 1499 tate
487 1435 568 1499 ad
602 1435 952 1518 appetitum
976 1434 1118 1499 finis
1141 1434 1366 1509 dcbiti;
1395 1433 1499 1499 sed
1526 1435 1732 1498 tamen
1764 1435 1829 1497 et
1859 1435 1988 1517 ipse
2014 1435 2328 1517 appetitus
2352 1436 2795 1520 praesupponit

325 1542 564 1603 rectam
604 1536 1151 1620 apprehensionem
1184 1536 1256 1600 de
1287 1535 1427 1614 fine,
1462 1554 1620 1617 quae
1658 1537 1753 1600 est
1790 1556 1896 1619 per
1927 1536 2231 1601 rationem
2263 1562 2325 1600 ».

412 1641 611 1704 Porro
645 1638 891 1702 nomine
923 1638 1081 1702 recti
1113 1638 1427 1717 appetitus
1457 1637 1590 1701 heic
1620 1637 1795 1701 venit
1841 1637 2132 1701 voluntas
2165 1640 2332 1703 recta
2370 1657 2479 1703 seu
2525 1640 2686 1703 bona
2732 1640 2796 1703 et

326 1743 608 1807 honesta.
644 1738 946 1820 Quocirca
977 1760 1126 1804 vera
1159 1741 1441 1819 practice
1479 1739 1718 1803 dicetur
1747 1740 2142 1817 conscientia,
2183 1741 2428 1822 quando
2462 1740 2794 1806 conformis

324 1850 419 1910 est
449 1845 750 1908 honestae
787 1842 1120 1906 voluntati.
1155 1839 1573 1906 Conformitas
1606 1841 1819 1905 autem
1850 1841 2207 1906 huiusmodi
2238 1843 2521 1917 habetur,
2548 1842 2794 1924 quando

324 1949 463 2030 quis
505 1947 644 2030 agit
676 1964 746 2008 ex
778 1944 1154 2009 conscientia
1192 1944 1631 2009 invincibiliter
1662 1962 1936 2022 erronea,
1973 1943 2101 2008 sive
2133 1963 2245 2027 pro
2278 1946 2437 2009 bona
2470 1946 2795 2011 voluntate

328 2049 651 2133 intelligas
675 2048 875 2131 ipsam
902 2047 1209 2112 actionem
1240 2065 1313 2111 ex
1345 2046 1701 2131 ignorantia
1723 2047 2088 2131 inculpabili
2110 2048 2398 2131 positam,
2425 2050 2500 2112 ut
2530 2048 2796 2132 explicat

324 2153 553 2219 Suarez
593 2153 651 2214 1.
688 2152 748 2214 2.
784 2151 861 2215 tr.
898 2151 958 2214 3.
995 2149 1149 2232 disp.
1190 2150 1289 2213 12.
1326 2150 1472 2213 3901.
1508 2152 1569 2213 2.
1603 2170 1662 2214 11.
1699 2150 1760 2214 3.
1796 2151 1925 2215 sive
1955 2150 2271 2236 intelligas
2302 2171 2446 2216 cum
2477 2144 2791 2216 3.Τ11’01113

325 2256 723 2321 honestatem
768 2253 909 2317 finis
956 2253 1093 2335 (scu
1132 2252 1415 2337 principii
1460 2254 1766 2338 generalis
1813 2255 2046 2338 ethici),
2087 2274 2276 2337 quam
2322 2256 2386 2319 in
2435 2274 2504 2319 ea
2554 2257 2794 2321 actione

326 2358 554 2423 sectari
575 2355 845 2420 intendis
870 2355 956 2437 (v.
991 2376 1085 2439 gr.
1112 2348 1411 2419 virtutem
1446 2356 1874 2421 observantiae
1905 2357 1968 2420 in
2003 2358 2345 2421 reverentia
2375 2358 2646 2423 exhibita
2678 2358 2791 2434 illi,

326 2480 509 2543 quem
549 2459 711 2523 falso
744 2457 1061 2523 existimas
1093 2459 1275 2521 tuum
1313 2458 1785 2541 praepositum).

414 2561 703 2638 Proinde,
745 2562 819 2625 ut
865 2559 1089 2627 Suarez
1122 2561 1164 2624 l.
1199 2581 1250 2625 c.
1284 2581 1345 2625 n.
1384 2562 1442 2625 5.
1485 2561 1773 2640 advertit,
1808 2563 2181 2628 conscientia
2230 2564 2292 2628 in
2333 2563 2447 2628 tali
2484 2583 2631 2630 casu
2677 2565 2798 2630 erit

328 2664 702 2746 synodatico
748 2663 906 2728 falsa
954 2683 1062 2728 3911
1107 2681 1382 2740 erronea,
1406 2665 1690 2744 practice
1736 2667 1947 2729 autem
1996 2685 2160 2730 vera.
2198 2668 2294 2730 Ita
2333 2666 2579 2749 quando
2611 2669 2797 2734 Iacob

331 2767 653 2843 iudicavit,
691 2766 936 2830 licitum
974 2765 1101 2830 sibi
1148 2784 1277 2830 esse
1324 2766 1531 2849 petere
1576 2765 1857 2831 debit-um
1890 2787 1925 2831 a
1964 2768 2096 2846 Lia,
2138 2769 2294 2833 illud
2332 2768 2632 2834 iudicium
2662 2772 2798 2835 erat

334 2889 544 2934 verum
580 2868 867 2951 practice,
909 2866 1069 2932 idest
1105 2868 1459 2950 comparate
1492 2868 1570 2931 ad
1603 2869 1912 2934 obiectum
1945 2872 2155 2954 prouti
2194 2874 2341 2935 tunc
2372 2872 2467 2936 illi
2504 2892 2798 2956 propone·

332 2973 548 3037 batur:
587 2971 983 3053 comparatae
1007 2972 1216 3034 tamen
1241 2970 1320 3033 ad
1352 2990 1676 3054 personam
1708 2972 1858 3037 Liae
1896 2974 2231 3039 secundum
2255 2993 2337 3052 39,
2365 2976 2501 3039 9131
2531 2975 2792 3052 falsum:

334 3075 475 3157 quia
514 3093 640 3138 non
676 3074 811 3138 erat
847 3073 1096 3156 propria
1127 3089 1300 3137 uxor.

416 3175 603 3242 Croix
629 3175 737 3240 lib.
771 3177 827 3239 1.
856 3195 914 3239 n.
945 3177 1004 3239 5.
1033 3195 1152 3239 cun
1193 3177 1505 3240 nonnullis
1538 3178 1766 3240 maluit
1804 3178 2106 3242 eiusmodi
2130 3180 2568 3244 conscientiam
2599 3181 2797 3245 dicere

335 3285 537 3344 veram
574 3277 788 3352 ethice,
826 3276 1061 3357 falsam
1076 3275 1358 3359 phys-icc.
1393 3278 1630 3342 Auctor
1663 3280 1878 3343 autem
1916 3280 2012 3343 his
2051 3280 2314 3350 omissis,
2347 3283 2532 3346 vocat
2566 3285 2798 3344 rectam

333 3381 667 3446 accumbam
701 3379 858 3462 quid
886 3384 949 3443 et
975 3379 1184 3461 quoad
1208 3398 1341 3444 ⁷203.

421 3482 578 3557 138.
622 3481 841 3563 Quoad
872 3482 1311 3548 conscientiam
1351 3501 1669 3547 erroneam
1718 3484 1841 3549 duo
1882 3485 2153 3549 notanda
2187 3487 2535 3551 occurrunt.

420 3589 706 3653 Primum
745 3587 858 3663 est,
898 3587 1104 3652 locum
1143 3586 1368 3651 habere
1399 3605 1535 3651 eam
1570 3606 1746 3670 posse
1780 3606 1903 3652 non
1934 3587 2116 3653 modo
2155 3588 2361 3672 quoad
2391 3609 2487 3655 res
2520 3590 2592 3654 de
2614 3611 2799 3671 pra-e-

334 3697 517 3771 mpto,
559 3689 670 3755 sed
716 3689 909 3754 etiam
956 3689 1163 3770 quoad
1207 3709 1304 3754 res
1351 3690 1425 3755 de
1472 3689 1749 3754 consilio.
1791 3691 1892 3754 Ita
1929 3711 1990 3756 v.
2029 3712 2122 3777 gr.
2172 3693 2281 3774 qui
2326 3693 2547 3778 longas
2593 3713 2798 3777 preces

334 3801 535 3860 censet
572 3791 1003 3876 praeferendas
1040 3792 1326 3875 operibus
1362 3793 1663 3858 caritatis.

417 3897 712 3961 Alterum
746 3895 858 3970 est,
894 3912 965 3957 cx
996 3895 1201 3957 mente
1228 3913 1274 3958 s.
1303 3893 1577 3958 Thomae
1616 3913 1935 3960 erroneam
1976 3897 2414 3961 conscientiam
2445 3899 2798 3980 contingere

334 4022 449 4066 non
500 4018 684 4083 posse
731 3996 795 4061 in
850 3996 1065 4082 primis
1128 3996 1443 4081 principiis
1505 3996 1862 4062 immediate
1918 3999 2262 4083 applicatis.
2313 3999 2625 4064 Audiatur
2671 4001 2799 4082 ipse

343 4100 629 4184 Quodle‘b.
665 4101 727 4164 3.
770 4100 889 4164 art.
931 4099 1072 4164 26.:
1115 4125 1153 4157 ι(
1188 4098 1593 4164 Manifestum
1631 4101 1744 4176 931,
1796 4100 1961 4183 quod
2007 4102 2059 4165 si
2106 4102 2480 4186 accipiamus
2527 4103 2798 4169 diversas

333 4205 600 4270 hominis
648 4201 1057 4287 cognitiones,
1098 4200 1161 4265 in
1202 4201 1415 4282 aliqua
1460 4202 1668 4284 potest
1712 4221 1845 4267 esse
1890 4222 2061 4268 error
2098 4206 2162 4269 et
2196 4205 2262 4268 in
2299 4205 2511 4288 aliqua
2549 4225 2689 4273 non.
2725 4207 2797 4271 In

332 4308 544 4392 primis
587 4306 755 4370 enim
786 4303 1101 4388 principiis
1132 4304 1506 4368 naturaliter
1536 4305 1867 4389 cognitis...
1903 4307 2115 4371 nullus
2146 4309 2353 4391 potest
2388 4328 2610 4387 errare,
2637 4311 2802 4376 sicut

334 4410 392 4474 in
424 4410 575 4474 hoc:
624 4407 850 4471 Tolum
880 4408 975 4469 est
1008 4406 1214 4469 murias
1248 4425 1366 4468 sua-
1390 4408 1580 4485 parte
1613 4406 1710 4470 vel
1747 4406 1940 4470 Nulli
1984 4409 2226 4473 iniuria
2265 4416 2360 4474 est
2384 4409 2692 4490 facienda.
2728 4413 2799 4478 In

334 4512 468 4576 aliis
507 4513 730 4575 autem
769 4507 1228 4593 cognitionibus
1262 4507 1463 4592 magis
1489 4509 1989 4592 particularibus,
2016 4511 2146 4576 sive
2183 4513 2533 4596 pertineant
2557 4515 2635 4579 ad
2665 4533 2802 4598 par-

338 4617 457 4678 tem
496 4612 868 4678 sensitivam
906 4609 1094 4691 (circa
1140 4609 1327 4688 facta,
1368 4630 1526 4692 quac
1562 4614 1903 4676 noscuntur
1951 4633 2057 4696 per
2104 4619 2365 4699 sensus),
2406 4617 2536 4682 sive
2584 4620 2661 4682 ad
2709 4639 2803 4683 ra-

339 4719 564 4783 tionem
590 4714 971 4793 inferiorem,
999 4734 1157 4796 quae
1190 4713 1537 4780 considerat
1574 4716 1845 4780 humana
1866 4717 1968 4797 (ut
2000 4737 2140 4782 cum
2180 4719 2405 4801 aliquis
2444 4723 2611 4786 errat
2641 4723 2800 4787 circa
2935 4709 3348 4868 Α
