3529 5158
370 363 481 441 [29]
626 376 1087 420 vommmmuu.
1125 376 1210 418 An
1248 375 1472 418 monm-
1508 375 1751 419 Poma
1788 377 2032 421 causan
2071 376 2378 419 arnam-us
2416 379 2570 419 mam
2758 368 2832 423 26

365 473 521 540 nulli
564 474 695 557 legi
740 476 1122 557 opponatur:
1156 474 1221 537 id
1252 492 1395 539 vero
1424 474 1782 556 requiritur,
1815 476 1889 539 ut
1919 475 2057 556 quis
2096 475 2195 538 ius
2239 475 2462 540 habere
2494 477 2692 559 possit
2727 497 2832 561 po-

362 576 544 642 nendi
573 595 719 640 eum
750 579 963 641 actum
994 578 1058 641 et
1089 595 1210 640 non
1242 578 1468 658 peccet.

539 681 611 743 3⁰
644 678 1009 760 Requiritur
1039 681 1113 742 ut
1144 679 1342 743 bonus
1373 678 1626 743 effectus
1672 680 2088 759 consequatur
2118 679 2341 744 saltem
2388 699 2580 761 aeque
2617 682 2831 747 imme-

361 781 527 845 diate
558 800 630 844 ex
663 799 870 844 causa.
896 780 1102 844 Huius
1132 782 1294 845 ratio
1328 782 1442 853 est,
1468 780 1615 861 quia
1639 781 1693 845 si
1721 780 2081 845 immediate
2106 801 2142 845 a
2176 802 2364 846 causa
2398 783 2595 848 oritur
2624 785 2828 849 malus

359 883 610 948 effectus
644 886 707 946 et
750 882 869 947 hoc
913 882 1222 947 mediante
1262 883 1514 947 effectus
1545 883 1743 947 bonus
1778 882 2080 964 provenit,
2114 885 2265 947 tunc
2293 885 2526 949 bonum
2558 906 2630 949 ex
2659 887 2827 951 malo

358 984 699 1066 quaeritur,
733 983 899 1065 quod
929 1003 1247 1067 nunquam
1293 985 1459 1057 licet,
1492 985 1668 1049 iuxta
1699 984 2046 1048 doctrinam
2075 985 2365 1066 Apostoli
2397 987 2577 1051 Rom.
2612 988 2728 1051 III.
2764 990 2825 1053 8.

356 1104 482 1150 non
511 1089 667 1150 sunt
692 1084 983 1163 facienda
1013 1085 1203 1159 mala,
1236 1090 1307 1148 ut
1335 1087 1591 1149 venmnt
1621 1086 1801 1149 bona.

536 1188 608 1251 4⁰
654 1187 1016 1269 Requiritur
1060 1189 1222 1253 ratio
1269 1188 1734 1272 proportionate
1780 1188 1990 1272 gravis
2037 1187 2300 1270 ponendi
2346 1209 2632 1255 causam:
2676 1194 2823 1274 quia

357 1290 642 1371 aequitas
671 1290 980 1355 naturalis
1011 1309 1122 1356 nos
1155 1291 1394 1375 obligat
1427 1291 1505 1355 ad
1536 1290 1794 1356 vitanda
1825 1292 1992 1355 mala
2024 1293 2088 1355 et
2119 1293 2536 1374 praecavenda
2561 1296 2822 1377 proximi

357 1391 604 1464 damna,
639 1392 886 1473 quando
917 1392 981 1456 id
1012 1392 1142 1458 sine
1173 1392 1398 1457 damno
1431 1394 1899 1476 proportionata
1931 1393 2108 1477 gravi
2141 1412 2490 1475 possumus.

445 1493 601 1558 Heio
647 1496 856 1558 tamen
887 1514 1009 1559 non
1040 1495 1217 1559 unice
1246 1493 1739 1578 perpendendum
1771 1497 1866 1561 est
1896 1495 2190 1560 damnum
2223 1516 2332 1560 seu
2363 1497 2822 1563 incommodum

355 1598 505 1660 tunc
534 1595 801 1679 agentis,
834 1596 939 1661 sed
970 1596 1163 1662 etiam
1203 1617 1275 1661 ac
1320 1597 1524 1662 multo
1571 1598 1774 1681 magis
1820 1616 2146 1662 commune
2179 1599 2456 1663 omnium
2489 1601 2824 1666 incommo-

355 1696 524 1770 dum,
559 1698 613 1763 si
642 1698 989 1781 generatim
1018 1698 1082 1762 id
1113 1700 1477 1782 exigeretur.

445 1798 810 1864 Addendum
840 1818 983 1865 vero
1015 1800 1181 1881 quod
1214 1801 1268 1864 si
1298 1819 1486 1864 causa
1527 1800 1611 1864 sit
1642 1800 1831 1873 mala,
1864 1800 2195 1865 videndum
2227 1805 2525 1884 superest,
2559 1822 2638 1867 an
2685 1803 2822 1868 ideo

355 1901 523 1966 mala
568 1901 672 1974 sit,
704 1901 853 1982 quia
900 1921 1043 1967 eum
1088 1902 1374 1967 effectum
1408 1902 1590 1984 parit,
1625 1921 1706 1966 an
1737 1921 1941 1967 secus:
1976 1902 2130 1967 item
2168 1923 2246 1967 an
2277 1904 2498 1969 leviter
2544 1907 2641 1971 vel
2687 1926 2824 1990 gra-

355 2004 514 2067 viter
544 2022 732 2068 causa
764 2004 932 2068 mala
963 2004 1189 2069 influat
1216 2005 1283 2068 in
1316 2004 1620 2069 effectum.

440 2106 591 2170 Tres
637 2125 728 2170 ex.
777 2126 870 2190 gr.
903 2125 1084 2171 casus
1129 2108 1447 2189 ponuntur
1493 2107 1644 2183 eine,
1679 2108 1789 2188 qui
1834 2106 2244 2189 pollutionem
2289 2108 2590 2189 patiatur,
2628 2111 2695 2172 1⁰
2744 2110 2821 2174 ob

353 2208 738 2283 ebrietatem,
774 2211 844 2272 2ο
889 2209 1038 2291 quia
1082 2209 1483 2273 manducavit
1515 2228 1726 2273 carnes
1758 2209 1856 2273 die
1905 2211 2121 2283 vetito,
2156 2211 2226 2273 3⁰
2258 2211 2405 2291 quia
2453 2230 2663 2277 carnes
2708 2213 2823 2277 im·

351 2310 667 2376 moderate
712 2311 1000 2393 sumpsit.
1035 2309 1302 2375 Concors
1348 2313 1444 2376 est
1482 2311 1620 2375 DD.
1653 2311 1989 2376 sententia:
2023 2311 2205 2375 illum
2252 2330 2372 2376 non
2420 2332 2594 2377 reum
2625 2315 2822 2378 teneri

352 2415 604 2479 effectus
626 2414 844 2478 secuti.
870 2414 1059 2478 Ratio
1092 2416 1214 2489 est;
1241 2413 1389 2495 quia
1420 2414 1577 2477 istae
1608 2432 1830 2479 causae
1861 2431 1983 2477 non
2016 2416 2162 2477 sunt
2195 2414 2540 2496 prohibitae
2572 2418 2822 2498 propter

350 2516 528 2582 illum
561 2516 849 2582 effectum
878 2515 1205 2582 vitandum
1237 2519 1301 2582 et
1346 2516 1594 2583 eaedem
1639 2516 1703 2581 in
1736 2535 1801 2579 se
1838 2517 2151 2598 spectatae
2197 2516 2418 2581 leviter
2446 2520 2820 2582 concurrunt

353 2619 429 2683 ad
472 2639 617 2684 eum
662 2619 977 2683 effectum:
1011 2638 1134 2684 non
1181 2621 1277 2684 est
1305 2638 1454 2703 ergo
1485 2618 1695 2702 gravis
1730 2618 2032 2702 obligatio
2065 2637 2169 2683 eas
2209 2619 2448 2684 vitandi
2497 2621 2575 2684 ob
2622 2621 2821 2704 pollu-

354 2722 603 2796 tionem,
626 2741 787 2804 quae
817 2725 1060 2804 praeter
1088 2722 1496 2787 intentionem
1525 2721 1751 2786 accidit
1782 2740 2091 2803 quamque
2122 2721 2308 2787 homo
2341 2723 2545 2787 verius
2576 2724 2819 2806 patitur

353 2843 538 2907 quam
568 2825 705 2908 agit
734 2825 814 2906 (s.
846 2825 1202 2909 Alphonsus
1246 2826 1354 2890 lib.
1390 2827 1450 2889 3.
1490 2845 1550 2889 n.
1583 2826 1786 2907 484.).
1826 2825 2019 2890 Porro
2056 2826 2220 2890 ratio
2267 2827 2660 2893 causalitatis
2690 2847 2815 2893 non

354 2927 727 2991 immutatur
766 2947 839 2992 ex
884 2946 956 2992 eo
1004 2927 1169 3008 quod
1206 2929 1329 2992 ista
1376 2927 1539 2992 actio
1587 2928 1671 2992 sit
1716 2931 1932 2992 contra
1978 2928 2150 2992 aliud
2189 2933 2607 3012 praeceptum,
2641 2931 2818 2996 cuius

352 3028 484 3094 finis
516 3031 615 3095 est
651 3030 834 3112 plane
865 3030 1048 3095 aliuS.

431 3133 489 3197 A
519 3132 770 3197 fortiori
799 3151 947 3216 ergo
979 3151 1103 3197 non
1134 3134 1381 3197 tenetur
1411 3133 1552 3214 quis
1590 3132 1897 3197 abstinere
1931 3133 2010 3196 ab
2040 3133 2398 3214 equitando,
2439 3135 2517 3196 ab
2549 3152 2818 3198 commo-

351 3234 517 3301 diore
562 3235 751 3301 modo
797 3234 1200 3301 decumbendi
1244 3236 1309 3299 in
1356 3235 1608 3307 lectulo,
1648 3255 1683 3298 a
1731 3234 2086 3316 sumptione
2132 3235 2434 3298 moderati
2482 3236 2671 3316 potus
2716 3236 2816 3298 vel

347 3339 623 3404 ciborum
669 3338 1033 3412 calidorum,
1081 3339 1179 3403 vel
1224 3338 1419 3402 etiam
1463 3338 1542 3401 ab
1588 3336 1866 3400 honestis
1911 3336 2168 3408 choreis,
2217 3335 2336 3400 etsi
2382 3335 2816 3418 praevideatur

349 3441 482 3506 inde
510 3444 842 3507 secuturus
873 3441 1175 3507 eiusmodi
1206 3441 1459 3505 effectus
1490 3442 1734 3522 praeter
1756 3439 2164 3504 intentionem
2196 3441 2260 3504 et
2291 3440 2448 3504 citra
2471 3439 2812 3523 periculum

351 3562 678 3610 consensus
708 3545 775 3610 in
805 3549 1051 3628 turpem
1082 3543 1558 3610 delectationem
1582 3543 1659 3623 (s.
1693 3543 2051 3625 Alphonsus
2087 3542 2129 3606 l.
2164 3543 2270 3607 cit.
2298 3563 2358 3607 n.
2392 3544 2595 3626 483.).
2623 3543 2812 3608 Ratio

347 3649 438 3712 est
468 3648 704 3721 eadem,
752 3648 906 3713 levis
953 3648 1187 3713 scilicet
1221 3646 1491 3711 influxus
1537 3664 1761 3709 causae
1798 3646 1862 3709 in
1893 3646 2198 3710 effectum.
2235 3648 2335 3710 Ita
2376 3666 2425 3711 S.
2458 3647 2812 3712 Antoninus

347 3746 513 3815 Smn.
554 3771 615 3833 p.
657 3751 719 3814 2.
752 3749 857 3814 tit.
891 3752 952 3813 6.
986 3771 1037 3814 c.
1073 3751 1164 3814 4.:
1207 3774 1243 3807 «
1274 3748 1383 3813 ubi
1416 3747 1682 3831 pollutio
1715 3747 1801 3811 sit
1832 3747 2081 3813 omnino
2119 3747 2563 3821 involuntaria,
2598 3752 2812 3814 contra

346 3850 772 3926 intentionem,
811 3871 935 3918 11011
981 3854 1077 3917 est
1120 3854 1464 3935 peecatum,
1507 3850 1670 3915 sicut
1715 3868 1858 3914 cum
1913 3850 2053 3931 quis
2099 3849 2277 3914 audit
2321 3851 2386 3914 in
2433 3851 2811 3915 confessione

344 3955 567 4037 turpia,
604 3956 720 4019 aut
748 3955 1031 4036 loquitur
1065 3973 1207 4019 cum
1247 3953 1611 4019 mulieribus
1642 3972 1714 4016 ex
1745 3969 1934 4015 causa
1966 3951 2225 4015 honesta
2258 3953 2322 4014 et
2357 3951 2499 4014 inde
2530 3951 2812 4031 sequitur

344 4056 612 4137 pollutio
645 4082 709 4120 ».

431 4159 564 4223 Imo
612 4160 860 4224 statuto
906 4142 1206 4242 principio
1252 4160 1330 4240 (e.
1373 4158 1729 4241 Alphonsus
1776 4156 1818 4219 1.
1863 4174 1913 4219 0.
1954 4175 2014 4218 11.
2057 4154 2206 4218 484.
2249 4153 2390 4236 IV.)
2424 4174 2494 4219 ex
2541 4174 2813 4220 commu-

342 4259 501 4324 niori
528 4263 594 4326 et
624 4260 1030 4344 probabiliori
1061 4261 1401 4325 sententia:
1441 4279 1566 4324 non
1597 4277 1726 4324 esse
1757 4258 2022 4322 mortale
2063 4275 2285 4340 ponere
2322 4274 2576 4323 causam
2615 4258 2814 4341 pollu-

340 4361 530 4427 tionis
557 4363 833 4446 (praeter
867 4363 1276 4428 intentionem
1320 4366 1663 4438 secuturae,
1707 4361 1826 4426 etsi
1866 4362 2232 4444 praevisae),
2264 4360 2388 4425 nisi
2425 4361 2577 4427 haec
2621 4379 2810 4425 causa

339 4465 616 4547 graviter
658 4465 889 4530 influat
918 4466 983 4531 et
1020 4464 1103 4528 sit
1132 4484 1238 4548 per
1269 4485 1333 4530 se
1364 4465 1649 4529 mortalis
1683 4464 1748 4528 in
1795 4482 2015 4547 genere
2061 4462 2362 4539 luxuriae,
2405 4463 2569 4527 idem
2613 4483 2662 4527 s.
2697 4461 2812 4526 Al-

338 4565 614 4647 phonsus
658 4567 869 4640 infert,
910 4566 1216 4632 venialem
1260 4568 1509 4650 culpam
1554 4585 1704 4639 esse,
1753 4567 1810 4630 si
1855 4568 2083 4649 agatur
2126 4565 2200 4628 de
2245 4583 2434 4629 causa
2479 4565 2542 4628 in
2589 4583 2810 4647 genere
