<?xml version="1.0" encoding="UTF-8"?>
<!DOCTYPE html PUBLIC "-//W3C//DTD XHTML 1.0 Transitional//EN"
    "http://www.w3.org/TR/xhtml1/DTD/xhtml1-transitional.dtd">
<html xmlns="http://www.w3.org/1999/xhtml" xml:lang="en" lang="en">
 <head>
  <title>
</title>
<meta http-equiv="Content-Type" content="text/html;charset=utf-8" />
  <meta name='ocr-system' content='tesseract 3.04.00' />
  <meta name='ocr-capabilities' content='ocr_page ocr_carea ocr_par ocr_line ocrx_word'/>
</head>
<body>
  <div class='ocr_page' id='page_1' title='image "./opustheologicum00palmgoog/opustheologicum00palmgoog_0239.png"; bbox 0 0 3529 5158; ppageno 0'>
   <div class='ocr_carea' id='block_1_1' title="bbox 679 327 3138 406">
    <p class='ocr_par' dir='ltr' id='par_1_1' title="bbox 679 327 3138 406">
     <span class='ocr_line' id='line_1_1' title="bbox 679 327 3138 406; baseline 0.003 -26"><span class='ocrx_word' id='word_1_1' title='bbox 679 327 783 381; x_wconf 82' lang='lat'><strong>140</strong></span> <span class='ocrx_word' id='word_1_2' title='bbox 1295 340 1510 382; x_wconf 73' lang='grc' dir='ltr'><strong>τΒΑοτ.</strong></span> <span class='ocrx_word' id='word_1_3' title='bbox 1548 341 1612 382; x_wconf 81' lang='lat'><strong>11.</strong></span> <span class='ocrx_word' id='word_1_4' title='bbox 1649 340 1735 380; x_wconf 74' lang='lat' dir='ltr'><strong>nn</strong></span> <span class='ocrx_word' id='word_1_5' title='bbox 1771 338 2187 383; x_wconf 69' lang='lat' dir='ltr'><strong>consommu.</strong></span> <span class='ocrx_word' id='word_1_6' title='bbox 2228 342 2425 383; x_wconf 65' lang='lat' dir='ltr'><strong>capu-r</strong></span> <span class='ocrx_word' id='word_1_7' title='bbox 2461 343 2501 382; x_wconf 91' lang='lat'><strong>1.</strong></span> <span class='ocrx_word' id='word_1_8' title='bbox 2993 330 3138 406; x_wconf 79' lang='lat'>[147]</span> 
     </span>
    </p>
   </div>
   <div class='ocr_carea' id='block_1_2' title="bbox 669 437 3146 4621">
    <p class='ocr_par' dir='ltr' id='par_1_2' title="bbox 674 437 3144 930">
     <span class='ocr_line' id='line_1_2' title="bbox 675 437 3144 524; baseline 0.001 -22"><span class='ocrx_word' id='word_1_9' title='bbox 675 442 847 503; x_wconf 87' lang='lat' dir='ltr'><strong>ctum</strong></span> <span class='ocrx_word' id='word_1_10' title='bbox 897 442 1107 503; x_wconf 86' lang='lat' dir='ltr'><strong>autem</strong></span> <span class='ocrx_word' id='word_1_11' title='bbox 1156 438 1501 503; x_wconf 87' lang='lat' dir='ltr'><strong>voluntatis</strong></span> <span class='ocrx_word' id='word_1_12' title='bbox 1548 437 1886 502; x_wconf 89' lang='lat' dir='ltr'><strong>secundum</strong></span> <span class='ocrx_word' id='word_1_13' title='bbox 1934 438 2248 520; x_wconf 86' lang='lat' dir='ltr'>propriam</span> <span class='ocrx_word' id='word_1_14' title='bbox 2292 438 2600 504; x_wconf 89' lang='lat' dir='ltr'><strong>rationem</strong></span> <span class='ocrx_word' id='word_1_15' title='bbox 2632 443 2727 505; x_wconf 85' lang='lat' dir='ltr'><strong>est</strong></span> <span class='ocrx_word' id='word_1_16' title='bbox 2757 439 2994 506; x_wconf 90' lang='lat' dir='ltr'><strong>bonum</strong></span> <span class='ocrx_word' id='word_1_17' title='bbox 3038 461 3144 524; x_wconf 90' lang='lat' dir='ltr'><strong>ap-</strong></span> 
     </span>
     <span class='ocr_line' id='line_1_3' title="bbox 674 541 3139 625; baseline 0.002 -20"><span class='ocrx_word' id='word_1_18' title='bbox 674 543 1042 625; x_wconf 89' lang='lat' dir='ltr'><strong>prehensum</strong></span> <span class='ocrx_word' id='word_1_19' title='bbox 1089 544 1152 607; x_wconf 89' lang='lat' dir='ltr'><strong>et</strong></span> <span class='ocrx_word' id='word_1_20' title='bbox 1196 541 1332 606; x_wconf 89' lang='lat' dir='ltr'><strong>ideo</strong></span> <span class='ocrx_word' id='word_1_21' title='bbox 1383 543 1559 605; x_wconf 87' lang='lat' dir='ltr'><strong>actus</strong></span> <span class='ocrx_word' id='word_1_22' title='bbox 1605 541 1917 605; x_wconf 86' lang='lat' dir='ltr'><strong>humanus</strong></span> <span class='ocrx_word' id='word_1_23' title='bbox 1966 541 2280 605; x_wconf 87' lang='lat' dir='ltr'><strong>iudicatur</strong></span> <span class='ocrx_word' id='word_1_24' title='bbox 2341 542 2656 605; x_wconf 70' lang='lat' dir='ltr'><strong>virtuosus</strong></span> <span class='ocrx_word' id='word_1_25' title='bbox 2711 544 2809 608; x_wconf 84' lang='lat' dir='ltr'><strong>vel</strong></span> <span class='ocrx_word' id='word_1_26' title='bbox 2872 544 3139 609; x_wconf 84' lang='lat' dir='ltr'><strong>vitiosus</strong></span> 
     </span>
     <span class='ocr_line' id='line_1_4' title="bbox 674 643 3142 727; baseline 0.001 -18"><span class='ocrx_word' id='word_1_27' title='bbox 674 644 1011 709; x_wconf 87' lang='lat' dir='ltr'><strong>secundum</strong></span> <span class='ocrx_word' id='word_1_28' title='bbox 1058 644 1292 709; x_wconf 90' lang='lat' dir='ltr'><strong>bonum</strong></span> <span class='ocrx_word' id='word_1_29' title='bbox 1341 644 1791 727; x_wconf 89' lang='lat' dir='ltr'><strong>apprehensum</strong></span> <span class='ocrx_word' id='word_1_30' title='bbox 1836 643 1901 707; x_wconf 90' lang='lat' dir='ltr'><strong>in</strong></span> <span class='ocrx_word' id='word_1_31' title='bbox 1948 643 2114 724; x_wconf 88' lang='lat' dir='ltr'><strong>quod</strong></span> <span class='ocrx_word' id='word_1_32' title='bbox 2144 662 2252 726; x_wconf 91' lang='lat' dir='ltr'><strong>per</strong></span> <span class='ocrx_word' id='word_1_33' title='bbox 2282 662 2346 707; x_wconf 87' lang='lat' dir='ltr'><strong>se</strong></span> <span class='ocrx_word' id='word_1_34' title='bbox 2378 644 2672 709; x_wconf 76' lang='lat' dir='ltr'><strong>voluntas</strong></span> <span class='ocrx_word' id='word_1_35' title='bbox 2702 644 2902 710; x_wconf 89' lang='lat' dir='ltr'><strong>fertur</strong></span> <span class='ocrx_word' id='word_1_36' title='bbox 2924 649 2989 710; x_wconf 89' lang='lat' dir='ltr'><strong>et</strong></span> <span class='ocrx_word' id='word_1_37' title='bbox 3019 666 3142 712; x_wconf 90' lang='lat' dir='ltr'><strong>non</strong></span> 
     </span>
     <span class='ocr_line' id='line_1_5' title="bbox 674 743 3144 823; baseline 0.001 -13"><span class='ocrx_word' id='word_1_38' title='bbox 674 746 1011 810; x_wconf 85' lang='lat' dir='ltr'><strong>secundum</strong></span> <span class='ocrx_word' id='word_1_39' title='bbox 1057 745 1380 810; x_wconf 88' lang='lat' dir='ltr'><strong>materiale</strong></span> <span class='ocrx_word' id='word_1_40' title='bbox 1428 746 1737 810; x_wconf 88' lang='lat' dir='ltr'><strong>obiectum</strong></span> <span class='ocrx_word' id='word_1_41' title='bbox 1785 746 1963 808; x_wconf 86' lang='grc'><strong>301113</strong></span> <span class='ocrx_word' id='word_1_42' title='bbox 1995 769 2057 807; x_wconf 83' lang='grc'><strong>».</strong></span> <span class='ocrx_word' id='word_1_43' title='bbox 2091 743 2263 823; x_wconf 84' lang='lat' dir='ltr'><strong>Quae</strong></span> <span class='ocrx_word' id='word_1_44' title='bbox 2299 762 2446 809; x_wconf 87' lang='grc'><strong>33110</strong></span> <span class='ocrx_word' id='word_1_45' title='bbox 2476 746 2972 812; x_wconf 85' lang='grc'><strong>1110111011113311113</strong></span> <span class='ocrx_word' id='word_1_46' title='bbox 2996 750 3144 813; x_wconf 86' lang='grc'><strong>311111</strong></span> 
     </span>
     <span class='ocr_line' id='line_1_6' title="bbox 675 846 2959 930; baseline 0 -18"><span class='ocrx_word' id='word_1_47' title='bbox 675 848 735 912; x_wconf 87' lang='grc'><strong>01</strong></span> <span class='ocrx_word' id='word_1_48' title='bbox 784 867 1063 930; x_wconf 80' lang='lat' dir='ltr'><strong>expresse</strong></span> <span class='ocrx_word' id='word_1_49' title='bbox 1110 850 1423 912; x_wconf 77' lang='lat' dir='ltr'><strong>testantur</strong></span> <span class='ocrx_word' id='word_1_50' title='bbox 1455 846 1757 911; x_wconf 91' lang='lat' dir='ltr'><strong>eiusmodi</strong></span> <span class='ocrx_word' id='word_1_51' title='bbox 1789 847 1967 911; x_wconf 83' lang='lat' dir='ltr'><strong>actus</strong></span> <span class='ocrx_word' id='word_1_52' title='bbox 2012 850 2076 911; x_wconf 91' lang='lat' dir='ltr'><strong>et</strong></span> <span class='ocrx_word' id='word_1_53' title='bbox 2111 846 2304 911; x_wconf 85' lang='lat' dir='ltr'><strong>bonos</strong></span> <span class='ocrx_word' id='word_1_54' title='bbox 2335 865 2465 911; x_wconf 86' lang='lat' dir='ltr'><strong>esse</strong></span> <span class='ocrx_word' id='word_1_55' title='bbox 2496 849 2561 911; x_wconf 88' lang='lat' dir='ltr'><strong>et</strong></span> <span class='ocrx_word' id='word_1_56' title='bbox 2587 848 2959 914; x_wconf 68' lang='lat' dir='ltr'><strong>meritorios</strong></span> 
     </span>
    </p>

    <p class='ocr_par' dir='ltr' id='par_1_3' title="bbox 673 945 3145 1750">
     <span class='ocr_line' id='line_1_7' title="bbox 767 945 3143 1033; baseline -0.001 -13"><span class='ocrx_word' id='word_1_57' title='bbox 767 945 921 1019; x_wconf 76' lang='lat'><strong>147.</strong></span> <span class='ocrx_word' id='word_1_58' title='bbox 955 951 1217 1013; x_wconf 84' lang='lat' dir='ltr'><strong>Frustra</strong></span> <span class='ocrx_word' id='word_1_59' title='bbox 1263 949 1461 1033; x_wconf 90' lang='lat' dir='ltr'><strong>igitur</strong></span> <span class='ocrx_word' id='word_1_60' title='bbox 1507 951 1724 1013; x_wconf 87' lang='lat' dir='ltr'><strong>contra</strong></span> <span class='ocrx_word' id='word_1_61' title='bbox 1755 967 2148 1013; x_wconf 85' lang='lat' dir='ltr'><strong>communem</strong></span> <span class='ocrx_word' id='word_1_62' title='bbox 2179 947 2546 1026; x_wconf 78' lang='lat' dir='ltr'><strong>doctrinam,</strong></span> <span class='ocrx_word' id='word_1_63' title='bbox 2581 969 2740 1030; x_wconf 88' lang='lat' dir='ltr'><strong>quae</strong></span> <span class='ocrx_word' id='word_1_64' title='bbox 2772 953 2867 1015; x_wconf 86' lang='lat' dir='ltr'><strong>est</strong></span> <span class='ocrx_word' id='word_1_65' title='bbox 2899 970 2947 1015; x_wconf 92' lang='lat' dir='ltr'><strong>s.</strong></span> <span class='ocrx_word' id='word_1_66' title='bbox 2982 952 3143 1017; x_wconf 83' lang='lat' dir='ltr'><strong>Tho·</strong></span> 
     </span>
     <span class='ocr_line' id='line_1_8' title="bbox 673 1048 3142 1132; baseline 0.001 -16"><span class='ocrx_word' id='word_1_67' title='bbox 673 1072 831 1123; x_wconf 84' lang='lat' dir='ltr'><strong>mae,</strong></span> <span class='ocrx_word' id='word_1_68' title='bbox 883 1052 1175 1117; x_wconf 86' lang='lat' dir='ltr'><strong>obiicitur</strong></span> <span class='ocrx_word' id='word_1_69' title='bbox 1221 1052 1563 1117; x_wconf 88' lang='lat' dir='ltr'><strong>auctoritas</strong></span> <span class='ocrx_word' id='word_1_70' title='bbox 1596 1070 1643 1115; x_wconf 83' lang='lat' dir='ltr'><strong>S.</strong></span> <span class='ocrx_word' id='word_1_71' title='bbox 1679 1051 1975 1116; x_wconf 89' lang='lat' dir='ltr'><strong>Thomae.</strong></span> <span class='ocrx_word' id='word_1_72' title='bbox 2010 1048 2202 1115; x_wconf 85' lang='lat' dir='ltr'><strong>Cuius</strong></span> <span class='ocrx_word' id='word_1_73' title='bbox 2233 1050 2483 1132; x_wconf 91' lang='lat' dir='ltr'><strong>quidem</strong></span> <span class='ocrx_word' id='word_1_74' title='bbox 2513 1052 2819 1116; x_wconf 88' lang='lat' dir='ltr'><strong>sententia</strong></span> <span class='ocrx_word' id='word_1_75' title='bbox 2849 1054 3142 1119; x_wconf 81' lang='lat' dir='ltr'><strong>concinne</strong></span> 
     </span>
     <span class='ocr_line' id='line_1_9' title="bbox 675 1152 3140 1239; baseline 0 -22"><span class='ocrx_word' id='word_1_76' title='bbox 675 1154 934 1236; x_wconf 86' lang='lat' dir='ltr'><strong>exprimi</strong></span> <span class='ocrx_word' id='word_1_77' title='bbox 980 1156 1187 1236; x_wconf 83' lang='lat' dir='ltr'><strong>potest</strong></span> <span class='ocrx_word' id='word_1_78' title='bbox 1233 1172 1339 1236; x_wconf 88' lang='lat' dir='ltr'><strong>per</strong></span> <span class='ocrx_word' id='word_1_79' title='bbox 1385 1154 1566 1217; x_wconf 88' lang='lat' dir='ltr'><strong>breve</strong></span> <span class='ocrx_word' id='word_1_80' title='bbox 1613 1152 1772 1216; x_wconf 89' lang='lat' dir='ltr'><strong>illud</strong></span> <span class='ocrx_word' id='word_1_81' title='bbox 1818 1153 2076 1217; x_wconf 87' lang='lat' dir='ltr'><strong>effatum</strong></span> <span class='ocrx_word' id='word_1_82' title='bbox 2121 1172 2170 1217; x_wconf 92' lang='grc'><strong>3.</strong></span> <span class='ocrx_word' id='word_1_83' title='bbox 2220 1152 2538 1228; x_wconf 85' lang='lat' dir='ltr'><strong>Bernardi,</strong></span> <span class='ocrx_word' id='word_1_84' title='bbox 2588 1152 2750 1235; x_wconf 91' lang='lat' dir='ltr'><strong>quod</strong></span> <span class='ocrx_word' id='word_1_85' title='bbox 2784 1156 2847 1218; x_wconf 90' lang='lat' dir='ltr'><strong>et</strong></span> <span class='ocrx_word' id='word_1_86' title='bbox 2878 1173 2927 1219; x_wconf 76' lang='lat' dir='ltr'><strong>s,</strong></span> <span class='ocrx_word' id='word_1_87' title='bbox 2953 1155 3140 1239; x_wconf 85' lang='lat' dir='ltr'><strong>Alph.</strong></span> 
     </span>
     <span class='ocr_line' id='line_1_10' title="bbox 674 1254 3144 1338; baseline 0 -19"><span class='ocrx_word' id='word_1_88' title='bbox 674 1256 879 1320; x_wconf 85' lang='lat' dir='ltr'><strong>refert.</strong></span> <span class='ocrx_word' id='word_1_89' title='bbox 914 1276 975 1319; x_wconf 93' lang='lat' dir='ltr'><strong>n.</strong></span> <span class='ocrx_word' id='word_1_90' title='bbox 1012 1257 1106 1320; x_wconf 84' lang='lat'><strong>7.:</strong></span> <span class='ocrx_word' id='word_1_91' title='bbox 1149 1281 1183 1313; x_wconf 88' lang='lat'><strong>«</strong></span> <span class='ocrx_word' id='word_1_92' title='bbox 1207 1256 1290 1319; x_wconf 88' lang='lat' dir='ltr'><strong>Et</strong></span> <span class='ocrx_word' id='word_1_93' title='bbox 1325 1255 1575 1337; x_wconf 88' lang='lat' dir='ltr'><strong>quidem</strong></span> <span class='ocrx_word' id='word_1_94' title='bbox 1598 1254 1783 1319; x_wconf 90' lang='lat' dir='ltr'><strong>laude</strong></span> <span class='ocrx_word' id='word_1_95' title='bbox 1815 1254 2070 1338; x_wconf 84' lang='lat' dir='ltr'><strong>dignam</strong></span> <span class='ocrx_word' id='word_1_96' title='bbox 2094 1254 2352 1318; x_wconf 83' lang='lat' dir='ltr'><strong>dixerim</strong></span> <span class='ocrx_word' id='word_1_97' title='bbox 2383 1254 2483 1318; x_wconf 83' lang='lat' dir='ltr'><strong>vel</strong></span> <span class='ocrx_word' id='word_1_98' title='bbox 2512 1255 2709 1319; x_wconf 90' lang='lat' dir='ltr'><strong>solam</strong></span> <span class='ocrx_word' id='word_1_99' title='bbox 2733 1256 3144 1321; x_wconf 89' lang='lat' dir='ltr'><strong>intentionem</strong></span> 
     </span>
     <span class='ocr_line' id='line_1_11' title="bbox 675 1356 3142 1441; baseline 0 -20"><span class='ocrx_word' id='word_1_100' title='bbox 675 1358 845 1441; x_wconf 88' lang='lat' dir='ltr'><strong>piam</strong></span> <span class='ocrx_word' id='word_1_101' title='bbox 881 1377 990 1422; x_wconf 89' lang='lat' dir='ltr'><strong>nec</strong></span> <span class='ocrx_word' id='word_1_102' title='bbox 1036 1358 1217 1441; x_wconf 89' lang='lat' dir='ltr'><strong>plane</strong></span> <span class='ocrx_word' id='word_1_103' title='bbox 1264 1357 1565 1441; x_wconf 89' lang='lat' dir='ltr'><strong>condigna</strong></span> <span class='ocrx_word' id='word_1_104' title='bbox 1614 1357 2111 1421; x_wconf 85' lang='lat' dir='ltr'><strong>remuneratione</strong></span> <span class='ocrx_word' id='word_1_105' title='bbox 2155 1356 2549 1420; x_wconf 87' lang='lat' dir='ltr'><strong>fraudabitur</strong></span> <span class='ocrx_word' id='word_1_106' title='bbox 2585 1356 2649 1420; x_wconf 89' lang='lat' dir='ltr'><strong>in</strong></span> <span class='ocrx_word' id='word_1_107' title='bbox 2684 1375 2863 1440; x_wconf 91' lang='lat' dir='ltr'><strong>opere</strong></span> <span class='ocrx_word' id='word_1_108' title='bbox 2894 1377 3142 1440; x_wconf 88' lang='lat' dir='ltr'><strong>quoque</strong></span> 
     </span>
     <span class='ocr_line' id='line_1_12' title="bbox 678 1458 3143 1543; baseline 0 -20"><span class='ocrx_word' id='word_1_109' title='bbox 678 1479 797 1523; x_wconf 91' lang='lat' dir='ltr'><strong>non</strong></span> <span class='ocrx_word' id='word_1_110' title='bbox 847 1460 1006 1524; x_wconf 91' lang='lat' dir='ltr'><strong>bono</strong></span> <span class='ocrx_word' id='word_1_111' title='bbox 1055 1460 1191 1542; x_wconf 91' lang='lat' dir='ltr'><strong>ipsa</strong></span> <span class='ocrx_word' id='word_1_112' title='bbox 1238 1461 1399 1524; x_wconf 90' lang='lat' dir='ltr'><strong>bona</strong></span> <span class='ocrx_word' id='word_1_113' title='bbox 1446 1460 1740 1523; x_wconf 74' lang='lat' dir='ltr'><strong>voluntas</strong></span> <span class='ocrx_word' id='word_1_114' title='bbox 1787 1484 1848 1521; x_wconf 86' lang='lat'><strong>».</strong></span> <span class='ocrx_word' id='word_1_115' title='bbox 1898 1458 2022 1524; x_wconf 92' lang='lat' dir='ltr'><strong>Ubi</strong></span> <span class='ocrx_word' id='word_1_116' title='bbox 2068 1459 2312 1543; x_wconf 83' lang='lat' dir='ltr'><strong>egregie</strong></span> <span class='ocrx_word' id='word_1_117' title='bbox 2358 1458 2768 1523; x_wconf 84' lang='lat' dir='ltr'><strong>conciliantur</strong></span> <span class='ocrx_word' id='word_1_118' title='bbox 2824 1459 2986 1523; x_wconf 84' lang='lat' dir='ltr'><strong>bona</strong></span> <span class='ocrx_word' id='word_1_119' title='bbox 3047 1481 3143 1523; x_wconf 83' lang='lat' dir='ltr'><strong>vo-</strong></span> 
     </span>
     <span class='ocr_line' id='line_1_13' title="bbox 676 1558 3145 1644; baseline 0.002 -22"><span class='ocrx_word' id='word_1_120' title='bbox 676 1560 891 1624; x_wconf 76' lang='lat' dir='ltr'><strong>luntas</strong></span> <span class='ocrx_word' id='word_1_121' title='bbox 936 1564 999 1626; x_wconf 88' lang='lat' dir='ltr'><strong>et</strong></span> <span class='ocrx_word' id='word_1_122' title='bbox 1044 1582 1198 1642; x_wconf 78' lang='lat' dir='ltr'><strong>opus</strong></span> <span class='ocrx_word' id='word_1_123' title='bbox 1241 1581 1369 1625; x_wconf 75' lang='lat' dir='ltr'><strong>non</strong></span> <span class='ocrx_word' id='word_1_124' title='bbox 1416 1561 1681 1637; x_wconf 56' lang='lat' dir='ltr'><strong>bonuau</strong></span> <span class='ocrx_word' id='word_1_125' title='bbox 1727 1560 1874 1642; x_wconf 90' lang='lat' dir='ltr'><strong>quia</strong></span> <span class='ocrx_word' id='word_1_126' title='bbox 1922 1579 2139 1643; x_wconf 90' lang='lat' dir='ltr'><strong>nempe</strong></span> <span class='ocrx_word' id='word_1_127' title='bbox 2198 1560 2359 1624; x_wconf 90' lang='lat' dir='ltr'><strong>bona</strong></span> <span class='ocrx_word' id='word_1_128' title='bbox 2412 1558 2765 1638; x_wconf 79' lang='lat' dir='ltr'><strong>formaliter</strong></span> <span class='ocrx_word' id='word_1_129' title='bbox 2824 1564 3145 1644; x_wconf 88' lang='lat' dir='ltr'><strong>spectatur</strong></span> 
     </span>
     <span class='ocr_line' id='line_1_14' title="bbox 676 1664 2325 1750; baseline -0.002 -21"><span class='ocrx_word' id='word_1_130' title='bbox 676 1666 987 1743; x_wconf 79' lang='lat' dir='ltr'><strong>voluntaS,</strong></span> <span class='ocrx_word' id='word_1_131' title='bbox 1024 1686 1178 1750; x_wconf 91' lang='lat' dir='ltr'><strong>opus</strong></span> <span class='ocrx_word' id='word_1_132' title='bbox 1225 1669 1438 1731; x_wconf 88' lang='lat' dir='ltr'><strong>autem</strong></span> <span class='ocrx_word' id='word_1_133' title='bbox 1468 1685 1592 1731; x_wconf 91' lang='lat' dir='ltr'><strong>non</strong></span> <span class='ocrx_word' id='word_1_134' title='bbox 1624 1666 1858 1731; x_wconf 91' lang='lat' dir='ltr'><strong>bonum</strong></span> <span class='ocrx_word' id='word_1_135' title='bbox 1890 1664 2325 1728; x_wconf 74' lang='lat' dir='ltr'><strong>materialiter.</strong></span> 
     </span>
    </p>

    <p class='ocr_par' dir='ltr' id='par_1_4' title="bbox 673 1767 3146 3174">
     <span class='ocr_line' id='line_1_15' title="bbox 765 1767 3140 1851; baseline 0.001 -19"><span class='ocrx_word' id='word_1_136' title='bbox 765 1769 846 1833; x_wconf 87' lang='lat' dir='ltr'><strong>Et</strong></span> <span class='ocrx_word' id='word_1_137' title='bbox 892 1769 1050 1832; x_wconf 87' lang='lat' dir='ltr'><strong>hanc</strong></span> <span class='ocrx_word' id='word_1_138' title='bbox 1096 1768 1344 1851; x_wconf 85' lang='lat' dir='ltr'><strong>quidem</strong></span> <span class='ocrx_word' id='word_1_139' title='bbox 1390 1768 1736 1833; x_wconf 85' lang='lat' dir='ltr'><strong>doctrinam</strong></span> <span class='ocrx_word' id='word_1_140' title='bbox 1783 1768 2031 1832; x_wconf 88' lang='lat' dir='ltr'><strong>haurire</strong></span> <span class='ocrx_word' id='word_1_141' title='bbox 2062 1768 2289 1833; x_wconf 88' lang='lat' dir='ltr'><strong>licebat</strong></span> <span class='ocrx_word' id='word_1_142' title='bbox 2320 1786 2392 1831; x_wconf 84' lang='grc'><strong>01</strong></span> <span class='ocrx_word' id='word_1_143' title='bbox 2420 1767 2532 1833; x_wconf 91' lang='lat' dir='ltr'><strong>illo</strong></span> <span class='ocrx_word' id='word_1_144' title='bbox 2563 1787 2809 1850; x_wconf 90' lang='lat' dir='ltr'><strong>quoque</strong></span> <span class='ocrx_word' id='word_1_145' title='bbox 2840 1771 2960 1834; x_wconf 89' lang='lat' dir='ltr'><strong>art.</strong></span> <span class='ocrx_word' id='word_1_146' title='bbox 2994 1771 3051 1833; x_wconf 94' lang='grc'><strong>1.</strong></span> <span class='ocrx_word' id='word_1_147' title='bbox 3080 1772 3140 1835; x_wconf 86' lang='grc'><strong>2.</strong></span> 
     </span>
     <span class='ocr_line' id='line_1_16' title="bbox 674 1869 3144 1954; baseline 0.002 -21"><span class='ocrx_word' id='word_1_148' title='bbox 674 1889 734 1951; x_wconf 91' lang='lat' dir='ltr'><strong>q.</strong></span> <span class='ocrx_word' id='word_1_149' title='bbox 774 1872 875 1933; x_wconf 88' lang='lat'><strong>19.</strong></span> <span class='ocrx_word' id='word_1_150' title='bbox 912 1873 1028 1934; x_wconf 87' lang='lat' dir='ltr'><strong>art.</strong></span> <span class='ocrx_word' id='word_1_151' title='bbox 1065 1871 1148 1945; x_wconf 88' lang='grc'><strong>6.,</strong></span> <span class='ocrx_word' id='word_1_152' title='bbox 1183 1870 1344 1934; x_wconf 87' lang='lat' dir='ltr'><strong>unde</strong></span> <span class='ocrx_word' id='word_1_153' title='bbox 1390 1871 1642 1952; x_wconf 88' lang='lat' dir='ltr'><strong>sumpta</strong></span> <span class='ocrx_word' id='word_1_154' title='bbox 1688 1872 1784 1934; x_wconf 90' lang='lat' dir='ltr'><strong>est</strong></span> <span class='ocrx_word' id='word_1_155' title='bbox 1832 1869 2116 1947; x_wconf 89' lang='lat' dir='ltr'><strong>obiectio,</strong></span> <span class='ocrx_word' id='word_1_156' title='bbox 2155 1870 2277 1934; x_wconf 91' lang='lat' dir='ltr'><strong>nisi</strong></span> <span class='ocrx_word' id='word_1_157' title='bbox 2300 1870 2440 1951; x_wconf 88' lang='lat' dir='ltr'><strong>quis</strong></span> <span class='ocrx_word' id='word_1_158' title='bbox 2480 1871 2690 1935; x_wconf 90' lang='lat' dir='ltr'><strong>oculos</strong></span> <span class='ocrx_word' id='word_1_159' title='bbox 2723 1872 2904 1954; x_wconf 90' lang='lat' dir='ltr'><strong>plane</strong></span> <span class='ocrx_word' id='word_1_160' title='bbox 2933 1891 3144 1937; x_wconf 88' lang='lat' dir='ltr'><strong>caecu-</strong></span> 
     </span>
     <span class='ocr_line' id='line_1_17' title="bbox 677 1971 3139 2054; baseline 0.002 -19"><span class='ocrx_word' id='word_1_161' title='bbox 677 1971 900 2035; x_wconf 84' lang='lat' dir='ltr'><strong>tientes</strong></span> <span class='ocrx_word' id='word_1_162' title='bbox 947 1973 1193 2036; x_wconf 87' lang='lat' dir='ltr'><strong>habeat.</strong></span> <span class='ocrx_word' id='word_1_163' title='bbox 1226 1972 1310 2037; x_wconf 85' lang='lat' dir='ltr'><strong>Et</strong></span> <span class='ocrx_word' id='word_1_164' title='bbox 1355 1991 1502 2036; x_wconf 90' lang='lat' dir='ltr'><strong>sane</strong></span> <span class='ocrx_word' id='word_1_165' title='bbox 1548 1991 1620 2036; x_wconf 80' lang='lat' dir='ltr'><strong>ex</strong></span> <span class='ocrx_word' id='word_1_166' title='bbox 1664 1972 1775 2036; x_wconf 89' lang='lat' dir='ltr'><strong>illo</strong></span> <span class='ocrx_word' id='word_1_167' title='bbox 1822 1990 2069 2054; x_wconf 89' lang='lat' dir='ltr'><strong>quoque</strong></span> <span class='ocrx_word' id='word_1_168' title='bbox 2115 1972 2401 2048; x_wconf 81' lang='grc'><strong>311101110,</strong></span> <span class='ocrx_word' id='word_1_169' title='bbox 2436 1992 2468 2035; x_wconf 88' lang='grc'><strong>0</strong></span> <span class='ocrx_word' id='word_1_170' title='bbox 2499 1991 2622 2054; x_wconf 92' lang='lat' dir='ltr'><strong>quo</strong></span> <span class='ocrx_word' id='word_1_171' title='bbox 2670 1973 2778 2038; x_wconf 88' lang='lat' dir='ltr'><strong>isti</strong></span> <span class='ocrx_word' id='word_1_172' title='bbox 2807 1973 3139 2052; x_wconf 88' lang='lat' dir='ltr'><strong>deducunt,</strong></span> 
     </span>
     <span class='ocr_line' id='line_1_18' title="bbox 677 2072 3143 2153; baseline 0.002 -18"><span class='ocrx_word' id='word_1_173' title='bbox 677 2072 1070 2138; x_wconf 81' lang='lat' dir='ltr'><strong>voluntatem</strong></span> <span class='ocrx_word' id='word_1_174' title='bbox 1114 2094 1242 2137; x_wconf 78' lang='lat' dir='ltr'><strong>non</strong></span> <span class='ocrx_word' id='word_1_175' title='bbox 1274 2094 1462 2153; x_wconf 77' lang='lat' dir='ltr'><strong>posse</strong></span> <span class='ocrx_word' id='word_1_176' title='bbox 1522 2072 1651 2136; x_wconf 77' lang='lat' dir='ltr'><strong>dici</strong></span> <span class='ocrx_word' id='word_1_177' title='bbox 1712 2073 1953 2149; x_wconf 78' lang='lat' dir='ltr'><strong>bonam,</strong></span> <span class='ocrx_word' id='word_1_178' title='bbox 2016 2073 2310 2139; x_wconf 81' lang='lat' dir='ltr'><strong>facillime</strong></span> <span class='ocrx_word' id='word_1_179' title='bbox 2356 2076 2701 2152; x_wconf 85' lang='lat' dir='ltr'><strong>constabat,</strong></span> <span class='ocrx_word' id='word_1_180' title='bbox 2750 2076 3143 2142; x_wconf 84' lang='lat' dir='ltr'><strong>voluntatem</strong></span> 
     </span>
     <span class='ocr_line' id='line_1_19' title="bbox 675 2174 3139 2261; baseline 0.002 -23"><span class='ocrx_word' id='word_1_181' title='bbox 675 2193 807 2239; x_wconf 90' lang='lat' dir='ltr'><strong>esse</strong></span> <span class='ocrx_word' id='word_1_182' title='bbox 855 2175 1078 2239; x_wconf 77' lang='lat' dir='ltr'><strong>bonam</strong></span> <span class='ocrx_word' id='word_1_183' title='bbox 1122 2175 1465 2239; x_wconf 77' lang='lat' dir='ltr'><strong>dicendam.</strong></span> <span class='ocrx_word' id='word_1_184' title='bbox 1516 2175 1761 2240; x_wconf 88' lang='lat' dir='ltr'><strong>Etenim</strong></span> <span class='ocrx_word' id='word_1_185' title='bbox 1808 2175 2070 2240; x_wconf 91' lang='lat' dir='ltr'><strong>titulum</strong></span> <span class='ocrx_word' id='word_1_186' title='bbox 2124 2174 2388 2240; x_wconf 86' lang='lat' dir='ltr'><strong>articulo</strong></span> <span class='ocrx_word' id='word_1_187' title='bbox 2441 2176 2731 2261; x_wconf 87' lang='lat' dir='ltr'><strong>praefigit</strong></span> <span class='ocrx_word' id='word_1_188' title='bbox 2777 2196 2825 2241; x_wconf 90' lang='lat' dir='ltr'><strong>s.</strong></span> <span class='ocrx_word' id='word_1_189' title='bbox 2877 2178 3139 2244; x_wconf 85' lang='lat' dir='ltr'><strong>Doctor:</strong></span> 
     </span>
     <span class='ocr_line' id='line_1_20' title="bbox 681 2277 3144 2346; baseline 0.002 -6"><span class='ocrx_word' id='word_1_190' title='bbox 681 2303 715 2335; x_wconf 69' lang='lat'><strong>⁴:</strong></span> <span class='ocrx_word' id='word_1_191' title='bbox 751 2280 965 2341; x_wconf 85' lang='lat' dir='ltr'><strong>utrum</strong></span> <span class='ocrx_word' id='word_1_192' title='bbox 1011 2278 1303 2342; x_wconf 81' lang='lat' dir='ltr'><strong>voluntas</strong></span> <span class='ocrx_word' id='word_1_193' title='bbox 1350 2277 1726 2344; x_wconf 87' lang='lat' dir='ltr'><strong>concordans</strong></span> <span class='ocrx_word' id='word_1_194' title='bbox 1772 2277 2001 2342; x_wconf 86' lang='lat' dir='ltr'><strong>rationi</strong></span> <span class='ocrx_word' id='word_1_195' title='bbox 2049 2278 2280 2341; x_wconf 88' lang='lat' dir='ltr'><strong>erranti</strong></span> <span class='ocrx_word' id='word_1_196' title='bbox 2328 2278 2412 2342; x_wconf 90' lang='lat' dir='ltr'><strong>sit</strong></span> <span class='ocrx_word' id='word_1_197' title='bbox 2442 2278 2604 2343; x_wconf 90' lang='lat' dir='ltr'><strong>bona</strong></span> <span class='ocrx_word' id='word_1_198' title='bbox 2635 2302 2696 2341; x_wconf 84' lang='lat'><strong>».</strong></span> <span class='ocrx_word' id='word_1_199' title='bbox 2733 2280 2925 2345; x_wconf 90' lang='lat' dir='ltr'><strong>Porro</strong></span> <span class='ocrx_word' id='word_1_200' title='bbox 2956 2280 3022 2344; x_wconf 91' lang='lat' dir='ltr'><strong>in</strong></span> <span class='ocrx_word' id='word_1_201' title='bbox 3053 2302 3144 2346; x_wconf 91' lang='lat' dir='ltr'><strong>re-</strong></span> 
     </span>
     <span class='ocr_line' id='line_1_21' title="bbox 676 2379 3146 2464; baseline 0.002 -22"><span class='ocrx_word' id='word_1_202' title='bbox 676 2380 1001 2460; x_wconf 84' lang='lat' dir='ltr'><strong>sponsione</strong></span> <span class='ocrx_word' id='word_1_203' title='bbox 1048 2379 1433 2464; x_wconf 87' lang='lat' dir='ltr'><strong>apertissime</strong></span> <span class='ocrx_word' id='word_1_204' title='bbox 1480 2379 1648 2457; x_wconf 91' lang='lat' dir='ltr'><strong>dicit,</strong></span> <span class='ocrx_word' id='word_1_205' title='bbox 1698 2380 1864 2461; x_wconf 89' lang='lat' dir='ltr'><strong>quod</strong></span> <span class='ocrx_word' id='word_1_206' title='bbox 1916 2405 1951 2439; x_wconf 87' lang='lat'><strong>‹&lt;</strong></span> <span class='ocrx_word' id='word_1_207' title='bbox 1982 2380 2108 2443; x_wconf 77' lang='lat' dir='ltr'><strong>ista</strong></span> <span class='ocrx_word' id='word_1_208' title='bbox 2154 2380 2432 2460; x_wconf 77' lang='lat' dir='ltr'><strong>quaestio</strong></span> <span class='ocrx_word' id='word_1_209' title='bbox 2479 2384 2575 2444; x_wconf 78' lang='lat' dir='ltr'><strong>est</strong></span> <span class='ocrx_word' id='word_1_210' title='bbox 2616 2379 2829 2444; x_wconf 80' lang='lat' dir='ltr'><strong>eadem</strong></span> <span class='ocrx_word' id='word_1_211' title='bbox 2857 2401 2997 2445; x_wconf 76' lang='lat' dir='ltr'><strong>cum</strong></span> <span class='ocrx_word' id='word_1_212' title='bbox 3026 2382 3146 2446; x_wconf 75' lang='lat' dir='ltr'><strong>illa</strong></span> 
     </span>
     <span class='ocr_line' id='line_1_22' title="bbox 676 2482 3140 2567; baseline 0.002 -23"><span class='ocrx_word' id='word_1_213' title='bbox 676 2502 801 2562; x_wconf 76' lang='lat' dir='ltr'><strong>qua</strong></span> <span class='ocrx_word' id='word_1_214' title='bbox 824 2485 1171 2563; x_wconf 49' lang='lat' dir='ltr'><strong>&amp;merit-ur,</strong></span> <span class='ocrx_word' id='word_1_215' title='bbox 1196 2488 1410 2546; x_wconf 77' lang='lat' dir='ltr'><strong>utrum</strong></span> <span class='ocrx_word' id='word_1_216' title='bbox 1431 2483 1808 2547; x_wconf 72' lang='lat' dir='ltr'><strong>conscientia</strong></span> <span class='ocrx_word' id='word_1_217' title='bbox 1831 2501 2092 2545; x_wconf 80' lang='lat' dir='ltr'><strong>erronea</strong></span> <span class='ocrx_word' id='word_1_218' title='bbox 2127 2485 2464 2545; x_wconf 77' lang='lat' dir='ltr'><strong>excuset».</strong></span> <span class='ocrx_word' id='word_1_219' title='bbox 2496 2482 2662 2567; x_wconf 84' lang='lat' dir='ltr'><strong>Ergo</strong></span> <span class='ocrx_word' id='word_1_220' title='bbox 2695 2483 2749 2547; x_wconf 91' lang='lat' dir='ltr'><strong>si</strong></span> <span class='ocrx_word' id='word_1_221' title='bbox 2778 2483 3140 2562; x_wconf 87' lang='lat' dir='ltr'><strong>affirmabit,</strong></span> 
     </span>
     <span class='ocr_line' id='line_1_23' title="bbox 676 2585 3146 2668; baseline 0.002 -19"><span class='ocrx_word' id='word_1_222' title='bbox 676 2587 1115 2650; x_wconf 78' lang='lat' dir='ltr'><strong>conscientiam</strong></span> <span class='ocrx_word' id='word_1_223' title='bbox 1162 2605 1480 2651; x_wconf 89' lang='lat' dir='ltr'><strong>erroneam</strong></span> <span class='ocrx_word' id='word_1_224' title='bbox 1528 2603 1836 2658; x_wconf 81' lang='lat' dir='ltr'><strong>excusare,</strong></span> <span class='ocrx_word' id='word_1_225' title='bbox 1888 2605 1959 2650; x_wconf 91' lang='lat' dir='ltr'><strong>eo</strong></span> <span class='ocrx_word' id='word_1_226' title='bbox 2006 2585 2140 2668; x_wconf 90' lang='lat' dir='ltr'><strong>ipso</strong></span> <span class='ocrx_word' id='word_1_227' title='bbox 2189 2585 2548 2662; x_wconf 85' lang='lat' dir='ltr'><strong>affirmabit,</strong></span> <span class='ocrx_word' id='word_1_228' title='bbox 2583 2586 2973 2651; x_wconf 83' lang='lat' dir='ltr'><strong>voluntatem</strong></span> <span class='ocrx_word' id='word_1_229' title='bbox 3004 2607 3146 2653; x_wconf 90' lang='lat' dir='ltr'><strong>con·</strong></span> 
     </span>
     <span class='ocr_line' id='line_1_24' title="bbox 674 2687 3139 2770; baseline 0.003 -21"><span class='ocrx_word' id='word_1_230' title='bbox 674 2687 1033 2750; x_wconf 85' lang='lat' dir='ltr'><strong>cordantem</strong></span> <span class='ocrx_word' id='word_1_231' title='bbox 1079 2687 1309 2752; x_wconf 90' lang='lat' dir='ltr'><strong>rationi</strong></span> <span class='ocrx_word' id='word_1_232' title='bbox 1354 2687 1588 2751; x_wconf 88' lang='lat' dir='ltr'><strong>erranti</strong></span> <span class='ocrx_word' id='word_1_233' title='bbox 1633 2706 1763 2750; x_wconf 90' lang='lat' dir='ltr'><strong>esse</strong></span> <span class='ocrx_word' id='word_1_234' title='bbox 1811 2687 2058 2751; x_wconf 89' lang='lat' dir='ltr'><strong>bonam.</strong></span> <span class='ocrx_word' id='word_1_235' title='bbox 2089 2688 2288 2770; x_wconf 91' lang='lat' dir='ltr'><strong>Atqui</strong></span> <span class='ocrx_word' id='word_1_236' title='bbox 2331 2687 2396 2751; x_wconf 91' lang='lat' dir='ltr'><strong>id</strong></span> <span class='ocrx_word' id='word_1_237' title='bbox 2442 2707 2489 2751; x_wconf 89' lang='lat' dir='ltr'><strong>s.</strong></span> <span class='ocrx_word' id='word_1_238' title='bbox 2525 2688 2796 2753; x_wconf 87' lang='lat' dir='ltr'><strong>Thomas</strong></span> <span class='ocrx_word' id='word_1_239' title='bbox 2844 2690 3139 2769; x_wconf 87' lang='lat' dir='ltr'><strong>affirmat,</strong></span> 
     </span>
     <span class='ocr_line' id='line_1_25' title="bbox 676 2787 3145 2874; baseline 0.003 -23"><span class='ocrx_word' id='word_1_240' title='bbox 676 2787 784 2852; x_wconf 91' lang='lat' dir='ltr'><strong>ubi</strong></span> <span class='ocrx_word' id='word_1_241' title='bbox 814 2788 1053 2852; x_wconf 85' lang='lat' dir='ltr'><strong>subdit:</strong></span> <span class='ocrx_word' id='word_1_242' title='bbox 1089 2812 1124 2847; x_wconf 86' lang='lat'><strong>«</strong></span> <span class='ocrx_word' id='word_1_243' title='bbox 1150 2787 1215 2853; x_wconf 91' lang='lat' dir='ltr'><strong>Si</strong></span> <span class='ocrx_word' id='word_1_244' title='bbox 1262 2791 1475 2852; x_wconf 89' lang='lat' dir='ltr'><strong>autem</strong></span> <span class='ocrx_word' id='word_1_245' title='bbox 1499 2789 1585 2852; x_wconf 90' lang='lat' dir='ltr'><strong>sit</strong></span> <span class='ocrx_word' id='word_1_246' title='bbox 1607 2808 1796 2866; x_wconf 88' lang='lat' dir='ltr'><strong>error,</strong></span> <span class='ocrx_word' id='word_1_247' title='bbox 1824 2789 1931 2870; x_wconf 89' lang='lat' dir='ltr'><strong>qui</strong></span> <span class='ocrx_word' id='word_1_248' title='bbox 1956 2792 2175 2853; x_wconf 90' lang='lat' dir='ltr'><strong>causat</strong></span> <span class='ocrx_word' id='word_1_249' title='bbox 2219 2790 2734 2865; x_wconf 84' lang='lat' dir='ltr'><strong>involuntarium,</strong></span> <span class='ocrx_word' id='word_1_250' title='bbox 2781 2793 3145 2874; x_wconf 86' lang='lat' dir='ltr'><strong>proveniens</strong></span> 
     </span>
     <span class='ocr_line' id='line_1_26' title="bbox 676 2889 3142 2977; baseline 0.003 -24"><span class='ocrx_word' id='word_1_251' title='bbox 676 2909 748 2954; x_wconf 83' lang='lat' dir='ltr'><strong>ex</strong></span> <span class='ocrx_word' id='word_1_252' title='bbox 796 2889 1153 2974; x_wconf 86' lang='lat' dir='ltr'><strong>ignorantia</strong></span> <span class='ocrx_word' id='word_1_253' title='bbox 1201 2890 1464 2955; x_wconf 87' lang='lat' dir='ltr'><strong>alicuius</strong></span> <span class='ocrx_word' id='word_1_254' title='bbox 1510 2890 2016 2955; x_wconf 88' lang='lat' dir='ltr'><strong>circumstantiae</strong></span> <span class='ocrx_word' id='word_1_255' title='bbox 2049 2893 2279 2973; x_wconf 88' lang='lat' dir='ltr'><strong>absque</strong></span> <span class='ocrx_word' id='word_1_256' title='bbox 2327 2892 2495 2957; x_wconf 90' lang='lat' dir='ltr'><strong>omni</strong></span> <span class='ocrx_word' id='word_1_257' title='bbox 2539 2892 2941 2977; x_wconf 87' lang='lat' dir='ltr'><strong>negligentia,</strong></span> <span class='ocrx_word' id='word_1_258' title='bbox 2991 2898 3142 2960; x_wconf 89' lang='grc'><strong>111110</strong></span> 
     </span>
     <span class='ocr_line' id='line_1_27' title="bbox 675 2992 3143 3079; baseline 0.002 -22"><span class='ocrx_word' id='word_1_259' title='bbox 675 2993 823 3057; x_wconf 86' lang='grc'><strong>13113</strong></span> <span class='ocrx_word' id='word_1_260' title='bbox 870 3011 1041 3057; x_wconf 90' lang='lat' dir='ltr'><strong>error</strong></span> <span class='ocrx_word' id='word_1_261' title='bbox 1085 2992 1346 3057; x_wconf 87' lang='lat' dir='ltr'><strong>rationis</strong></span> <span class='ocrx_word' id='word_1_262' title='bbox 1406 2993 1504 3058; x_wconf 80' lang='lat' dir='ltr'><strong>vel</strong></span> <span class='ocrx_word' id='word_1_263' title='bbox 1549 2993 1959 3058; x_wconf 86' lang='lat' dir='ltr'><strong>conscientiae</strong></span> <span class='ocrx_word' id='word_1_264' title='bbox 2006 2998 2257 3059; x_wconf 84' lang='lat' dir='ltr'><strong>excusat</strong></span> <span class='ocrx_word' id='word_1_265' title='bbox 2303 3019 2364 3058; x_wconf 79' lang='lat'><strong>».</strong></span> <span class='ocrx_word' id='word_1_266' title='bbox 2413 2995 2579 3079; x_wconf 84' lang='lat' dir='ltr'><strong>Ergo</strong></span> <span class='ocrx_word' id='word_1_267' title='bbox 2617 2994 2775 3061; x_wconf 87' lang='lat' dir='ltr'><strong>falso</strong></span> <span class='ocrx_word' id='word_1_268' title='bbox 2821 2996 2932 3061; x_wconf 89' lang='lat' dir='ltr'><strong>isti</strong></span> <span class='ocrx_word' id='word_1_269' title='bbox 2978 2998 3143 3063; x_wconf 88' lang='lat' dir='ltr'><strong>affir-</strong></span> 
     </span>
     <span class='ocr_line' id='line_1_28' title="bbox 673 3096 2556 3174; baseline 0.001 -14"><span class='ocrx_word' id='word_1_270' title='bbox 673 3099 868 3166; x_wconf 80' lang='lat' dir='ltr'><strong>mant,</strong></span> <span class='ocrx_word' id='word_1_271' title='bbox 896 3115 933 3160; x_wconf 92' lang='lat' dir='ltr'><strong>a</strong></span> <span class='ocrx_word' id='word_1_272' title='bbox 966 3114 1014 3161; x_wconf 90' lang='lat' dir='ltr'><strong>s.</strong></span> <span class='ocrx_word' id='word_1_273' title='bbox 1050 3096 1289 3160; x_wconf 89' lang='lat' dir='ltr'><strong>Thoma</strong></span> <span class='ocrx_word' id='word_1_274' title='bbox 1334 3115 1455 3161; x_wconf 92' lang='lat' dir='ltr'><strong>non</strong></span> <span class='ocrx_word' id='word_1_275' title='bbox 1502 3097 1711 3174; x_wconf 87' lang='lat' dir='ltr'><strong>asseri,</strong></span> <span class='ocrx_word' id='word_1_276' title='bbox 1744 3096 2124 3160; x_wconf 76' lang='lat' dir='ltr'><strong>voluntatem</strong></span> <span class='ocrx_word' id='word_1_277' title='bbox 2153 3117 2283 3162; x_wconf 80' lang='lat' dir='ltr'><strong>esse</strong></span> <span class='ocrx_word' id='word_1_278' title='bbox 2315 3097 2556 3162; x_wconf 82' lang='lat' dir='ltr'><strong>bonam.</strong></span> 
     </span>
    </p>

    <p class='ocr_par' dir='ltr' id='par_1_5' title="bbox 670 3198 3143 4005">
     <span class='ocr_line' id='line_1_29' title="bbox 763 3198 3143 3282; baseline 0.001 -18"><span class='ocrx_word' id='word_1_279' title='bbox 763 3200 1091 3264; x_wconf 88' lang='lat' dir='ltr'><strong>Praeterea</strong></span> <span class='ocrx_word' id='word_1_280' title='bbox 1137 3199 1388 3282; x_wconf 89' lang='lat' dir='ltr'><strong>ipsimet</strong></span> <span class='ocrx_word' id='word_1_281' title='bbox 1433 3198 1729 3276; x_wconf 87' lang='lat' dir='ltr'><strong>fatentur,</strong></span> <span class='ocrx_word' id='word_1_282' title='bbox 1781 3200 2190 3276; x_wconf 82' lang='lat' dir='ltr'><strong>voluntatem,</strong></span> <span class='ocrx_word' id='word_1_283' title='bbox 2240 3219 2399 3282; x_wconf 90' lang='lat' dir='ltr'><strong>quae</strong></span> <span class='ocrx_word' id='word_1_284' title='bbox 2444 3201 2675 3266; x_wconf 88' lang='lat' dir='ltr'><strong>rationi</strong></span> <span class='ocrx_word' id='word_1_285' title='bbox 2721 3202 2955 3267; x_wconf 88' lang='lat' dir='ltr'><strong>erranti</strong></span> <span class='ocrx_word' id='word_1_286' title='bbox 3002 3222 3143 3267; x_wconf 89' lang='lat' dir='ltr'><strong>con-</strong></span> 
     </span>
     <span class='ocr_line' id='line_1_30' title="bbox 675 3302 3140 3386; baseline 0.001 -20"><span class='ocrx_word' id='word_1_287' title='bbox 675 3304 867 3367; x_wconf 83' lang='lat' dir='ltr'><strong>sentit</strong></span> <span class='ocrx_word' id='word_1_288' title='bbox 914 3302 1071 3367; x_wconf 84' lang='lat' dir='ltr'><strong>citra</strong></span> <span class='ocrx_word' id='word_1_289' title='bbox 1118 3303 1384 3385; x_wconf 87' lang='lat' dir='ltr'><strong>culpam,</strong></span> <span class='ocrx_word' id='word_1_290' title='bbox 1435 3322 1506 3366; x_wconf 83' lang='lat' dir='ltr'><strong>ex</strong></span> <span class='ocrx_word' id='word_1_291' title='bbox 1552 3321 1601 3366; x_wconf 87' lang='lat' dir='ltr'><strong>s.</strong></span> <span class='ocrx_word' id='word_1_292' title='bbox 1651 3303 1926 3366; x_wconf 84' lang='lat' dir='ltr'><strong>Thomae</strong></span> <span class='ocrx_word' id='word_1_293' title='bbox 1974 3302 2281 3367; x_wconf 88' lang='lat' dir='ltr'><strong>sententia</strong></span> <span class='ocrx_word' id='word_1_294' title='bbox 2326 3302 2414 3366; x_wconf 92' lang='lat' dir='ltr'><strong>ibi</strong></span> <span class='ocrx_word' id='word_1_295' title='bbox 2461 3322 2762 3386; x_wconf 82' lang='lat' dir='ltr'><strong>expressa,</strong></span> <span class='ocrx_word' id='word_1_296' title='bbox 2811 3324 2937 3367; x_wconf 78' lang='lat' dir='ltr'><strong>non</strong></span> <span class='ocrx_word' id='word_1_297' title='bbox 3009 3326 3140 3369; x_wconf 81' lang='lat' dir='ltr'><strong>esse</strong></span> 
     </span>
     <span class='ocr_line' id='line_1_31' title="bbox 672 3405 3141 3493; baseline 0.004 -26"><span class='ocrx_word' id='word_1_298' title='bbox 672 3405 923 3469; x_wconf 68' lang='lat' dir='ltr'><strong>malam..</strong></span> <span class='ocrx_word' id='word_1_299' title='bbox 975 3407 1170 3488; x_wconf 88' lang='lat' dir='ltr'><strong>Atqui</strong></span> <span class='ocrx_word' id='word_1_300' title='bbox 1215 3407 1263 3470; x_wconf 90' lang='lat' dir='ltr'><strong>ii</strong></span> <span class='ocrx_word' id='word_1_301' title='bbox 1307 3410 1577 3481; x_wconf 89' lang='lat' dir='ltr'><strong>tantum,</strong></span> <span class='ocrx_word' id='word_1_302' title='bbox 1627 3408 1735 3489; x_wconf 89' lang='lat' dir='ltr'><strong>qui</strong></span> <span class='ocrx_word' id='word_1_303' title='bbox 1782 3407 1964 3490; x_wconf 87' lang='lat' dir='ltr'><strong>plane</strong></span> <span class='ocrx_word' id='word_1_304' title='bbox 2008 3408 2316 3493; x_wconf 86' lang='lat' dir='ltr'><strong>peregrini</strong></span> <span class='ocrx_word' id='word_1_305' title='bbox 2363 3408 2489 3473; x_wconf 90' lang='lat' dir='ltr'><strong>sint</strong></span> <span class='ocrx_word' id='word_1_306' title='bbox 2532 3409 2597 3472; x_wconf 91' lang='grc'><strong>111</strong></span> <span class='ocrx_word' id='word_1_307' title='bbox 2643 3429 2691 3473; x_wconf 90' lang='grc'><strong>3.</strong></span> <span class='ocrx_word' id='word_1_308' title='bbox 2728 3409 3005 3476; x_wconf 89' lang='lat' dir='ltr'><strong>Thomae</strong></span> <span class='ocrx_word' id='word_1_309' title='bbox 3037 3412 3141 3477; x_wconf 90' lang='lat' dir='ltr'><strong>do-</strong></span> 
     </span>
     <span class='ocr_line' id='line_1_32' title="bbox 670 3508 3140 3595; baseline 0.003 -24"><span class='ocrx_word' id='word_1_310' title='bbox 670 3508 907 3582; x_wconf 89' lang='lat' dir='ltr'><strong>ctrinis,</strong></span> <span class='ocrx_word' id='word_1_311' title='bbox 956 3509 1242 3590; x_wconf 89' lang='lat' dir='ltr'><strong>ignorare</strong></span> <span class='ocrx_word' id='word_1_312' title='bbox 1313 3513 1591 3591; x_wconf 87' lang='lat' dir='ltr'><strong>possunt,</strong></span> <span class='ocrx_word' id='word_1_313' title='bbox 1642 3511 2035 3574; x_wconf 87' lang='lat' dir='ltr'><strong>voluntatem</strong></span> <span class='ocrx_word' id='word_1_314' title='bbox 2080 3530 2203 3578; x_wconf 88' lang='lat' dir='ltr'><strong>non</strong></span> <span class='ocrx_word' id='word_1_315' title='bbox 2249 3511 2482 3575; x_wconf 89' lang='lat' dir='ltr'><strong>malam</strong></span> <span class='ocrx_word' id='word_1_316' title='bbox 2529 3512 2594 3576; x_wconf 90' lang='lat' dir='ltr'><strong>in</strong></span> <span class='ocrx_word' id='word_1_317' title='bbox 2640 3512 2935 3595; x_wconf 89' lang='lat' dir='ltr'><strong>quopiam</strong></span> <span class='ocrx_word' id='word_1_318' title='bbox 2993 3516 3140 3579; x_wconf 84' lang='lat' dir='ltr'><strong>actu</strong></span> 
     </span>
     <span class='ocr_line' id='line_1_33' title="bbox 672 3609 3143 3691; baseline 0.004 -19"><span class='ocrx_word' id='word_1_319' title='bbox 672 3609 921 3691; x_wconf 90' lang='lat' dir='ltr'><strong>perinde</strong></span> <span class='ocrx_word' id='word_1_320' title='bbox 952 3629 1082 3673; x_wconf 89' lang='lat' dir='ltr'><strong>esse</strong></span> <span class='ocrx_word' id='word_1_321' title='bbox 1107 3628 1178 3673; x_wconf 91' lang='lat' dir='ltr'><strong>ac</strong></span> <span class='ocrx_word' id='word_1_322' title='bbox 1209 3612 1600 3676; x_wconf 83' lang='lat' dir='ltr'><strong>voluntatem</strong></span> <span class='ocrx_word' id='word_1_323' title='bbox 1624 3611 1871 3676; x_wconf 87' lang='lat' dir='ltr'><strong>bonam.</strong></span> <span class='ocrx_word' id='word_1_324' title='bbox 1899 3612 2243 3676; x_wconf 88' lang='lat' dir='ltr'><strong>Notissima</strong></span> <span class='ocrx_word' id='word_1_325' title='bbox 2268 3613 2433 3676; x_wconf 92' lang='lat' dir='ltr'><strong>enim</strong></span> <span class='ocrx_word' id='word_1_326' title='bbox 2457 3616 2552 3678; x_wconf 88' lang='lat' dir='ltr'><strong>est</strong></span> <span class='ocrx_word' id='word_1_327' title='bbox 2583 3614 2863 3679; x_wconf 88' lang='lat' dir='ltr'><strong>doctrina</strong></span> <span class='ocrx_word' id='word_1_328' title='bbox 2895 3635 2945 3680; x_wconf 91' lang='grc'><strong>3.</strong></span> <span class='ocrx_word' id='word_1_329' title='bbox 2981 3616 3143 3682; x_wconf 87' lang='grc' dir='ltr'><strong>Τ110-</strong></span> 
     </span>
     <span class='ocr_line' id='line_1_34' title="bbox 672 3711 3140 3801; baseline 0.004 -29"><span class='ocrx_word' id='word_1_330' title='bbox 672 3729 811 3773; x_wconf 88' lang='grc'><strong>11130</strong></span> <span class='ocrx_word' id='word_1_331' title='bbox 860 3711 1060 3794; x_wconf 90' lang='lat' dir='ltr'><strong>suppl.</strong></span> <span class='ocrx_word' id='word_1_332' title='bbox 1087 3732 1145 3794; x_wconf 88' lang='lat' dir='ltr'><strong>q.</strong></span> <span class='ocrx_word' id='word_1_333' title='bbox 1180 3713 1285 3776; x_wconf 82' lang='lat'><strong>49.</strong></span> <span class='ocrx_word' id='word_1_334' title='bbox 1321 3715 1440 3777; x_wconf 89' lang='lat' dir='ltr'><strong>art.</strong></span> <span class='ocrx_word' id='word_1_335' title='bbox 1474 3714 1535 3776; x_wconf 87' lang='grc'><strong>4.</strong></span> <span class='ocrx_word' id='word_1_336' title='bbox 1569 3714 1733 3795; x_wconf 90' lang='lat' dir='ltr'><strong>quod</strong></span> <span class='ocrx_word' id='word_1_337' title='bbox 1774 3739 1808 3771; x_wconf 67' lang='lat'><strong>02&lt;</strong></span> <span class='ocrx_word' id='word_1_338' title='bbox 1841 3715 1931 3778; x_wconf 84' lang='lat' dir='ltr'><strong>Ex</strong></span> <span class='ocrx_word' id='word_1_339' title='bbox 1978 3714 2189 3779; x_wconf 90' lang='lat' dir='ltr'><strong>eodem</strong></span> <span class='ocrx_word' id='word_1_340' title='bbox 2238 3715 2426 3778; x_wconf 90' lang='lat' dir='ltr'><strong>habet</strong></span> <span class='ocrx_word' id='word_1_341' title='bbox 2472 3717 2650 3779; x_wconf 89' lang='lat' dir='ltr'><strong>actus</strong></span> <span class='ocrx_word' id='word_1_342' title='bbox 2699 3716 2925 3798; x_wconf 88' lang='lat' dir='ltr'><strong>aliquis</strong></span> <span class='ocrx_word' id='word_1_343' title='bbox 2972 3720 3140 3801; x_wconf 88' lang='lat' dir='ltr'><strong>quod</strong></span> 
     </span>
     <span class='ocr_line' id='line_1_35' title="bbox 672 3813 3140 3900; baseline 0.004 -24"><span class='ocrx_word' id='word_1_344' title='bbox 672 3833 794 3877; x_wconf 90' lang='lat' dir='ltr'><strong>non</strong></span> <span class='ocrx_word' id='word_1_345' title='bbox 827 3813 910 3878; x_wconf 86' lang='lat' dir='ltr'><strong>sit</strong></span> <span class='ocrx_word' id='word_1_346' title='bbox 956 3815 1159 3879; x_wconf 86' lang='lat' dir='ltr'><strong>malus</strong></span> <span class='ocrx_word' id='word_1_347' title='bbox 1207 3816 1269 3880; x_wconf 93' lang='lat' dir='ltr'><strong>in</strong></span> <span class='ocrx_word' id='word_1_348' title='bbox 1315 3836 1535 3900; x_wconf 87' lang='lat' dir='ltr'><strong>genere</strong></span> <span class='ocrx_word' id='word_1_349' title='bbox 1583 3816 1774 3881; x_wconf 88' lang='lat' dir='ltr'><strong>moris</strong></span> <span class='ocrx_word' id='word_1_350' title='bbox 1824 3819 1886 3881; x_wconf 91' lang='lat' dir='ltr'><strong>et</strong></span> <span class='ocrx_word' id='word_1_351' title='bbox 1933 3816 2099 3898; x_wconf 77' lang='lat' dir='ltr'><strong>quod</strong></span> <span class='ocrx_word' id='word_1_352' title='bbox 2140 3817 2230 3880; x_wconf 76' lang='lat' dir='ltr'><strong>sit</strong></span> <span class='ocrx_word' id='word_1_353' title='bbox 2272 3816 2513 3894; x_wconf 75' lang='lat' dir='ltr'><strong>bonus;</strong></span> <span class='ocrx_word' id='word_1_354' title='bbox 2560 3818 2706 3899; x_wconf 87' lang='lat' dir='ltr'><strong>quia</strong></span> <span class='ocrx_word' id='word_1_355' title='bbox 2747 3837 2871 3883; x_wconf 90' lang='lat' dir='ltr'><strong>non</strong></span> <span class='ocrx_word' id='word_1_356' title='bbox 2903 3823 2999 3884; x_wconf 89' lang='lat' dir='ltr'><strong>est</strong></span> <span class='ocrx_word' id='word_1_357' title='bbox 3031 3823 3140 3886; x_wconf 89' lang='lat' dir='ltr'><strong>ali·</strong></span> 
     </span>
     <span class='ocr_line' id='line_1_36' title="bbox 670 3916 1745 4005; baseline 0 -25"><span class='ocrx_word' id='word_1_358' title='bbox 670 3916 812 3998; x_wconf 90' lang='lat' dir='ltr'><strong>quis</strong></span> <span class='ocrx_word' id='word_1_359' title='bbox 859 3918 1038 3981; x_wconf 85' lang='lat' dir='ltr'><strong>actus</strong></span> <span class='ocrx_word' id='word_1_360' title='bbox 1070 3917 1418 3983; x_wconf 87' lang='lat' dir='ltr'><strong>indifferens</strong></span> <span class='ocrx_word' id='word_1_361' title='bbox 1451 3944 1512 3980; x_wconf 85' lang='lat'><strong>».</strong></span> <span class='ocrx_word' id='word_1_362' title='bbox 1740 4001 1745 4005; x_wconf 15' lang='grc' dir='ltr'><strong><em>ι</em></strong></span> 
     </span>
    </p>

    <p class='ocr_par' dir='ltr' id='par_1_6' title="bbox 669 4015 3141 4621">
     <span class='ocr_line' id='line_1_37' title="bbox 763 4015 3134 4104; baseline 0.001 -16"><span class='ocrx_word' id='word_1_363' title='bbox 763 4015 919 4089; x_wconf 77' lang='grc'><strong>148.</strong></span> <span class='ocrx_word' id='word_1_364' title='bbox 956 4019 1132 4099; x_wconf 77' lang='lat' dir='ltr'><strong>Quod</strong></span> <span class='ocrx_word' id='word_1_365' title='bbox 1178 4040 1322 4087; x_wconf 82' lang='lat' dir='ltr'><strong>vero</strong></span> <span class='ocrx_word' id='word_1_366' title='bbox 1372 4021 1599 4085; x_wconf 88' lang='lat' dir='ltr'><strong>attinet</strong></span> <span class='ocrx_word' id='word_1_367' title='bbox 1645 4021 1724 4085; x_wconf 90' lang='lat' dir='ltr'><strong>ad</strong></span> <span class='ocrx_word' id='word_1_368' title='bbox 1770 4022 1958 4085; x_wconf 78' lang='lat' dir='ltr'><strong>verba</strong></span> <span class='ocrx_word' id='word_1_369' title='bbox 2006 4039 2054 4085; x_wconf 91' lang='lat' dir='ltr'><strong>s.</strong></span> <span class='ocrx_word' id='word_1_370' title='bbox 2105 4022 2401 4100; x_wconf 86' lang='lat' dir='ltr'><strong>Thomae,</strong></span> <span class='ocrx_word' id='word_1_371' title='bbox 2450 4041 2608 4104; x_wconf 88' lang='lat' dir='ltr'><strong>quae</strong></span> <span class='ocrx_word' id='word_1_372' title='bbox 2655 4023 2765 4088; x_wconf 88' lang='lat' dir='ltr'><strong>isti</strong></span> <span class='ocrx_word' id='word_1_373' title='bbox 2812 4026 3134 4103; x_wconf 80' lang='lat' dir='ltr'><strong>obiiciunt,</strong></span> 
     </span>
     <span class='ocr_line' id='line_1_38' title="bbox 672 4122 3139 4206; baseline 0.004 -23"><span class='ocrx_word' id='word_1_374' title='bbox 672 4140 894 4203; x_wconf 84' lang='lat' dir='ltr'><strong>parum</strong></span> <span class='ocrx_word' id='word_1_375' title='bbox 940 4142 1085 4186; x_wconf 84' lang='lat' dir='ltr'><strong>sane</strong></span> <span class='ocrx_word' id='word_1_376' title='bbox 1133 4123 1249 4205; x_wconf 90' lang='lat' dir='ltr'><strong>ipsi</strong></span> <span class='ocrx_word' id='word_1_377' title='bbox 1296 4122 1648 4200; x_wconf 77' lang='lat' dir='ltr'><strong>advertunt,</strong></span> <span class='ocrx_word' id='word_1_378' title='bbox 1699 4143 1770 4187; x_wconf 89' lang='lat' dir='ltr'><strong>ea</strong></span> <span class='ocrx_word' id='word_1_379' title='bbox 1819 4124 1915 4187; x_wconf 81' lang='lat' dir='ltr'><strong>vel</strong></span> <span class='ocrx_word' id='word_1_380' title='bbox 1962 4125 2178 4187; x_wconf 87' lang='lat' dir='ltr'><strong>contra</strong></span> <span class='ocrx_word' id='word_1_381' title='bbox 2223 4123 2390 4206; x_wconf 88' lang='lat' dir='ltr'><strong>ipsos</strong></span> <span class='ocrx_word' id='word_1_382' title='bbox 2432 4125 2645 4202; x_wconf 89' lang='lat' dir='ltr'><strong>facere,</strong></span> <span class='ocrx_word' id='word_1_383' title='bbox 2695 4127 2794 4190; x_wconf 85' lang='lat' dir='ltr'><strong>vel</strong></span> <span class='ocrx_word' id='word_1_384' title='bbox 2841 4127 2998 4192; x_wconf 89' lang='lat' dir='ltr'><strong>nihil</strong></span> <span class='ocrx_word' id='word_1_385' title='bbox 3063 4130 3139 4193; x_wconf 89' lang='lat' dir='ltr'><strong>ad</strong></span> 
     </span>
     <span class='ocr_line' id='line_1_39' title="bbox 672 4222 3141 4308; baseline 0.004 -23"><span class='ocrx_word' id='word_1_386' title='bbox 672 4241 801 4286; x_wconf 89' lang='lat' dir='ltr'><strong>rem</strong></span> <span class='ocrx_word' id='word_1_387' title='bbox 834 4222 1048 4287; x_wconf 87' lang='lat' dir='ltr'><strong>facere.</strong></span> <span class='ocrx_word' id='word_1_388' title='bbox 1101 4224 1301 4288; x_wconf 89' lang='lat' dir='ltr'><strong>Verba</strong></span> <span class='ocrx_word' id='word_1_389' title='bbox 1350 4224 1759 4289; x_wconf 89' lang='lat' dir='ltr'><strong>desumuntur</strong></span> <span class='ocrx_word' id='word_1_390' title='bbox 1792 4245 1863 4290; x_wconf 83' lang='lat' dir='ltr'><strong>ex</strong></span> <span class='ocrx_word' id='word_1_391' title='bbox 1897 4225 2078 4308; x_wconf 85' lang='lat' dir='ltr'><strong>Resp.</strong></span> <span class='ocrx_word' id='word_1_392' title='bbox 2129 4225 2207 4290; x_wconf 87' lang='lat' dir='ltr'><strong>ad</strong></span> <span class='ocrx_word' id='word_1_393' title='bbox 2258 4226 2347 4290; x_wconf 85' lang='lat'><strong>1.:</strong></span> <span class='ocrx_word' id='word_1_394' title='bbox 2389 4251 2423 4284; x_wconf 81' lang='lat'>«</span> <span class='ocrx_word' id='word_1_395' title='bbox 2455 4226 2702 4292; x_wconf 90' lang='lat' dir='ltr'><strong>Bonum</strong></span> <span class='ocrx_word' id='word_1_396' title='bbox 2738 4232 3037 4295; x_wconf 88' lang='lat' dir='ltr'><strong>causatur</strong></span> <span class='ocrx_word' id='word_1_397' title='bbox 3070 4251 3141 4296; x_wconf 88' lang='grc'><strong>01</strong></span> 
     </span>
     <span class='ocr_line' id='line_1_40' title="bbox 670 4324 3138 4412; baseline 0.005 -25"><span class='ocrx_word' id='word_1_398' title='bbox 670 4324 915 4408; x_wconf 85' lang='lat' dir='ltr'><strong>integra</strong></span> <span class='ocrx_word' id='word_1_399' title='bbox 962 4345 1168 4400; x_wconf 87' lang='lat' dir='ltr'><strong>causa,</strong></span> <span class='ocrx_word' id='word_1_400' title='bbox 1217 4327 1455 4391; x_wconf 85' lang='lat' dir='ltr'><strong>malum</strong></span> <span class='ocrx_word' id='word_1_401' title='bbox 1503 4331 1715 4392; x_wconf 90' lang='lat' dir='ltr'><strong>autem</strong></span> <span class='ocrx_word' id='word_1_402' title='bbox 1762 4347 1835 4391; x_wconf 82' lang='lat' dir='ltr'><strong>ex</strong></span> <span class='ocrx_word' id='word_1_403' title='bbox 1866 4327 2289 4412; x_wconf 87' lang='lat' dir='ltr'><strong>singularibus</strong></span> <span class='ocrx_word' id='word_1_404' title='bbox 2337 4328 2696 4395; x_wconf 86' lang='lat' dir='ltr'><strong>defectibus.</strong></span> <span class='ocrx_word' id='word_1_405' title='bbox 2746 4332 2827 4396; x_wconf 87' lang='lat' dir='ltr'><strong>Et</strong></span> <span class='ocrx_word' id='word_1_406' title='bbox 2871 4333 3010 4399; x_wconf 90' lang='lat' dir='ltr'><strong>ideo</strong></span> <span class='ocrx_word' id='word_1_407' title='bbox 3061 4336 3138 4399; x_wconf 87' lang='grc'><strong>311</strong></span> 
     </span>
     <span class='ocr_line' id='line_1_41' title="bbox 671 4426 3136 4513; baseline 0.006 -24"><span class='ocrx_word' id='word_1_408' title='bbox 671 4426 786 4490; x_wconf 82' lang='lat' dir='ltr'><strong>hoc</strong></span> <span class='ocrx_word' id='word_1_409' title='bbox 833 4427 997 4508; x_wconf 88' lang='lat' dir='ltr'><strong>quod</strong></span> <span class='ocrx_word' id='word_1_410' title='bbox 1046 4428 1289 4493; x_wconf 87' lang='lat' dir='ltr'><strong>dicatur</strong></span> <span class='ocrx_word' id='word_1_411' title='bbox 1334 4430 1573 4494; x_wconf 89' lang='lat' dir='ltr'><strong>malum</strong></span> <span class='ocrx_word' id='word_1_412' title='bbox 1618 4430 1700 4506; x_wconf 92' lang='lat' dir='ltr'><strong>id,</strong></span> <span class='ocrx_word' id='word_1_413' title='bbox 1750 4431 1814 4494; x_wconf 90' lang='grc'><strong>111</strong></span> <span class='ocrx_word' id='word_1_414' title='bbox 1869 4431 2036 4513; x_wconf 91' lang='lat' dir='ltr'><strong>quod</strong></span> <span class='ocrx_word' id='word_1_415' title='bbox 2098 4431 2298 4497; x_wconf 88' lang='lat' dir='ltr'><strong>fertur</strong></span> <span class='ocrx_word' id='word_1_416' title='bbox 2353 4434 2665 4513; x_wconf 79' lang='lat' dir='ltr'><strong>voluntaS,</strong></span> <span class='ocrx_word' id='word_1_417' title='bbox 2726 4437 2960 4502; x_wconf 86' lang='lat' dir='ltr'><strong>sufficit</strong></span> <span class='ocrx_word' id='word_1_418' title='bbox 3006 4440 3136 4503; x_wconf 83' lang='lat' dir='ltr'><strong>sive</strong></span> 
     </span>
     <span class='ocr_line' id='line_1_42' title="bbox 669 4529 3136 4621; baseline 0.005 -29"><span class='ocrx_word' id='word_1_419' title='bbox 669 4529 836 4612; x_wconf 86' lang='lat' dir='ltr'><strong>quod</strong></span> <span class='ocrx_word' id='word_1_420' title='bbox 883 4530 1218 4594; x_wconf 84' lang='lat' dir='ltr'><strong>secundum</strong></span> <span class='ocrx_word' id='word_1_421' title='bbox 1264 4550 1443 4596; x_wconf 88' lang='lat' dir='ltr'><strong>suam</strong></span> <span class='ocrx_word' id='word_1_422' title='bbox 1490 4534 1784 4597; x_wconf 88' lang='lat' dir='ltr'><strong>naturam</strong></span> <span class='ocrx_word' id='word_1_423' title='bbox 1830 4533 1914 4597; x_wconf 88' lang='lat' dir='ltr'><strong>sit</strong></span> <span class='ocrx_word' id='word_1_424' title='bbox 1960 4534 2218 4612; x_wconf 87' lang='lat' dir='ltr'><strong>malum,</strong></span> <span class='ocrx_word' id='word_1_425' title='bbox 2269 4534 2398 4600; x_wconf 79' lang='lat' dir='ltr'><strong>sive</strong></span> <span class='ocrx_word' id='word_1_426' title='bbox 2433 4536 2599 4618; x_wconf 89' lang='lat' dir='ltr'><strong>quod</strong></span> <span class='ocrx_word' id='word_1_427' title='bbox 2638 4539 3136 4621; x_wconf 87' lang='lat' dir='ltr'><strong>apprehendatur</strong></span> 
     </span>
    </p>
   </div>
  </div>
 </body>
</html>
