3529 5158
1107 406 1193 447 nm
1227 407 1437 447 mmm
1472 406 1521 449 s.
1548 407 1850 449 ALPBONSI
1889 408 2018 448 mc.
2677 390 2793 454 695ι

426 505 660 569 Verum
707 505 852 569 huic
897 503 1413 569 animadversioni
1462 506 1809 589 responderi
1843 506 2020 571 facile
2059 507 2282 588 potest,
2323 502 2389 567 1⁰
2421 524 2491 568 ex
2523 502 2788 567 historia

336 609 640 672 rationem
671 606 907 684 deduci,
948 626 1059 671 cur
1088 606 1230 670 huic
1262 607 1490 689 potius.
1526 628 1714 690 quam
1746 610 1965 674 ceteris
1998 607 2353 693 systematis
2388 606 2485 671 sui
2529 605 2787 669 moralis

338 710 637 794 partibuS‚
695 707 1100 773 defendendae
1155 702 1409 791 operam
1458 729 1506 773 0.
1559 711 1792 777 Doctor
1839 711 2102 776 dederit:
2144 713 2212 774 2⁰
2245 709 2528 775 concludi
2574 707 2787 772 exinde
2900 731 2921 753 ·

336 813 506 877 nullo
537 810 721 877 modo
754 830 950 893 posse,
984 830 1033 875 s.
1068 812 1399 876 Doctorem
1431 814 1756 896 systemati
1793 810 2431 897 aequiprobabilismi.
2448 811 2637 894 prout
2673 810 2788 873 hoc

334 914 595 997 simplici
644 913 1083 996 probabilismo
1132 914 1484 997 opponitur,
1540 915 1893 981 inhaesisse.
1951 913 2579 999 Aequiprobabilismi
2625 912 2789 978 enim

332 1020 604 1102 systema
650 1016 863 1101 exigit,
897 1017 973 1080 ut
1015 1016 1333 1080 reiiciatur
1377 1019 1683 1082 sententia
1730 1017 1804 1082 de
1848 1018 2021 1082 licito
2069 1037 2190 1083 usu
2228 1016 2535 1100 opinionis
2573 1014 2792 1098 proba-

331 1120 472 1185 bilis
520 1121 580 1185 10
628 1138 931 1184 concursu
975 1119 1407 1201 probabilioris
1453 1138 1564 1203 pro
1610 1121 1766 1204 lege.
1817 1121 2013 1202 Atqui
2041 1121 2168 1185 iam
2205 1120 2544 1196 innuimus,
2583 1135 2634 1182 s.
2669 1118 2791 1181 Do-

324 1225 558 1288 ctorem
605 1223 669 1286 in
700 1221 1132 1287 dissertatione
1165 1241 1305 1285 ann.
1346 1222 1536 1285 1762.
1570 1223 1635 1286 et
1681 1223 1743 1286 in
1791 1224 2103 1305 postrema
2135 1241 2381 1304 quoque
2414 1221 2560 1285 3001
2596 1220 2787 1283 1785.

321 1326 386 1389 in
434 1325 661 1407 quibus
707 1344 777 1388 ex
826 1323 1101 1406 professo
1149 1323 1422 1388 defendit
1466 1324 1711 1389 licitum
1759 1344 1944 1389 usum
1979 1324 2283 1407 opinionis
2313 1322 2653 1406 probabilis
2677 1320 2792 1383 mi-

321 1448 440 1492 nus
489 1429 666 1492 tutae
713 1446 858 1509 prae
905 1445 1097 1508 aeque
1129 1426 1436 1509 probabili
1470 1426 1712 1503 tutiori,
1752 1445 2145 1508 nequaquam
2186 1425 2483 1490 nuncium
2521 1423 2790 1507 simplici

320 1529 764 1613 probabilismo
814 1528 1155 1593 remisisse:
1176 1529 1248 1591 Id
1293 1528 1502 1610 ipsum
1539 1531 1752 1593 autem
1801 1530 1991 1592 etiam
2026 1529 2088 1592 in
2123 1529 2262 1593 aliis
2295 1528 2570 1593 eiusdem
2605 1510 2817 1609 argus

316 1633 519 1696 menti
565 1630 1117 1712 disceptationibus
1150 1631 1505 1713 contingere
1542 1630 1908 1695 videbimus.

413 1734 518 1798 94.
554 1731 727 1812 Quod
761 1732 975 1813 itaque
1000 1730 1079 1795 ad
1108 1731 1437 1795 historiam
1470 1732 1715 1807 attinet,
1746 1733 1845 1796 vix
1877 1732 2028 1797 dum
2060 1753 2108 1796 0.
2149 1734 2383 1798 Doctor
2415 1752 2556 1795 ann.
2596 1730 2788 1795 1762.

315 1834 823 1900 dissertationem
856 1833 929 1897 de
960 1834 1136 1898 licito
1172 1852 1290 1898 usu
1323 1834 1628 1915 opinionis
1660 1835 2017 1918 probabilis,
2067 1835 2284 1899 relicta
2331 1834 2564 1899 tutiore
2598 1851 2789 1915 aeque

316 1936 627 2021 probabili
660 1936 953 2013 ediderat,
989 1955 1123 2000 ecce
1158 1936 1526 2018 opusculum
1564 1937 1796 2019 prodiit
1826 1956 1967 2001 cum
2001 1937 2219 2033 tiotulo:
2267 1960 2302 1994 «
2335 1936 2437 1999 La
2466 1955 2659 1999 causa
2690 1933 2792 1997 del

302 2037 764 2120 probabiliamo
796 2037 1172 2102 richiamata
1217 2037 1535 2103 all’esame
1566 2038 1649 2102 da
1685 2038 2071 2121 DIovwiqnor
2108 2038 2183 2102 de
2219 2038 2492 2120 Lz‘yuora·
2521 2058 2552 2101 e
2589 2035 2791 2100 novel-

318 2140 588 2205 lamente
633 2142 925 2205 couvi-uta
970 2140 1041 2204 da·
1082 2140 1305 2219 falsitd
1334 2166 1395 2204 ›>.

414 2245 503 2308 De
538 2243 821 2326 opusculi
854 2243 1041 2307 huius
1080 2246 1332 2308 auctore
1358 2263 1405 2308 s.
1442 2246 1676 2309 Doctor
1696 2247 1759 2309 in
1785 2245 2114 2329 Apologia,
2149 2265 2338 2326 quam
2370 2245 2465 2308 illi
2497 2244 2791 2326 opposuit

318 2349 413 2413 ita
438 2346 651 2410 scribit
669 2347 763 2425 (in
778 2346 999 2411 mouit.
1040 2345 1118 2410 ad
1149 2346 1422 2430 lector.):
1457 2372 1491 2403 «
1517 2347 1572 2410 Il
1595 2348 1720 2412 mio
1747 2348 2102 2430 oppositore
2127 2347 2187 2411 fa
2212 2348 2547 2411 chiamarsi
2569 2345 2788 2410 Adelfo

317 2454 611 2526 Dosite03
647 2470 752 2515 ma
798 2451 905 2535 gia
951 2452 1004 2515 si
1051 2470 1121 2515 03
1168 2451 1246 2515 da
1292 2471 1400 2535 per
1446 2455 1638 2530 tutto,
1688 2453 1788 2517 chi
1836 2454 1963 2518 sia:
2013 2453 2383 2519 nondimeno
2415 2452 2633 2535 perche
2666 2451 2792 2535 egli

318 2575 441 2622 non
475 2554 624 2620 vuol
662 2554 939 2638 palesare
986 2553 1031 2618 il
1081 2573 1193 2619 suo
1241 2573 1442 2632 nome,
1482 2574 1719 2640 neppur
1751 2556 1812 2622 io
1848 2556 2057 2641 voglio
2107 2556 2432 2640 palesarlo.
2474 2555 2617 2640 Egli
2661 2573 2792 2638 pre-

316 2659 511 2724 mette
558 2657 938 2722 nell'Avviso
990 2657 1284 2734 a’lettori‚
1320 2676 1516 2722 essere
1565 2661 1733 2723 stato
1783 2661 2084 2724 costretto
2123 2680 2161 2723 a
2208 2659 2530 2724 confutare
2570 2657 2791 2721 lamia

317 2761 768 2825 dt'ssertazione
799 2779 906 2842 per
936 2760 1087 2824 bene
1126 2759 1222 2823 del
1267 2759 1555 2842 pubblico
1588 2780 1619 2824 e
1652 2762 1844 2826 anche
1881 2762 2238 2826 dell'anima
2268 2762 2414 2826 mia.
2441 2762 2513 2827 In
2552 2761 2788 2844 quanto

318 2865 380 2928 al
426 2865 647 2947 primo,
699 2863 889 2927 anche
939 2881 1044 2945 001·
1092 2863 1243 2926 bene
1289 2861 1386 2926 del
1434 2863 1722 2944 pubblico
1774 2865 1833 2929 10
1868 2865 1948 2929 110
1983 2866 2200 2930 scritto
2249 2885 2282 2928 e
2329 2865 2529 2929 ssrivo
2565 2865 2792 2928 accioc-

319 2967 429 3030 0110
481 2984 602 3030 000
651 2966 881 3029 restino
952 2965 1288 3046 illaqueate
1358 2965 1414 3029 le
1477 2967 1785 3031 coscienze
1833 2967 1911 3030 da
1959 2987 2040 3031 un
2089 2968 2293 3051 rigore
2340 2986 2463 3029 nm
2517 2966 2788 3047 imposto

320 3069 397 3134 da
451 3069 571 3133 Dio
621 3093 682 3131 ».

411 3170 505 3233 En
553 3170 765 3252 itaque
810 3170 1141 3234 manifesta
1189 3170 1370 3244 ratio,
1424 3169 1501 3232 ob
1548 3189 1737 3250 quarn
1787 3188 1835 3232 0.
1897 3170 2128 3233 Doctor
2175 3187 2310 3231 eam
2360 3169 2783 3250 probabilismi

318 3273 582 3358 partem,
610 3291 765 3354 quae
812 3272 1057 3337 licitum
1096 3271 1317 3334 asserit
1348 3289 1532 3334 usum
1572 3271 1880 3353 opinionis
1915 3271 2272 3352 probabilis,
2302 3271 2530 3335 omissa
2556 3271 2789 3335 tutiore

317 3396 512 3458 aeque
532 3376 856 3459 probabili,
884 3376 1261 3458 pertractare
1293 3377 1355 3439 et
1387 3374 1704 3439 defendere
1743 3393 1958 3438 rursus
1991 3378 2243 3440 coactus
2278 3377 2390 3440 est.

408 3480 514 3543 95.
554 3477 769 3560 Neque
818 3497 960 3542 vero
1010 3478 1179 3541 solus
1230 3477 1594 3541 Vincentius
1641 3477 1922 3554 Patuzzi,
1959 3477 2062 3541 sed
2112 3478 2272 3541 alius
2320 3478 2574 3559 quidam
2621 3478 2791 3541 Reli-

316 3584 532 3666 giosus
587 3581 917 3664 epistolam
972 3600 1080 3663 per
1126 3579 1281 3644 illud
1341 3584 1585 3662 tempus
1633 3579 1805 3644 dedit
1851 3579 1928 3644 ad
1990 3599 2038 3645 s.
2096 3581 2505 3662 Alphonsum‚
2555 3582 2618 3645 in
2666 3600 2792 3663 qua

316 3685 699 3769 praedictam
746 3683 1246 3748 dissertationem
1295 3703 1435 3747 anu.
1490 3683 1682 3746 1762.
1719 3683 1943 3747 acriter
1988 3683 2420 3768 impugnabat.
2460 3682 2518 3747 S.
2555 3685 2789 3747 Doctor

320 3786 574 3870 proinde
620 3785 833 3851 eodem
882 3784 1004 3849 fere
1051 3787 1327 3866 tempore
1376 3785 1638 3849 alteram
1693 3783 1991 3849 edendam
2038 3785 2392 3870 apologiam
2441 3785 2680 3850 censuit
2727 3786 2790 3848 et

318 3890 480 3955 hunc
519 3889 616 3952 illi
653 3887 938 3970 praefixit
984 3887 1279 3951 titulum:
1315 3887 1619 3966 Risposta
1663 3887 1752 3951 ad
1796 3908 1924 3950 una
1959 3887 2182 3951 lettera
2229 3887 2298 3949 di
2335 3908 2421 3950 un
2466 3887 2789 3968 Religioso

319 3993 487 4055 circa
519 3990 679 4054 Z’uso
710 3989 1149 4069 dell’ope'm'one
1186 3989 1569 4071 equalmente
1599 3988 1945 4069 probabile.
1980 3990 2063 4053 Et
2093 3990 2294 4073 reipsa
2325 3989 2488 4071 quod
2520 3989 2644 4053 ista
2677 3989 2792 4053 Re-

318 4093 533 4177 ligiosi
555 4091 819 4175 epistola
853 4092 1174 4175 speciatim
1200 4111 1272 4155 ac
1293 4092 1521 4156 directe
1548 4092 1953 4156 insectaretur
1986 4092 2211 4156 thesim
2235 4091 2308 4156 de
2335 4111 2452 4155 usu
2486 4089 2790 4174 opinionis

323 4215 515 4278 aeque
540 4194 901 4278 probabiIiS‚
930 4212 1052 4259 non
1083 4194 1286 4258 solum
1312 4193 1532 4257 suadet
1558 4195 1784 4258 titulus
1813 4194 2134 4277 appositus
2159 4193 2504 4278 Apologiae
2530 4214 2564 4257 a
2598 4213 2646 4256 s.
2671 4194 2794 4257 Do-

322 4299 509 4374 ctore,
546 4297 651 4362 sed
684 4316 961 4380 expresse
992 4297 1056 4360 id
1087 4297 1287 4361 elucet
1318 4316 1390 4360 ex
1421 4297 1517 4360 his
1551 4317 1599 4360 s.
1628 4297 1916 4360 Doctoris
1953 4298 2185 4362 verbis:
2213 4322 2248 4355 «
2268 4298 2339 4361 In
2368 4297 2566 4379 primo
2599 4297 2789 4380 luogo

321 4419 378 4463 v,
412 4401 607 4478 P.‚mi
654 4400 806 4476 dice,
841 4400 1318 4485 meravigliarsi‚
1353 4399 1445 4463 ch'
1469 4399 1529 4464 io
1579 4398 2004 4464 dimostrando
2054 4401 2118 4463 di
2152 4401 2248 4464 far
2294 4401 2500 4465 buona
2539 4400 2672 4464 vita
2715 4399 2792 4464 ed

322 4504 678 4587 esemplare‚
714 4506 902 4587 tenga
951 4504 1054 4586 poi
1100 4522 1225 4567 una
1257 4503 1533 4568 dottrina
1582 4521 1733 4585 poco
1768 4522 1920 4566 sana
1966 4503 2063 4568 col
2109 4503 2415 4568 difendere
2461 4504 2622 4568 l'uso
2670 4503 2792 4567 del·

322 4606 657 4689 l’opinione
689 4605 1081 4690 egualmente
1116 4605 1428 4688 probabile
1464 4631 1523 4669 ».
