<?xml version="1.0" encoding="UTF-8"?>
<!DOCTYPE html PUBLIC "-//W3C//DTD XHTML 1.0 Transitional//EN"
    "http://www.w3.org/TR/xhtml1/DTD/xhtml1-transitional.dtd">
<html xmlns="http://www.w3.org/1999/xhtml" xml:lang="en" lang="en">
 <head>
  <title>
</title>
<meta http-equiv="Content-Type" content="text/html;charset=utf-8" />
  <meta name='ocr-system' content='tesseract 3.04.00' />
  <meta name='ocr-capabilities' content='ocr_page ocr_carea ocr_par ocr_line ocrx_word'/>
</head>
<body>
  <div class='ocr_page' id='page_1' title='image "./opustheologicum00palmgoog/opustheologicum00palmgoog_0733.png"; bbox 0 0 3529 5158; ppageno 0'>
   <div class='ocr_carea' id='block_1_1' title="bbox 725 320 2373 376">
    <p class='ocr_par' dir='ltr' id='par_1_1' title="bbox 725 320 2373 376">
     <span class='ocr_line' id='line_1_1' title="bbox 725 320 2373 376; baseline -0.002 0"><span class='ocrx_word' id='word_1_1' title='bbox 725 320 832 376; x_wconf 82' lang='lat'>640</span> <span class='ocrx_word' id='word_1_2' title='bbox 1542 333 1858 373; x_wconf 62' lang='lat' dir='ltr'>urrunnun</span> <span class='ocrx_word' id='word_1_3' title='bbox 1897 334 1935 374; x_wconf 93' lang='lat'>1.</span> <span class='ocrx_word' id='word_1_4' title='bbox 1972 331 2373 373; x_wconf 63' lang='lat' dir='ltr'>mssmz‘rxrro</span> 
     </span>
    </p>
   </div>
   <div class='ocr_carea' id='block_1_2' title="bbox 723 428 3205 1537">
    <p class='ocr_par' dir='ltr' id='par_1_2' title="bbox 723 428 3205 1224">
     <span class='ocr_line' id='line_1_2' title="bbox 724 428 3198 514; baseline 0.001 -21"><span class='ocrx_word' id='word_1_5' title='bbox 724 429 893 511; x_wconf 76' lang='lat' dir='ltr'>quod</span> <span class='ocrx_word' id='word_1_6' title='bbox 932 431 1021 493; x_wconf 77' lang='lat' dir='ltr'>sit</span> <span class='ocrx_word' id='word_1_7' title='bbox 1063 450 1230 504; x_wconf 84' lang='lat' dir='ltr'>vera,</span> <span class='ocrx_word' id='word_1_8' title='bbox 1266 429 1416 494; x_wconf 86' lang='lat' dir='ltr'>adeo</span> <span class='ocrx_word' id='word_1_9' title='bbox 1467 432 1539 493; x_wconf 90' lang='lat' dir='ltr'>ut</span> <span class='ocrx_word' id='word_1_10' title='bbox 1587 429 1793 512; x_wconf 89' lang='lat' dir='ltr'>opinio</span> <span class='ocrx_word' id='word_1_11' title='bbox 1827 429 2137 493; x_wconf 86' lang='lat' dir='ltr'>contraria</span> <span class='ocrx_word' id='word_1_12' title='bbox 2169 446 2292 493; x_wconf 93' lang='lat' dir='ltr'>non</span> <span class='ocrx_word' id='word_1_13' title='bbox 2322 428 2522 511; x_wconf 80' lang='lat' dir='ltr'>possit</span> <span class='ocrx_word' id='word_1_14' title='bbox 2567 428 2785 492; x_wconf 85' lang='lat' dir='ltr'>haberi</span> <span class='ocrx_word' id='word_1_15' title='bbox 2831 449 2943 494; x_wconf 88' lang='lat' dir='ltr'>ceu</span> <span class='ocrx_word' id='word_1_16' title='bbox 2981 431 3198 514; x_wconf 84' lang='lat' dir='ltr'>proba-</span> 
     </span>
     <span class='ocr_line' id='line_1_3' title="bbox 725 531 3199 616; baseline 0 -19"><span class='ocrx_word' id='word_1_17' title='bbox 725 533 886 597; x_wconf 80' lang='lat' dir='ltr'>bilis,</span> <span class='ocrx_word' id='word_1_18' title='bbox 920 533 1021 596; x_wconf 88' lang='lat' dir='ltr'>Ita</span> <span class='ocrx_word' id='word_1_19' title='bbox 1068 552 1117 607; x_wconf 86' lang='lat' dir='ltr'>s.</span> <span class='ocrx_word' id='word_1_20' title='bbox 1153 533 1388 596; x_wconf 84' lang='lat' dir='ltr'>Doctor</span> <span class='ocrx_word' id='word_1_21' title='bbox 1426 532 1489 595; x_wconf 93' lang='lat' dir='ltr'>in</span> <span class='ocrx_word' id='word_1_22' title='bbox 1522 532 1784 595; x_wconf 87' lang='lat' dir='ltr'>Dissert.</span> <span class='ocrx_word' id='word_1_23' title='bbox 1827 551 1966 595; x_wconf 87' lang='lat' dir='ltr'>ann.</span> <span class='ocrx_word' id='word_1_24' title='bbox 2008 532 2198 595; x_wconf 87' lang='grc'><strong>1773.</strong></span> <span class='ocrx_word' id='word_1_25' title='bbox 2233 552 2292 595; x_wconf 84' lang='grc'>11.</span> <span class='ocrx_word' id='word_1_26' title='bbox 2331 533 2427 593; x_wconf 82' lang='grc'>2.;</span> <span class='ocrx_word' id='word_1_27' title='bbox 2464 555 2498 589; x_wconf 84' lang='grc'>&lt;&lt;</span> <span class='ocrx_word' id='word_1_28' title='bbox 2530 531 2685 595; x_wconf 87' lang='lat' dir='ltr'>Dico</span> <span class='ocrx_word' id='word_1_29' title='bbox 2720 532 2939 616; x_wconf 86' lang='lat' dir='ltr'>igitur,</span> <span class='ocrx_word' id='word_1_30' title='bbox 2975 552 3099 597; x_wconf 92' lang='lat' dir='ltr'>non</span> <span class='ocrx_word' id='word_1_31' title='bbox 3129 534 3199 596; x_wconf 90' lang='lat' dir='ltr'>li-</span> 
     </span>
     <span class='ocr_line' id='line_1_4' title="bbox 724 632 3196 717; baseline 0 -19"><span class='ocrx_word' id='word_1_32' title='bbox 724 653 856 698; x_wconf 91' lang='lat' dir='ltr'>cere</span> <span class='ocrx_word' id='word_1_33' title='bbox 903 636 1076 716; x_wconf 91' lang='lat' dir='ltr'>sequi</span> <span class='ocrx_word' id='word_1_34' title='bbox 1123 634 1476 716; x_wconf 85' lang='lat' dir='ltr'>opinionem</span> <span class='ocrx_word' id='word_1_35' title='bbox 1521 633 1726 697; x_wconf 85' lang='lat' dir='ltr'>minus</span> <span class='ocrx_word' id='word_1_36' title='bbox 1776 633 2177 716; x_wconf 87' lang='lat' dir='ltr'>probabilem,</span> <span class='ocrx_word' id='word_1_37' title='bbox 2228 652 2370 697; x_wconf 90' lang='lat' dir='ltr'>cum</span> <span class='ocrx_word' id='word_1_38' title='bbox 2426 632 2653 715; x_wconf 87' lang='lat' dir='ltr'>opinio,</span> <span class='ocrx_word' id='word_1_39' title='bbox 2704 653 2863 714; x_wconf 84' lang='lat' dir='ltr'>quae</span> <span class='ocrx_word' id='word_1_40' title='bbox 2910 636 3041 698; x_wconf 84' lang='lat' dir='ltr'>stat</span> <span class='ocrx_word' id='word_1_41' title='bbox 3085 654 3196 717; x_wconf 91' lang='lat' dir='ltr'>pro</span> 
     </span>
     <span class='ocr_line' id='line_1_5' title="bbox 724 735 3200 821; baseline 0.001 -21"><span class='ocrx_word' id='word_1_42' title='bbox 724 738 879 821; x_wconf 88' lang='lat' dir='ltr'>lege,</span> <span class='ocrx_word' id='word_1_43' title='bbox 915 740 1011 801; x_wconf 89' lang='lat' dir='ltr'>est</span> <span class='ocrx_word' id='word_1_44' title='bbox 1048 736 1407 801; x_wconf 76' lang='lat' dir='ltr'>notabiliter</span> <span class='ocrx_word' id='word_1_45' title='bbox 1440 738 1503 800; x_wconf 95' lang='lat' dir='ltr'>et</span> <span class='ocrx_word' id='word_1_46' title='bbox 1548 737 1711 799; x_wconf 90' lang='lat' dir='ltr'>certe</span> <span class='ocrx_word' id='word_1_47' title='bbox 1757 736 2154 819; x_wconf 83' lang='lat' dir='ltr'>probabilior.</span> <span class='ocrx_word' id='word_1_48' title='bbox 2190 736 2364 799; x_wconf 89' lang='lat' dir='ltr'>Tunc</span> <span class='ocrx_word' id='word_1_49' title='bbox 2402 736 2564 799; x_wconf 88' lang='lat' dir='ltr'>enim</span> <span class='ocrx_word' id='word_1_50' title='bbox 2599 735 2806 819; x_wconf 89' lang='lat' dir='ltr'>opinio</span> <span class='ocrx_word' id='word_1_51' title='bbox 2847 736 3046 801; x_wconf 90' lang='lat' dir='ltr'>tutior</span> <span class='ocrx_word' id='word_1_52' title='bbox 3078 756 3200 802; x_wconf 90' lang='lat' dir='ltr'>non</span> 
     </span>
     <span class='ocr_line' id='line_1_6' title="bbox 725 837 3203 923; baseline -0 -19"><span class='ocrx_word' id='word_1_53' title='bbox 725 842 820 904; x_wconf 85' lang='lat' dir='ltr'>est</span> <span class='ocrx_word' id='word_1_54' title='bbox 858 840 986 903; x_wconf 85' lang='lat' dir='ltr'>iam</span> <span class='ocrx_word' id='word_1_55' title='bbox 1018 839 1225 915; x_wconf 88' lang='lat' dir='ltr'>dubia,</span> <span class='ocrx_word' id='word_1_56' title='bbox 1260 838 1661 923; x_wconf 88' lang='lat' dir='ltr'>intelligendo</span> <span class='ocrx_word' id='word_1_57' title='bbox 1697 838 1770 902; x_wconf 89' lang='lat' dir='ltr'>de</span> <span class='ocrx_word' id='word_1_58' title='bbox 1817 837 2004 902; x_wconf 92' lang='lat' dir='ltr'>dubio</span> <span class='ocrx_word' id='word_1_59' title='bbox 2045 839 2259 903; x_wconf 86' lang='lat' dir='ltr'>stricte</span> <span class='ocrx_word' id='word_1_60' title='bbox 2307 840 2580 922; x_wconf 91' lang='lat' dir='ltr'>sumpto,</span> <span class='ocrx_word' id='word_1_61' title='bbox 2616 838 2722 903; x_wconf 88' lang='lat' dir='ltr'>sed</span> <span class='ocrx_word' id='word_1_62' title='bbox 2752 841 2848 902; x_wconf 90' lang='lat' dir='ltr'>est</span> <span class='ocrx_word' id='word_1_63' title='bbox 2876 840 3203 904; x_wconf 82' lang='lat' dir='ltr'>moraliter</span> 
     </span>
     <span class='ocr_line' id='line_1_7' title="bbox 726 939 3202 1024; baseline -0.001 -18"><span class='ocrx_word' id='word_1_64' title='bbox 726 943 839 1007; x_wconf 86' lang='lat' dir='ltr'>aut</span> <span class='ocrx_word' id='word_1_65' title='bbox 874 941 1056 1024; x_wconf 85' lang='lat' dir='ltr'>quasi</span> <span class='ocrx_word' id='word_1_66' title='bbox 1102 941 1423 1006; x_wconf 75' lang='lat' dir='ltr'>moraliter</span> <span class='ocrx_word' id='word_1_67' title='bbox 1469 944 1657 1015; x_wconf 84' lang='lat' dir='ltr'>certa,</span> <span class='ocrx_word' id='word_1_68' title='bbox 1692 960 1835 1004; x_wconf 89' lang='lat' dir='ltr'>cum</span> <span class='ocrx_word' id='word_1_69' title='bbox 1883 959 1991 1023; x_wconf 88' lang='lat' dir='ltr'>pro</span> <span class='ocrx_word' id='word_1_70' title='bbox 2040 960 2105 1004; x_wconf 82' lang='lat' dir='ltr'>se</span> <span class='ocrx_word' id='word_1_71' title='bbox 2149 939 2628 1018; x_wconf 76' lang='lat' dir='ltr'>fundamentum</span> <span class='ocrx_word' id='word_1_72' title='bbox 2673 944 2910 1003; x_wconf 79' lang='lat' dir='ltr'>certam</span> <span class='ocrx_word' id='word_1_73' title='bbox 2954 939 3202 1015; x_wconf 76' lang='lat' dir='ltr'>habeat,</span> 
     </span>
     <span class='ocr_line' id='line_1_8' title="bbox 726 1042 3205 1125; baseline 0 -19"><span class='ocrx_word' id='word_1_74' title='bbox 726 1045 928 1124; x_wconf 79' lang='lat' dir='ltr'>ipsam</span> <span class='ocrx_word' id='word_1_75' title='bbox 973 1064 1103 1109; x_wconf 81' lang='lat' dir='ltr'>esse</span> <span class='ocrx_word' id='word_1_76' title='bbox 1142 1064 1368 1107; x_wconf 82' lang='lat' dir='ltr'>veram.</span> <span class='ocrx_word' id='word_1_77' title='bbox 1404 1043 1579 1107; x_wconf 87' lang='lat' dir='ltr'>Unde</span> <span class='ocrx_word' id='word_1_78' title='bbox 1610 1044 1703 1118; x_wconf 88' lang='lat' dir='ltr'>fit,</span> <span class='ocrx_word' id='word_1_79' title='bbox 1737 1042 1903 1124; x_wconf 90' lang='lat' dir='ltr'>quod</span> <span class='ocrx_word' id='word_1_80' title='bbox 1939 1043 2144 1125; x_wconf 88' lang='lat' dir='ltr'>opinio</span> <span class='ocrx_word' id='word_1_81' title='bbox 2185 1044 2390 1106; x_wconf 84' lang='lat' dir='ltr'>minus</span> <span class='ocrx_word' id='word_1_82' title='bbox 2440 1043 2580 1107; x_wconf 84' lang='lat' dir='ltr'>tuta</span> <span class='ocrx_word' id='word_1_83' title='bbox 2625 1044 2906 1107; x_wconf 84' lang='lat' dir='ltr'>remanet</span> <span class='ocrx_word' id='word_1_84' title='bbox 2932 1044 3205 1107; x_wconf 66' lang='lat' dir='ltr'>tenuiter</span> 
     </span>
     <span class='ocr_line' id='line_1_9' title="bbox 723 1144 2389 1224; baseline -0.001 -15"><span class='ocrx_word' id='word_1_85' title='bbox 723 1149 839 1209; x_wconf 82' lang='lat' dir='ltr'>aut</span> <span class='ocrx_word' id='word_1_86' title='bbox 864 1145 1087 1209; x_wconf 80' lang='lat' dir='ltr'>saltem</span> <span class='ocrx_word' id='word_1_87' title='bbox 1124 1145 1307 1208; x_wconf 77' lang='lat' dir='ltr'>dubie</span> <span class='ocrx_word' id='word_1_88' title='bbox 1325 1144 1684 1224; x_wconf 72' lang='lat' dir='ltr'>probabilis</span> <span class='ocrx_word' id='word_1_89' title='bbox 1719 1148 2001 1223; x_wconf 72' lang='lat' dir='ltr'>respectu</span> <span class='ocrx_word' id='word_1_90' title='bbox 2042 1145 2291 1208; x_wconf 73' lang='lat' dir='ltr'>tutioris</span> <span class='ocrx_word' id='word_1_91' title='bbox 2329 1169 2389 1207; x_wconf 90' lang='lat'>».</span> 
     </span>
    </p>

    <p class='ocr_par' dir='ltr' id='par_1_3' title="bbox 725 1246 3204 1537">
     <span class='ocr_line' id='line_1_10' title="bbox 821 1246 3203 1330; baseline 0 -19"><span class='ocrx_word' id='word_1_92' title='bbox 821 1249 922 1311; x_wconf 88' lang='lat'>10.</span> <span class='ocrx_word' id='word_1_93' title='bbox 962 1247 1234 1325; x_wconf 80' lang='lat' dir='ltr'>Accedit,</span> <span class='ocrx_word' id='word_1_94' title='bbox 1285 1247 1450 1329; x_wconf 89' lang='lat' dir='ltr'>quod</span> <span class='ocrx_word' id='word_1_95' title='bbox 1497 1267 1568 1311; x_wconf 77' lang='lat' dir='ltr'>ex</span> <span class='ocrx_word' id='word_1_96' title='bbox 1615 1248 1820 1311; x_wconf 88' lang='lat' dir='ltr'>mente</span> <span class='ocrx_word' id='word_1_97' title='bbox 1867 1267 1915 1310; x_wconf 89' lang='lat' dir='ltr'>s.</span> <span class='ocrx_word' id='word_1_98' title='bbox 1965 1246 2254 1311; x_wconf 82' lang='lat' dir='ltr'>Doctoris</span> <span class='ocrx_word' id='word_1_99' title='bbox 2303 1246 2366 1310; x_wconf 88' lang='lat' dir='ltr'>vi</span> <span class='ocrx_word' id='word_1_100' title='bbox 2413 1246 2718 1329; x_wconf 80' lang='lat' dir='ltr'>opinionis</span> <span class='ocrx_word' id='word_1_101' title='bbox 2765 1248 3203 1330; x_wconf 83' lang='lat' dir='ltr'>probabilioris</span> 
     </span>
     <span class='ocr_line' id='line_1_11' title="bbox 725 1348 3204 1433; baseline 0 -19"><span class='ocrx_word' id='word_1_102' title='bbox 725 1352 844 1415; x_wconf 90' lang='lat' dir='ltr'>hoc</span> <span class='ocrx_word' id='word_1_103' title='bbox 890 1369 1071 1414; x_wconf 90' lang='lat' dir='ltr'>sensu</span> <span class='ocrx_word' id='word_1_104' title='bbox 1119 1350 1369 1432; x_wconf 86' lang='lat' dir='ltr'>speciali</span> <span class='ocrx_word' id='word_1_105' title='bbox 1419 1350 1703 1431; x_wconf 82' lang='lat' dir='ltr'>acceptae</span> <span class='ocrx_word' id='word_1_106' title='bbox 1739 1349 1838 1412; x_wconf 81' lang='lat' dir='ltr'>lex</span> <span class='ocrx_word' id='word_1_107' title='bbox 1869 1348 1990 1412; x_wconf 90' lang='lat' dir='ltr'>dici</span> <span class='ocrx_word' id='word_1_108' title='bbox 2023 1348 2221 1432; x_wconf 84' lang='lat' dir='ltr'>possit</span> <span class='ocrx_word' id='word_1_109' title='bbox 2259 1368 2328 1412; x_wconf 87' lang='grc'>00</span> <span class='ocrx_word' id='word_1_110' title='bbox 2375 1348 2594 1413; x_wconf 86' lang='lat' dir='ltr'>debeat</span> <span class='ocrx_word' id='word_1_111' title='bbox 2641 1349 3024 1414; x_wconf 81' lang='lat' dir='ltr'>sufficienter</span> <span class='ocrx_word' id='word_1_112' title='bbox 3071 1369 3204 1433; x_wconf 90' lang='lat' dir='ltr'>pro-</span> 
     </span>
     <span class='ocr_line' id='line_1_12' title="bbox 725 1450 3200 1537; baseline -0 -20"><span class='ocrx_word' id='word_1_113' title='bbox 725 1454 1032 1537; x_wconf 86' lang='lat' dir='ltr'>mulgata.</span> <span class='ocrx_word' id='word_1_114' title='bbox 1061 1454 1161 1516; x_wconf 84' lang='lat' dir='ltr'>Ita</span> <span class='ocrx_word' id='word_1_115' title='bbox 1194 1472 1243 1517; x_wconf 83' lang='lat' dir='ltr'>s.</span> <span class='ocrx_word' id='word_1_116' title='bbox 1264 1453 1499 1516; x_wconf 89' lang='lat' dir='ltr'>Doctor</span> <span class='ocrx_word' id='word_1_117' title='bbox 1531 1452 1593 1516; x_wconf 90' lang='lat' dir='ltr'>in</span> <span class='ocrx_word' id='word_1_118' title='bbox 1622 1451 1812 1516; x_wconf 86' lang='lat' dir='ltr'>tertia</span> <span class='ocrx_word' id='word_1_119' title='bbox 1845 1454 2061 1516; x_wconf 86' lang='lat' dir='ltr'>contra</span> <span class='ocrx_word' id='word_1_120' title='bbox 2086 1451 2416 1515; x_wconf 83' lang='lat' dir='ltr'>Patutium</span> <span class='ocrx_word' id='word_1_121' title='bbox 2449 1451 2740 1536; x_wconf 85' lang='lat' dir='ltr'>apologia</span> <span class='ocrx_word' id='word_1_122' title='bbox 2765 1472 2824 1515; x_wconf 92' lang='lat' dir='ltr'>n.</span> <span class='ocrx_word' id='word_1_123' title='bbox 2853 1453 2962 1515; x_wconf 83' lang='lat'>48.</span> <span class='ocrx_word' id='word_1_124' title='bbox 2987 1476 3000 1516; x_wconf 80' lang='lat' dir='ltr'>z</span> <span class='ocrx_word' id='word_1_125' title='bbox 3027 1478 3063 1511; x_wconf 68' lang='grc' dir='ltr'>«ι</span> <span class='ocrx_word' id='word_1_126' title='bbox 3082 1450 3200 1532; x_wconf 82' lang='lat' dir='ltr'>Qui</span> 
     </span>
    </p>
   </div>
   <div class='ocr_carea' id='block_1_3' title="bbox 726 1559 3202 2050">
    <p class='ocr_par' dir='ltr' id='par_1_4' title="bbox 726 1559 3202 2050">
     <span class='ocr_line' id='line_1_13' title="bbox 727 1559 3202 1644; baseline 0.001 -20"><span class='ocrx_word' id='word_1_127' title='bbox 727 1560 1007 1644; x_wconf 87' lang='lat' dir='ltr'>bisogna,</span> <span class='ocrx_word' id='word_1_128' title='bbox 1041 1562 1151 1624; x_wconf 89' lang='lat' dir='ltr'>che</span> <span class='ocrx_word' id='word_1_129' title='bbox 1197 1561 1257 1625; x_wconf 92' lang='lat' dir='ltr'>io</span> <span class='ocrx_word' id='word_1_130' title='bbox 1308 1562 1563 1624; x_wconf 82' lang='lat' dir='ltr'>avverta</span> <span class='ocrx_word' id='word_1_131' title='bbox 1610 1580 1734 1624; x_wconf 87' lang='grc' dir='ltr'><strong>111ιο</strong></span> <span class='ocrx_word' id='word_1_132' title='bbox 1782 1577 1927 1623; x_wconf 78' lang='lat' dir='ltr'>cosa</span> <span class='ocrx_word' id='word_1_133' title='bbox 1963 1559 2124 1623; x_wconf 86' lang='lat' dir='ltr'>circa</span> <span class='ocrx_word' id='word_1_134' title='bbox 2170 1560 2218 1622; x_wconf 87' lang='lat' dir='ltr'>il</span> <span class='ocrx_word' id='word_1_135' title='bbox 2266 1559 2555 1624; x_wconf 88' lang='lat' dir='ltr'>suddetto</span> <span class='ocrx_word' id='word_1_136' title='bbox 2603 1559 2730 1623; x_wconf 91' lang='lat' dir='ltr'>mio</span> <span class='ocrx_word' id='word_1_137' title='bbox 2779 1560 3058 1639; x_wconf 84' lang='lat' dir='ltr'>sistema,</span> <span class='ocrx_word' id='word_1_138' title='bbox 3092 1561 3202 1626; x_wconf 83' lang='lat' dir='ltr'>che</span> 
     </span>
     <span class='ocr_line' id='line_1_14' title="bbox 729 1660 3195 1746; baseline 0 -20"><span class='ocrx_word' id='word_1_139' title='bbox 729 1662 843 1726; x_wconf 90' lang='lat' dir='ltr'>ben</span> <span class='ocrx_word' id='word_1_140' title='bbox 867 1662 974 1726; x_wconf 89' lang='lat' dir='ltr'>dee</span> <span class='ocrx_word' id='word_1_141' title='bbox 999 1662 1433 1746; x_wconf 78' lang='lat' dir='ltr'>specialmente</span> <span class='ocrx_word' id='word_1_142' title='bbox 1460 1661 1851 1725; x_wconf 82' lang='lat' dir='ltr'>avvertirsi...</span> <span class='ocrx_word' id='word_1_143' title='bbox 1879 1660 2136 1741; x_wconf 82' lang='lat' dir='ltr'>Quando</span> <span class='ocrx_word' id='word_1_144' title='bbox 2168 1662 2454 1725; x_wconf 85' lang='lat' dir='ltr'>l&#39;eccesso</span> <span class='ocrx_word' id='word_1_145' title='bbox 2480 1660 2641 1725; x_wconf 86' lang='lat' dir='ltr'>fosse</span> <span class='ocrx_word' id='word_1_146' title='bbox 2665 1662 2919 1743; x_wconf 83' lang='lat' dir='ltr'>patente</span> <span class='ocrx_word' id='word_1_147' title='bbox 2945 1683 2978 1726; x_wconf 93' lang='lat' dir='ltr'>e</span> <span class='ocrx_word' id='word_1_148' title='bbox 3008 1664 3195 1739; x_wconf 84' lang='lat' dir='ltr'>certo,</span> 
     </span>
     <span class='ocr_line' id='line_1_15' title="bbox 726 1761 3199 1847; baseline 0 -20"><span class='ocrx_word' id='word_1_149' title='bbox 726 1763 922 1828; x_wconf 86' lang='lat' dir='ltr'>allora</span> <span class='ocrx_word' id='word_1_150' title='bbox 968 1764 1304 1846; x_wconf 80' lang='lat' dir='ltr'>l’opinione</span> <span class='ocrx_word' id='word_1_151' title='bbox 1341 1783 1449 1846; x_wconf 88' lang='lat' dir='ltr'>per</span> <span class='ocrx_word' id='word_1_152' title='bbox 1494 1763 1557 1826; x_wconf 89' lang='lat' dir='ltr'>la</span> <span class='ocrx_word' id='word_1_153' title='bbox 1604 1763 1784 1847; x_wconf 88' lang='lat' dir='ltr'>legge</span> <span class='ocrx_word' id='word_1_154' title='bbox 1832 1769 1863 1826; x_wconf 77' lang='grc' dir='ltr'><em>ὲ</em></span> <span class='ocrx_word' id='word_1_155' title='bbox 1910 1766 2280 1826; x_wconf 77' lang='lat' dir='ltr'>certamente</span> <span class='ocrx_word' id='word_1_156' title='bbox 2327 1783 2359 1825; x_wconf 84' lang='lat' dir='ltr'>e</span> <span class='ocrx_word' id='word_1_157' title='bbox 2404 1761 2592 1827; x_wconf 78' lang='lat' dir='ltr'>molto</span> <span class='ocrx_word' id='word_1_158' title='bbox 2610 1764 2733 1842; x_wconf 64' lang='lat' dir='ltr'>pia</span> <span class='ocrx_word' id='word_1_159' title='bbox 2749 1763 3120 1843; x_wconf 76' lang='lat' dir='ltr'>probabile:</span> <span class='ocrx_word' id='word_1_160' title='bbox 3167 1785 3199 1827; x_wconf 88' lang='lat' dir='ltr'>e</span> 
     </span>
     <span class='ocr_line' id='line_1_16' title="bbox 726 1864 3200 1949; baseline 0 -21"><span class='ocrx_word' id='word_1_161' title='bbox 726 1866 1120 1939; x_wconf 86' lang='lat' dir='ltr'>stabiliscasi‚</span> <span class='ocrx_word' id='word_1_162' title='bbox 1154 1866 1263 1929; x_wconf 91' lang='lat' dir='ltr'>che</span> <span class='ocrx_word' id='word_1_163' title='bbox 1295 1864 1542 1947; x_wconf 86' lang='lat' dir='ltr'>quando</span> <span class='ocrx_word' id='word_1_164' title='bbox 1582 1865 1918 1947; x_wconf 87' lang='lat' dir='ltr'>l&#39;opinione</span> <span class='ocrx_word' id='word_1_165' title='bbox 1954 1884 2062 1947; x_wconf 91' lang='lat' dir='ltr'>per</span> <span class='ocrx_word' id='word_1_166' title='bbox 2092 1866 2154 1928; x_wconf 86' lang='lat' dir='ltr'>la</span> <span class='ocrx_word' id='word_1_167' title='bbox 2201 1865 2381 1949; x_wconf 85' lang='lat' dir='ltr'>legge</span> <span class='ocrx_word' id='word_1_168' title='bbox 2428 1867 2460 1928; x_wconf 77' lang='grc'>0</span> <span class='ocrx_word' id='word_1_169' title='bbox 2508 1867 2884 1929; x_wconf 85' lang='lat' dir='ltr'>certamente</span> <span class='ocrx_word' id='word_1_170' title='bbox 2921 1866 3035 1948; x_wconf 73' lang='lat' dir='ltr'>piu</span> <span class='ocrx_word' id='word_1_171' title='bbox 3066 1885 3200 1948; x_wconf 92' lang='lat' dir='ltr'>pro-</span> 
     </span>
     <span class='ocr_line' id='line_1_17' title="bbox 726 1966 3197 2050; baseline 0 -18"><span class='ocrx_word' id='word_1_172' title='bbox 726 1967 948 2041; x_wconf 83' lang='lat' dir='ltr'>babile,</span> <span class='ocrx_word' id='word_1_173' title='bbox 984 1968 1181 2032; x_wconf 87' lang='lat' dir='ltr'>allora</span> <span class='ocrx_word' id='word_1_174' title='bbox 1229 1971 1260 2031; x_wconf 80' lang='lat' dir='ltr'>e</span> <span class='ocrx_word' id='word_1_175' title='bbox 1295 1967 1485 2030; x_wconf 84' lang='lat' dir='ltr'>anche</span> <span class='ocrx_word' id='word_1_176' title='bbox 1522 1967 1719 2030; x_wconf 88' lang='lat' dir='ltr'>molto</span> <span class='ocrx_word' id='word_1_177' title='bbox 1753 1967 1862 2049; x_wconf 78' lang='lat' dir='ltr'>piu</span> <span class='ocrx_word' id='word_1_178' title='bbox 1892 1966 2237 2049; x_wconf 85' lang='lat' dir='ltr'>probabile:</span> <span class='ocrx_word' id='word_1_179' title='bbox 2279 1967 2388 2031; x_wconf 90' lang='lat' dir='ltr'>che</span> <span class='ocrx_word' id='word_1_180' title='bbox 2435 1966 2637 2050; x_wconf 81' lang='lat' dir='ltr'>percio</span> <span class='ocrx_word' id='word_1_181' title='bbox 2688 1967 2906 2047; x_wconf 81' lang='lat' dir='ltr'>allora,</span> <span class='ocrx_word' id='word_1_182' title='bbox 2941 1987 3116 2032; x_wconf 90' lang='lat' dir='ltr'>come</span> <span class='ocrx_word' id='word_1_183' title='bbox 3148 1968 3197 2032; x_wconf 88' lang='lat' dir='ltr'>si</span> 
     </span>
    </p>
   </div>
   <div class='ocr_carea' id='block_1_4' title="bbox 725 2067 3316 2172">
    <p class='ocr_par' dir='ltr' id='par_1_5' title="bbox 725 2067 3316 2172">
     <span class='ocr_line' id='line_1_18' title="bbox 725 2067 3316 2172; baseline 0.001 -39"><span class='ocrx_word' id='word_1_184' title='bbox 725 2069 884 2133; x_wconf 79' lang='lat' dir='ltr'>disse</span> <span class='ocrx_word' id='word_1_185' title='bbox 931 2068 1011 2131; x_wconf 83' lang='lat' dir='ltr'>da</span> <span class='ocrx_word' id='word_1_186' title='bbox 1056 2068 1378 2152; x_wconf 90' lang='lat' dir='ltr'>principio,</span> <span class='ocrx_word' id='word_1_187' title='bbox 1416 2068 1480 2131; x_wconf 80' lang='lat' dir='ltr'>la</span> <span class='ocrx_word' id='word_1_188' title='bbox 1528 2067 1699 2150; x_wconf 70' lang='lat' dir='ltr'>leyye</span> <span class='ocrx_word' id='word_1_189' title='bbox 1748 2075 1780 2131; x_wconf 78' lang='grc' dir='ltr'>ἐ</span> <span class='ocrx_word' id='word_1_190' title='bbox 1826 2068 2230 2132; x_wconf 79' lang='lat' dir='ltr'>moralnwnte</span> <span class='ocrx_word' id='word_1_191' title='bbox 2266 2070 2376 2150; x_wconf 63' lang='lat' dir='ltr'>,qia</span> <span class='ocrx_word' id='word_1_192' title='bbox 2397 2067 2808 2149; x_wconf 73' lang='lat' dir='ltr'>promulyata</span> <span class='ocrx_word' id='word_1_193' title='bbox 2838 2088 2871 2132; x_wconf 88' lang='grc'>0</span> <span class='ocrx_word' id='word_1_194' title='bbox 2909 2072 3198 2152; x_wconf 82' lang='lat' dir='ltr'>pertanto</span> <span class='ocrx_word' id='word_1_195' title='bbox 3307 2163 3316 2172; x_wconf 88' lang='lat'>.</span> 
     </span>
    </p>
   </div>
   <div class='ocr_carea' id='block_1_5' title="bbox 724 2171 3198 4305">
    <p class='ocr_par' dir='ltr' id='par_1_6' title="bbox 725 2171 1226 2256">
     <span class='ocr_line' id='line_1_19' title="bbox 725 2171 1226 2256; baseline 0 -22"><span class='ocrx_word' id='word_1_196' title='bbox 725 2172 833 2256; x_wconf 74' lang='lat' dir='ltr'>gia</span> <span class='ocrx_word' id='word_1_197' title='bbox 880 2171 1131 2256; x_wconf 86' lang='lat' dir='ltr'>obbliga</span> <span class='ocrx_word' id='word_1_198' title='bbox 1165 2197 1226 2234; x_wconf 90' lang='lat'>».</span> 
     </span>
    </p>

    <p class='ocr_par' dir='ltr' id='par_1_7' title="bbox 725 2270 3198 3282">
     <span class='ocr_line' id='line_1_20' title="bbox 815 2270 3196 2357; baseline 0 -20"><span class='ocrx_word' id='word_1_199' title='bbox 815 2273 897 2337; x_wconf 84' lang='lat' dir='ltr'>Et</span> <span class='ocrx_word' id='word_1_200' title='bbox 928 2274 1078 2338; x_wconf 86' lang='lat' dir='ltr'>haec</span> <span class='ocrx_word' id='word_1_201' title='bbox 1125 2273 1374 2355; x_wconf 90' lang='lat' dir='ltr'>quidem</span> <span class='ocrx_word' id='word_1_202' title='bbox 1421 2294 1469 2338; x_wconf 89' lang='lat' dir='ltr'>s.</span> <span class='ocrx_word' id='word_1_203' title='bbox 1511 2275 1745 2339; x_wconf 87' lang='lat' dir='ltr'>Doctor</span> <span class='ocrx_word' id='word_1_204' title='bbox 1780 2274 2009 2357; x_wconf 88' lang='lat' dir='ltr'>repetit</span> <span class='ocrx_word' id='word_1_205' title='bbox 2047 2274 2111 2336; x_wconf 88' lang='lat' dir='ltr'>in</span> <span class='ocrx_word' id='word_1_206' title='bbox 2144 2272 2394 2336; x_wconf 71' lang='lat' dir='ltr'>Marah·</span> <span class='ocrx_word' id='word_1_207' title='bbox 2424 2270 2771 2355; x_wconf 75' lang='lat' dir='ltr'>Systemate</span> <span class='ocrx_word' id='word_1_208' title='bbox 2817 2292 2951 2336; x_wconf 86' lang='lat' dir='ltr'>ann.</span> <span class='ocrx_word' id='word_1_209' title='bbox 2999 2274 3196 2337; x_wconf 85' lang='lat'>1785.</span> 
     </span>
     <span class='ocr_line' id='line_1_21' title="bbox 726 2373 3196 2459; baseline 0 -20"><span class='ocrx_word' id='word_1_210' title='bbox 726 2397 785 2440; x_wconf 90' lang='lat' dir='ltr'>n.</span> <span class='ocrx_word' id='word_1_211' title='bbox 823 2376 926 2440; x_wconf 83' lang='lat'>88.</span> <span class='ocrx_word' id='word_1_212' title='bbox 954 2376 1271 2458; x_wconf 84' lang='lat' dir='ltr'>inquiens:</span> <span class='ocrx_word' id='word_1_213' title='bbox 1308 2401 1342 2433; x_wconf 83' lang='lat'>«</span> <span class='ocrx_word' id='word_1_214' title='bbox 1368 2374 1485 2439; x_wconf 85' lang='lat' dir='ltr'>Sed</span> <span class='ocrx_word' id='word_1_215' title='bbox 1525 2377 1668 2439; x_wconf 88' lang='lat' dir='ltr'>huic</span> <span class='ocrx_word' id='word_1_216' title='bbox 1708 2376 2087 2459; x_wconf 87' lang='lat' dir='ltr'>oppositioni</span> <span class='ocrx_word' id='word_1_217' title='bbox 2117 2375 2380 2457; x_wconf 86' lang='lat' dir='ltr'>(scilicet</span> <span class='ocrx_word' id='word_1_218' title='bbox 2415 2374 2888 2457; x_wconf 87' lang='lat' dir='ltr'>Ephemeridum</span> <span class='ocrx_word' id='word_1_219' title='bbox 2923 2373 3196 2439; x_wconf 84' lang='lat' dir='ltr'>Gallica·</span> 
     </span>
     <span class='ocr_line' id='line_1_22' title="bbox 725 2476 3198 2560; baseline -0 -18"><span class='ocrx_word' id='word_1_220' title='bbox 725 2479 977 2560; x_wconf 88' lang='lat' dir='ltr'>narum)</span> <span class='ocrx_word' id='word_1_221' title='bbox 1012 2478 1140 2541; x_wconf 86' lang='lat' dir='ltr'>iam</span> <span class='ocrx_word' id='word_1_222' title='bbox 1173 2479 1238 2542; x_wconf 90' lang='lat' dir='ltr'>in</span> <span class='ocrx_word' id='word_1_223' title='bbox 1276 2478 1434 2541; x_wconf 86' lang='lat' dir='ltr'>libro</span> <span class='ocrx_word' id='word_1_224' title='bbox 1474 2496 1609 2541; x_wconf 88' lang='grc'><strong>11100</strong></span> <span class='ocrx_word' id='word_1_225' title='bbox 1644 2479 1899 2560; x_wconf 87' lang='lat' dir='ltr'>praeivi,</span> <span class='ocrx_word' id='word_1_226' title='bbox 1935 2480 2235 2554; x_wconf 77' lang='lat' dir='ltr'>statuenS,</span> <span class='ocrx_word' id='word_1_227' title='bbox 2272 2477 2436 2559; x_wconf 89' lang='lat' dir='ltr'>quod</span> <span class='ocrx_word' id='word_1_228' title='bbox 2471 2478 2579 2541; x_wconf 90' lang='lat' dir='ltr'>ubi</span> <span class='ocrx_word' id='word_1_229' title='bbox 2611 2477 2787 2541; x_wconf 88' lang='lat' dir='ltr'>adest</span> <span class='ocrx_word' id='word_1_230' title='bbox 2818 2476 3198 2560; x_wconf 82' lang='lat' dir='ltr'>probabilior</span> 
     </span>
     <span class='ocr_line' id='line_1_23' title="bbox 728 2581 3198 2666; baseline -0 -21"><span class='ocrx_word' id='word_1_231' title='bbox 728 2583 934 2665; x_wconf 90' lang='lat' dir='ltr'>opinio</span> <span class='ocrx_word' id='word_1_232' title='bbox 974 2601 1083 2664; x_wconf 89' lang='lat' dir='ltr'>pro</span> <span class='ocrx_word' id='word_1_233' title='bbox 1132 2582 1287 2665; x_wconf 86' lang='lat' dir='ltr'>lege,</span> <span class='ocrx_word' id='word_1_234' title='bbox 1339 2583 1488 2645; x_wconf 84' lang='lat' dir='ltr'>tunc</span> <span class='ocrx_word' id='word_1_235' title='bbox 1532 2582 1628 2645; x_wconf 82' lang='lat' dir='ltr'>lex</span> <span class='ocrx_word' id='word_1_236' title='bbox 1676 2585 1771 2646; x_wconf 89' lang='lat' dir='ltr'>est</span> <span class='ocrx_word' id='word_1_237' title='bbox 1817 2581 2140 2644; x_wconf 76' lang='lat' dir='ltr'>moraliter</span> <span class='ocrx_word' id='word_1_238' title='bbox 2173 2581 2581 2662; x_wconf 73' lang='lat' dir='ltr'>promalyata</span> <span class='ocrx_word' id='word_1_239' title='bbox 2627 2581 2887 2663; x_wconf 87' lang='lat' dir='ltr'>ideoque</span> <span class='ocrx_word' id='word_1_240' title='bbox 2935 2581 3198 2666; x_wconf 70' lang='lat' dir='ltr'>obligat,</span> 
     </span>
     <span class='ocr_line' id='line_1_24' title="bbox 726 2684 3197 2769; baseline 0.001 -22"><span class='ocrx_word' id='word_1_241' title='bbox 726 2704 848 2748; x_wconf 92' lang='lat' dir='ltr'>non</span> <span class='ocrx_word' id='word_1_242' title='bbox 882 2685 1167 2749; x_wconf 87' lang='lat' dir='ltr'>obstante</span> <span class='ocrx_word' id='word_1_243' title='bbox 1198 2685 1307 2749; x_wconf 86' lang='grc'><strong>1110</strong></span> <span class='ocrx_word' id='word_1_244' title='bbox 1357 2685 1544 2750; x_wconf 90' lang='lat' dir='ltr'>dubio</span> <span class='ocrx_word' id='word_1_245' title='bbox 1594 2686 1724 2749; x_wconf 89' lang='lat' dir='ltr'>lato</span> <span class='ocrx_word' id='word_1_246' title='bbox 1774 2705 1882 2767; x_wconf 87' lang='lat' dir='ltr'>pro</span> <span class='ocrx_word' id='word_1_247' title='bbox 1934 2685 2218 2767; x_wconf 89' lang='lat' dir='ltr'>opinione</span> <span class='ocrx_word' id='word_1_248' title='bbox 2265 2684 2643 2769; x_wconf 84' lang='lat' dir='ltr'>benigniori3</span> <span class='ocrx_word' id='word_1_249' title='bbox 2681 2685 2786 2747; x_wconf 89' lang='grc'><strong>11111</strong></span> <span class='ocrx_word' id='word_1_250' title='bbox 2834 2685 3003 2748; x_wconf 84' lang='grc'><strong>0111111</strong></span> <span class='ocrx_word' id='word_1_251' title='bbox 3051 2685 3197 2749; x_wconf 82' lang='lat' dir='ltr'>veri-</span> 
     </span>
     <span class='ocr_line' id='line_1_25' title="bbox 726 2788 3195 2871; baseline 0 -19"><span class='ocrx_word' id='word_1_252' title='bbox 726 2789 924 2852; x_wconf 87' lang='lat' dir='ltr'>tatem</span> <span class='ocrx_word' id='word_1_253' title='bbox 971 2789 1205 2851; x_wconf 86' lang='lat' dir='ltr'>certam</span> <span class='ocrx_word' id='word_1_254' title='bbox 1253 2805 1374 2851; x_wconf 88' lang='lat' dir='ltr'>non</span> <span class='ocrx_word' id='word_1_255' title='bbox 1420 2788 1791 2864; x_wconf 75' lang='lat' dir='ltr'>invenimUS,</span> <span class='ocrx_word' id='word_1_256' title='bbox 1841 2789 2016 2851; x_wconf 89' lang='lat' dir='ltr'>illam</span> <span class='ocrx_word' id='word_1_257' title='bbox 2064 2788 2236 2869; x_wconf 90' lang='lat' dir='ltr'>sequi</span> <span class='ocrx_word' id='word_1_258' title='bbox 2283 2788 2574 2852; x_wconf 90' lang='lat' dir='ltr'>debemus</span> <span class='ocrx_word' id='word_1_259' title='bbox 2623 2789 2999 2871; x_wconf 91' lang='lat' dir='ltr'>opinionem,</span> <span class='ocrx_word' id='word_1_260' title='bbox 3044 2808 3195 2871; x_wconf 83' lang='lat' dir='ltr'>quae</span> 
     </span>
     <span class='ocr_line' id='line_1_26' title="bbox 726 2888 3195 2975; baseline 0.001 -22"><span class='ocrx_word' id='word_1_261' title='bbox 726 2888 929 2973; x_wconf 84' lang='lat' dir='ltr'>magis</span> <span class='ocrx_word' id='word_1_262' title='bbox 978 2888 1229 2953; x_wconf 86' lang='lat' dir='ltr'>veritati</span> <span class='ocrx_word' id='word_1_263' title='bbox 1276 2889 1734 2972; x_wconf 86' lang='lat' dir='ltr'>appropinquat</span> <span class='ocrx_word' id='word_1_264' title='bbox 1767 2915 1826 2952; x_wconf 82' lang='lat'>›&gt;.</span> <span class='ocrx_word' id='word_1_265' title='bbox 1868 2891 1949 2952; x_wconf 85' lang='lat' dir='ltr'>Et</span> <span class='ocrx_word' id='word_1_266' title='bbox 1987 2909 2198 2954; x_wconf 87' lang='lat' dir='ltr'>rursus</span> <span class='ocrx_word' id='word_1_267' title='bbox 2244 2890 2392 2953; x_wconf 89' lang='lat' dir='ltr'>ibid.</span> <span class='ocrx_word' id='word_1_268' title='bbox 2434 2913 2493 2954; x_wconf 94' lang='lat' dir='ltr'>n.</span> <span class='ocrx_word' id='word_1_269' title='bbox 2530 2891 2670 2954; x_wconf 56' lang='lat'>62:</span> <span class='ocrx_word' id='word_1_270' title='bbox 2711 2916 2746 2948; x_wconf 85' lang='lat'>«</span> <span class='ocrx_word' id='word_1_271' title='bbox 2779 2888 2941 2956; x_wconf 86' lang='lat' dir='ltr'>Cum</span> <span class='ocrx_word' id='word_1_272' title='bbox 2992 2893 3195 2975; x_wconf 89' lang='lat' dir='ltr'>opinio</span> 
     </span>
     <span class='ocr_line' id='line_1_27' title="bbox 726 2992 3198 3078; baseline 0.001 -23"><span class='ocrx_word' id='word_1_273' title='bbox 726 2993 925 3058; x_wconf 87' lang='lat' dir='ltr'>tutior</span> <span class='ocrx_word' id='word_1_274' title='bbox 956 2995 1052 3056; x_wconf 90' lang='lat' dir='ltr'>est</span> <span class='ocrx_word' id='word_1_275' title='bbox 1081 2996 1243 3056; x_wconf 79' lang='lat' dir='ltr'>certe</span> <span class='ocrx_word' id='word_1_276' title='bbox 1283 2992 1377 3077; x_wconf 90' lang='lat' dir='ltr'>(a)</span> <span class='ocrx_word' id='word_1_277' title='bbox 1394 2992 1812 3072; x_wconf 75' lang='lat' dir='ltr'>probabilior,</span> <span class='ocrx_word' id='word_1_278' title='bbox 1849 3012 1917 3057; x_wconf 92' lang='lat' dir='ltr'>eo</span> <span class='ocrx_word' id='word_1_279' title='bbox 1967 3013 2178 3056; x_wconf 87' lang='lat' dir='ltr'>casu...</span> <span class='ocrx_word' id='word_1_280' title='bbox 2222 2996 2470 3076; x_wconf 87' lang='lat' dir='ltr'>propter</span> <span class='ocrx_word' id='word_1_281' title='bbox 2506 2993 2805 3057; x_wconf 83' lang='lat' dir='ltr'>maiorem</span> <span class='ocrx_word' id='word_1_282' title='bbox 2852 2993 3036 3058; x_wconf 83' lang='lat' dir='ltr'>illam</span> <span class='ocrx_word' id='word_1_283' title='bbox 3066 3013 3198 3078; x_wconf 90' lang='lat' dir='ltr'>pro—</span> 
     </span>
     <span class='ocr_line' id='line_1_28' title="bbox 726 3094 3196 3179; baseline -0 -20"><span class='ocrx_word' id='word_1_284' title='bbox 726 3096 1117 3160; x_wconf 87' lang='lat' dir='ltr'>babilitatem</span> <span class='ocrx_word' id='word_1_285' title='bbox 1152 3096 1357 3178; x_wconf 87' lang='lat' dir='ltr'>opinio</span> <span class='ocrx_word' id='word_1_286' title='bbox 1407 3114 1515 3178; x_wconf 93' lang='lat' dir='ltr'>pro</span> <span class='ocrx_word' id='word_1_287' title='bbox 1563 3096 1698 3179; x_wconf 86' lang='lat' dir='ltr'>lege</span> <span class='ocrx_word' id='word_1_288' title='bbox 1747 3094 1993 3159; x_wconf 82' lang='lat' dir='ltr'>videtur</span> <span class='ocrx_word' id='word_1_289' title='bbox 2038 3094 2357 3159; x_wconf 88' lang='lat' dir='ltr'>moraliter</span> <span class='ocrx_word' id='word_1_290' title='bbox 2405 3094 2625 3170; x_wconf 81' lang='lat' dir='ltr'>verior,</span> <span class='ocrx_word' id='word_1_291' title='bbox 2661 3096 2722 3157; x_wconf 90' lang='lat' dir='ltr'>et</span> <span class='ocrx_word' id='word_1_292' title='bbox 2753 3098 3196 3177; x_wconf 85' lang='lat' dir='ltr'>consequenter</span> 
     </span>
     <span class='ocr_line' id='line_1_29' title="bbox 726 3195 2381 3282; baseline -0.002 -20"><span class='ocrx_word' id='word_1_293' title='bbox 726 3200 983 3282; x_wconf 84' lang='lat' dir='ltr'>apparet</span> <span class='ocrx_word' id='word_1_294' title='bbox 1012 3197 1338 3261; x_wconf 74' lang='lat' dir='ltr'>moraliter</span> <span class='ocrx_word' id='word_1_295' title='bbox 1375 3201 1436 3261; x_wconf 78' lang='lat' dir='ltr'>et</span> <span class='ocrx_word' id='word_1_296' title='bbox 1470 3198 1857 3278; x_wconf 70' lang='lat' dir='ltr'>sufficienter</span> <span class='ocrx_word' id='word_1_297' title='bbox 1877 3195 2282 3278; x_wconf 75' lang='lat' dir='ltr'>promalyata</span> <span class='ocrx_word' id='word_1_298' title='bbox 2319 3222 2381 3259; x_wconf 80' lang='lat'>».</span> 
     </span>
    </p>

    <p class='ocr_par' dir='ltr' id='par_1_8' title="bbox 724 3298 3198 4305">
     <span class='ocr_line' id='line_1_30' title="bbox 813 3298 3194 3384; baseline -0.002 -20"><span class='ocrx_word' id='word_1_299' title='bbox 813 3300 1179 3384; x_wconf 87' lang='lat' dir='ltr'>Opinionem</span> <span class='ocrx_word' id='word_1_300' title='bbox 1213 3300 1446 3363; x_wconf 89' lang='lat' dir='ltr'>scilicet</span> <span class='ocrx_word' id='word_1_301' title='bbox 1483 3319 1531 3363; x_wconf 88' lang='lat' dir='ltr'>s.</span> <span class='ocrx_word' id='word_1_302' title='bbox 1574 3301 1808 3364; x_wconf 87' lang='lat' dir='ltr'>Doctor</span> <span class='ocrx_word' id='word_1_303' title='bbox 1841 3299 1938 3363; x_wconf 85' lang='lat' dir='ltr'>his</span> <span class='ocrx_word' id='word_1_304' title='bbox 1969 3299 2119 3363; x_wconf 83' lang='lat' dir='ltr'>locis</span> <span class='ocrx_word' id='word_1_305' title='bbox 2159 3319 2227 3363; x_wconf 90' lang='lat' dir='ltr'>eo</span> <span class='ocrx_word' id='word_1_306' title='bbox 2277 3317 2459 3362; x_wconf 83' lang='lat' dir='ltr'>sensu</span> <span class='ocrx_word' id='word_1_307' title='bbox 2507 3298 2656 3362; x_wconf 87' lang='lat' dir='ltr'>dicit</span> <span class='ocrx_word' id='word_1_308' title='bbox 2679 3298 3194 3377; x_wconf 76' lang='lat' dir='ltr'>probabiliorem,</span> 
     </span>
     <span class='ocr_line' id='line_1_31' title="bbox 725 3399 3193 3485; baseline -0 -20"><span class='ocrx_word' id='word_1_309' title='bbox 725 3422 847 3485; x_wconf 87' lang='lat' dir='ltr'>quo</span> <span class='ocrx_word' id='word_1_310' title='bbox 873 3422 1011 3467; x_wconf 89' lang='grc'><strong>00111</strong></span> <span class='ocrx_word' id='word_1_311' title='bbox 1034 3402 1398 3466; x_wconf 86' lang='lat' dir='ltr'>definiverat</span> <span class='ocrx_word' id='word_1_312' title='bbox 1422 3403 1486 3465; x_wconf 91' lang='lat' dir='ltr'>in</span> <span class='ocrx_word' id='word_1_313' title='bbox 1512 3402 1693 3465; x_wconf 85' lang='lat' dir='ltr'>tract.</span> <span class='ocrx_word' id='word_1_314' title='bbox 1717 3403 1763 3463; x_wconf 92' lang='lat' dir='ltr'>I.</span> <span class='ocrx_word' id='word_1_315' title='bbox 1795 3400 1982 3464; x_wconf 84' lang='lat' dir='ltr'>Hom.</span> <span class='ocrx_word' id='word_1_316' title='bbox 2005 3402 2224 3480; x_wconf 68' lang='lat' dir='ltr'>Apost.</span> <span class='ocrx_word' id='word_1_317' title='bbox 2245 3401 2409 3465; x_wconf 82' lang='lat' dir='ltr'>Edit.</span> <span class='ocrx_word' id='word_1_318' title='bbox 2437 3399 2798 3464; x_wconf 80' lang='lat' dir='ltr'>Taurinens.</span> <span class='ocrx_word' id='word_1_319' title='bbox 2829 3420 2972 3464; x_wconf 85' lang='lat' dir='ltr'>ann.</span> <span class='ocrx_word' id='word_1_320' title='bbox 3004 3402 3193 3465; x_wconf 81' lang='lat'>1829.</span> 
     </span>
     <span class='ocr_line' id='line_1_32' title="bbox 727 3502 3198 3586; baseline 0 -19"><span class='ocrx_word' id='word_1_321' title='bbox 727 3524 858 3585; x_wconf 85' lang='lat' dir='ltr'>cap.</span> <span class='ocrx_word' id='word_1_322' title='bbox 896 3505 1009 3568; x_wconf 89' lang='grc' dir='ltr'>ΠΙ.</span> <span class='ocrx_word' id='word_1_323' title='bbox 1045 3525 1105 3567; x_wconf 86' lang='grc'>11.</span> <span class='ocrx_word' id='word_1_324' title='bbox 1143 3506 1247 3567; x_wconf 82' lang='grc'>29.</span> <span class='ocrx_word' id='word_1_325' title='bbox 1283 3504 1593 3585; x_wconf 84' lang='lat' dir='ltr'>inquiens:</span> <span class='ocrx_word' id='word_1_326' title='bbox 1622 3529 1654 3562; x_wconf 88' lang='lat'>«</span> <span class='ocrx_word' id='word_1_327' title='bbox 1689 3505 1761 3566; x_wconf 84' lang='lat' dir='ltr'>ut</span> <span class='ocrx_word' id='word_1_328' title='bbox 1800 3502 2065 3586; x_wconf 85' lang='lat' dir='ltr'>(opinio)</span> <span class='ocrx_word' id='word_1_329' title='bbox 2100 3503 2341 3567; x_wconf 85' lang='lat' dir='ltr'>dicatur</span> <span class='ocrx_word' id='word_1_330' title='bbox 2387 3523 2525 3567; x_wconf 84' lang='lat' dir='ltr'>vere</span> <span class='ocrx_word' id='word_1_331' title='bbox 2558 3502 2956 3586; x_wconf 88' lang='lat' dir='ltr'>probabilior,</span> <span class='ocrx_word' id='word_1_332' title='bbox 2997 3505 3198 3586; x_wconf 88' lang='lat' dir='ltr'>requi·</span> 
     </span>
     <span class='ocr_line' id='line_1_33' title="bbox 726 3595 3196 3688; baseline 0 -21"><span class='ocrx_word' id='word_1_333' title='bbox 726 3605 904 3680; x_wconf 84' lang='lat' dir='ltr'>ritur,</span> <span class='ocrx_word' id='word_1_334' title='bbox 952 3608 1027 3668; x_wconf 87' lang='lat' dir='ltr'>ut</span> <span class='ocrx_word' id='word_1_335' title='bbox 1085 3607 1263 3669; x_wconf 87' lang='lat' dir='ltr'>aiunt</span> <span class='ocrx_word' id='word_1_336' title='bbox 1310 3606 1615 3670; x_wconf 86' lang='lat' dir='ltr'>Gonzalez</span> <span class='ocrx_word' id='word_1_337' title='bbox 1674 3608 1736 3669; x_wconf 89' lang='lat' dir='ltr'>et</span> <span class='ocrx_word' id='word_1_338' title='bbox 1783 3604 2040 3668; x_wconf 85' lang='lat' dir='ltr'>Patuzzi</span> <span class='ocrx_word' id='word_1_339' title='bbox 2098 3625 2239 3668; x_wconf 89' lang='grc'><strong>011111</strong></span> <span class='ocrx_word' id='word_1_340' title='bbox 2298 3605 2435 3668; x_wconf 84' lang='grc'><strong>01113</strong></span> <span class='ocrx_word' id='word_1_341' title='bbox 2491 3595 3077 3688; x_wconf 77' lang='lat' dir='ltr'>antiprob&#39;abihstis.</span> <span class='ocrx_word' id='word_1_342' title='bbox 3127 3611 3196 3670; x_wconf 86' lang='lat' dir='ltr'>ut</span> 
     </span>
     <span class='ocr_line' id='line_1_34' title="bbox 729 3707 3194 3793; baseline -0 -20"><span class='ocrx_word' id='word_1_343' title='bbox 729 3708 933 3793; x_wconf 89' lang='lat' dir='ltr'>opinio</span> <span class='ocrx_word' id='word_1_344' title='bbox 960 3707 1044 3771; x_wconf 86' lang='lat' dir='ltr'>sit</span> <span class='ocrx_word' id='word_1_345' title='bbox 1074 3708 1403 3773; x_wconf 84' lang='lat' dir='ltr'>manifeste</span> <span class='ocrx_word' id='word_1_346' title='bbox 1433 3709 1827 3772; x_wconf 83' lang='lat' dir='ltr'>verisimilior</span> <span class='ocrx_word' id='word_1_347' title='bbox 1867 3708 2148 3790; x_wconf 87' lang='lat' dir='ltr'>operanti</span> <span class='ocrx_word' id='word_1_348' title='bbox 2179 3727 2319 3771; x_wconf 88' lang='lat' dir='ltr'>cum</span> <span class='ocrx_word' id='word_1_349' title='bbox 2353 3727 2598 3772; x_wconf 78' lang='lat' dir='ltr'>excessu</span> <span class='ocrx_word' id='word_1_350' title='bbox 2629 3708 2942 3772; x_wconf 86' lang='lat' dir='ltr'>notori0...</span> <span class='ocrx_word' id='word_1_351' title='bbox 2973 3733 3037 3771; x_wconf 84' lang='lat'>».</span> <span class='ocrx_word' id='word_1_352' title='bbox 3065 3709 3194 3772; x_wconf 79' lang='lat' dir='ltr'>Iani</span> 
     </span>
     <span class='ocr_line' id='line_1_35' title="bbox 730 3807 3195 3893; baseline -0.001 -18"><span class='ocrx_word' id='word_1_353' title='bbox 730 3829 870 3875; x_wconf 89' lang='lat' dir='ltr'>vero</span> <span class='ocrx_word' id='word_1_354' title='bbox 920 3810 1224 3876; x_wconf 85' lang='lat' dir='ltr'>Gonzalez</span> <span class='ocrx_word' id='word_1_355' title='bbox 1266 3811 1342 3874; x_wconf 85' lang='lat' dir='ltr'>ad</span> <span class='ocrx_word' id='word_1_356' title='bbox 1390 3811 1451 3874; x_wconf 88' lang='lat' dir='ltr'>id</span> <span class='ocrx_word' id='word_1_357' title='bbox 1500 3810 1798 3893; x_wconf 84' lang='lat' dir='ltr'>postulat,</span> <span class='ocrx_word' id='word_1_358' title='bbox 1841 3813 1913 3872; x_wconf 89' lang='lat' dir='ltr'>ut</span> <span class='ocrx_word' id='word_1_359' title='bbox 1961 3809 2116 3872; x_wconf 85' lang='lat' dir='ltr'>alias</span> <span class='ocrx_word' id='word_1_360' title='bbox 2164 3809 2433 3872; x_wconf 84' lang='lat' dir='ltr'>vidimus</span> <span class='ocrx_word' id='word_1_361' title='bbox 2481 3811 2557 3872; x_wconf 88' lang='lat' dir='ltr'>tr.</span> <span class='ocrx_word' id='word_1_362' title='bbox 2594 3807 2833 3885; x_wconf 65' lang='lat' dir='ltr'>Conse„</span> <span class='ocrx_word' id='word_1_363' title='bbox 2874 3812 2949 3873; x_wconf 89' lang='lat' dir='ltr'>ut</span> <span class='ocrx_word' id='word_1_364' title='bbox 2988 3811 3195 3893; x_wconf 90' lang='lat' dir='ltr'>opinio</span> 
     </span>
     <span class='ocr_line' id='line_1_36' title="bbox 726 3911 3197 3994; baseline -0.002 -14"><span class='ocrx_word' id='word_1_365' title='bbox 726 3914 1030 3980; x_wconf 86' lang='lat' dir='ltr'>iudicetur</span> <span class='ocrx_word' id='word_1_366' title='bbox 1068 3934 1217 3978; x_wconf 85' lang='lat' dir='ltr'>vera</span> <span class='ocrx_word' id='word_1_367' title='bbox 1258 3913 1485 3976; x_wconf 64' lang='lat' dir='ltr'>iudicio</span> <span class='ocrx_word' id='word_1_368' title='bbox 1518 3912 1820 3987; x_wconf 69' lang='lat' dir='ltr'>absoluto,</span> <span class='ocrx_word' id='word_1_369' title='bbox 1861 3913 2044 3992; x_wconf 74' lang='lat' dir='ltr'>firmo</span> <span class='ocrx_word' id='word_1_370' title='bbox 2083 3915 2144 3974; x_wconf 79' lang='lat' dir='ltr'>et</span> <span class='ocrx_word' id='word_1_371' title='bbox 2174 3933 2297 3975; x_wconf 77' lang='lat' dir='ltr'>non</span> <span class='ocrx_word' id='word_1_372' title='bbox 2329 3911 2686 3991; x_wconf 73' lang='lat' dir='ltr'>fluctuante.</span> <span class='ocrx_word' id='word_1_373' title='bbox 2712 3911 2878 3976; x_wconf 89' lang='grc' dir='ltr'><strong>Η1110</strong></span> <span class='ocrx_word' id='word_1_374' title='bbox 2908 3912 3197 3994; x_wconf 85' lang='lat' dir='ltr'>quemad·</span> 
     </span>
     <span class='ocr_line' id='line_1_37' title="bbox 725 4013 3195 4098; baseline -0.002 -15"><span class='ocrx_word' id='word_1_375' title='bbox 725 4018 980 4082; x_wconf 86' lang='lat' dir='ltr'>modum</span> <span class='ocrx_word' id='word_1_376' title='bbox 1028 4038 1075 4081; x_wconf 89' lang='lat' dir='ltr'>s.</span> <span class='ocrx_word' id='word_1_377' title='bbox 1120 4018 1351 4079; x_wconf 88' lang='lat' dir='ltr'>Doctor</span> <span class='ocrx_word' id='word_1_378' title='bbox 1398 4015 1470 4078; x_wconf 83' lang='lat' dir='ltr'>de</span> <span class='ocrx_word' id='word_1_379' title='bbox 1528 4015 1813 4098; x_wconf 90' lang='lat' dir='ltr'>opinione</span> <span class='ocrx_word' id='word_1_380' title='bbox 1862 4015 2034 4077; x_wconf 81' lang='lat' dir='ltr'>iuxta</span> <span class='ocrx_word' id='word_1_381' title='bbox 2082 4015 2244 4077; x_wconf 86' lang='lat' dir='ltr'>hunc</span> <span class='ocrx_word' id='word_1_382' title='bbox 2292 4033 2539 4078; x_wconf 84' lang='lat' dir='ltr'>sensum</span> <span class='ocrx_word' id='word_1_383' title='bbox 2586 4013 2993 4095; x_wconf 86' lang='lat' dir='ltr'>probabiliori</span> <span class='ocrx_word' id='word_1_384' title='bbox 3040 4014 3195 4077; x_wconf 85' lang='lat' dir='ltr'>dixe-</span> 
     </span>
     <span class='ocr_line' id='line_1_38' title="bbox 724 4114 3187 4203; baseline -0.003 -20"><span class='ocrx_word' id='word_1_385' title='bbox 724 4125 841 4196; x_wconf 82' lang='lat' dir='ltr'>rat,</span> <span class='ocrx_word' id='word_1_386' title='bbox 895 4121 1247 4203; x_wconf 85' lang='lat' dir='ltr'>opinionem</span> <span class='ocrx_word' id='word_1_387' title='bbox 1299 4118 1443 4181; x_wconf 89' lang='lat' dir='ltr'>huic</span> <span class='ocrx_word' id='word_1_388' title='bbox 1492 4119 1842 4200; x_wconf 83' lang='lat' dir='ltr'>oppositam</span> <span class='ocrx_word' id='word_1_389' title='bbox 1883 4135 2002 4180; x_wconf 90' lang='lat' dir='ltr'>non</span> <span class='ocrx_word' id='word_1_390' title='bbox 2052 4135 2362 4180; x_wconf 88' lang='lat' dir='ltr'>remanere</span> <span class='ocrx_word' id='word_1_391' title='bbox 2397 4114 2777 4196; x_wconf 86' lang='lat' dir='ltr'>probabilem</span> <span class='ocrx_word' id='word_1_392' title='bbox 2824 4135 2992 4198; x_wconf 90' lang='lat' dir='ltr'>supr.</span> <span class='ocrx_word' id='word_1_393' title='bbox 3020 4136 3074 4178; x_wconf 91' lang='lat' dir='ltr'>n.</span> <span class='ocrx_word' id='word_1_394' title='bbox 3106 4117 3187 4186; x_wconf 78' lang='lat'>9.;</span> 
     </span>
     <span class='ocr_line' id='line_1_39' title="bbox 727 4217 3194 4305; baseline -0.004 -18"><span class='ocrx_word' id='word_1_395' title='bbox 727 4225 857 4305; x_wconf 83' lang='lat' dir='ltr'>pari</span> <span class='ocrx_word' id='word_1_396' title='bbox 896 4224 1135 4287; x_wconf 83' lang='lat' dir='ltr'>ratione</span> <span class='ocrx_word' id='word_1_397' title='bbox 1178 4221 1483 4286; x_wconf 82' lang='lat' dir='ltr'>Gonzalez</span> <span class='ocrx_word' id='word_1_398' title='bbox 1517 4219 1671 4302; x_wconf 90' lang='lat' dir='ltr'>disp.</span> <span class='ocrx_word' id='word_1_399' title='bbox 1702 4223 1759 4282; x_wconf 71' lang='lat'>3.</span> <span class='ocrx_word' id='word_1_400' title='bbox 1801 4221 1835 4302; x_wconf 60' lang='grc' dir='ltr'><strong>ξ</strong></span> <span class='ocrx_word' id='word_1_401' title='bbox 1872 4221 1931 4281; x_wconf 77' lang='grc'>3.</span> <span class='ocrx_word' id='word_1_402' title='bbox 1969 4218 2233 4282; x_wconf 83' lang='lat' dir='ltr'>assumit</span> <span class='ocrx_word' id='word_1_403' title='bbox 2269 4217 2672 4300; x_wconf 84' lang='lat' dir='ltr'>probandum,</span> <span class='ocrx_word' id='word_1_404' title='bbox 2705 4218 3194 4297; x_wconf 62' lang='lat' dir='ltr'>compara-timon</span> 
     </span>
    </p>
   </div>
   <div class='ocr_carea' id='block_1_6' title="bbox 739 4371 999 4383">
    <p class='ocr_par' dir='ltr' id='par_1_9' title="bbox 739 4371 999 4383">
     <span class='ocr_line' id='line_1_40' title="bbox 739 4371 999 4383; baseline 0 0"><span class='ocrx_word' id='word_1_405' title='bbox 739 4371 999 4383; x_wconf 95' lang='lat' dir='ltr'> </span> 
     </span>
    </p>
   </div>
   <div class='ocr_carea' id='block_1_7' title="bbox 726 4491 3199 4619">
    <p class='ocr_par' dir='ltr' id='par_1_10' title="bbox 726 4491 3199 4619">
     <span class='ocr_line' id='line_1_41' title="bbox 810 4491 3199 4552; baseline -0.003 -10"><span class='ocrx_word' id='word_1_406' title='bbox 810 4505 871 4552; x_wconf 71' lang='lat' dir='ltr'>(a)</span> <span class='ocrx_word' id='word_1_407' title='bbox 901 4500 1047 4542; x_wconf 77' lang='lat' dir='ltr'>lstud</span> <span class='ocrx_word' id='word_1_408' title='bbox 1077 4511 1191 4550; x_wconf 80' lang='lat' dir='ltr'>ergo</span> <span class='ocrx_word' id='word_1_409' title='bbox 1220 4501 1336 4540; x_wconf 72' lang='lat' dir='ltr'>certe</span> <span class='ocrx_word' id='word_1_410' title='bbox 1380 4496 1720 4551; x_wconf 79' lang='lat' dir='ltr'>supplendum</span> <span class='ocrx_word' id='word_1_411' title='bbox 1750 4498 1828 4538; x_wconf 79' lang='lat' dir='ltr'>est</span> <span class='ocrx_word' id='word_1_412' title='bbox 1856 4496 1909 4537; x_wconf 84' lang='lat' dir='ltr'>iu</span> <span class='ocrx_word' id='word_1_413' title='bbox 1939 4497 2086 4536; x_wconf 79' lang='lat' dir='ltr'>textu</span> <span class='ocrx_word' id='word_1_414' title='bbox 2123 4505 2236 4536; x_wconf 82' lang='lat' dir='ltr'>mox</span> <span class='ocrx_word' id='word_1_415' title='bbox 2265 4493 2439 4545; x_wconf 74' lang='lat' dir='ltr'>citato,</span> <span class='ocrx_word' id='word_1_416' title='bbox 2467 4491 2555 4534; x_wconf 83' lang='lat' dir='ltr'>ubi</span> <span class='ocrx_word' id='word_1_417' title='bbox 2584 4491 2880 4546; x_wconf 72' lang='lat' dir='ltr'>appellatur</span> <span class='ocrx_word' id='word_1_418' title='bbox 2898 4491 3199 4546; x_wconf 69' lang='lat' dir='ltr'>probabilior</span> 
     </span>
     <span class='ocr_line' id='line_1_42' title="bbox 726 4564 1567 4619; baseline -0.002 -11"><span class='ocrx_word' id='word_1_419' title='bbox 726 4568 899 4619; x_wconf 74' lang='lat' dir='ltr'>opinio,</span> <span class='ocrx_word' id='word_1_420' title='bbox 921 4577 1099 4617; x_wconf 77' lang='lat' dir='ltr'>nempe</span> <span class='ocrx_word' id='word_1_421' title='bbox 1126 4569 1243 4607; x_wconf 65' lang='grc' dir='ltr'>σενα</span> <span class='ocrx_word' id='word_1_422' title='bbox 1263 4564 1567 4616; x_wconf 75' lang='lat' dir='ltr'>probabilior.</span> 
     </span>
    </p>
   </div>
  </div>
 </body>
</html>
