3529 5158
336 327 480 402 [319]
555 344 638 383 AN
661 344 783 384 mx
811 344 1104 386 mnu-Ans
1128 344 1391 386 onmem
1417 345 1820 389 msonAi-rms.
1847 347 1997 395 Qun>
2025 350 2081 391 Sl
2107 349 2199 391 srr
2229 351 2599 392 mro-mmm
2685 337 2796 393 333

332 439 434 503 tit.
474 440 581 504 37.
613 461 673 504 n.
714 441 860 505 109.
895 461 965 505 ex
1011 441 1324 505 communi
1361 441 1579 506 itidem
1626 444 1934 508 sententia
1980 445 2229 511 scribit:
2270 446 2398 510 Est
2441 448 2652 510 instar
2696 468 2796 509 rc-

329 540 517 622 yulae
551 541 813 626 (inquit)
859 542 1027 623 quod
1073 544 1455 607 committens
1513 543 1776 625 aliquod
1822 544 2114 611 delictum
2164 548 2487 612 subiaceat
2551 549 2799 629 quidem

321 645 543 723 poenis·
568 643 686 707 tali
709 644 930 708 delicto
953 647 1465 724 proportionatis,
1493 667 1617 711 non
1639 651 1849 711 autem
1877 647 2028 712 aliis
2051 649 2616 723 extraordinariis,
2643 671 2800 732 quae

327 746 738 825 imponuntur
757 745 848 808 ad
877 746 1198 810 vitandum
1226 747 1609 828 frequentem
1631 748 1845 813 delicti
1866 772 2049 815 usum
2071 751 2166 816 vel
2195 753 2269 815 ob
2292 752 2491 816 aliam
2522 772 2798 826 causam,

327 848 461 912 ntea·
488 846 858 928 delinque-ns
886 850 1155 923 sciverit,
1195 848 1486 913 delectum
1514 851 1630 915 sub
1662 871 1737 915 ea
1769 873 1978 932 poena
2010 853 2403 932 prohibitum
2433 874 2585 918 esse.
2619 853 2797 934 Quod

327 949 580 1032 quidem
603 950 974 1033 principium
1005 955 1336 1034 postquam
1368 952 1592 1018 Suarez
1624 954 1758 1036 ipse
1790 955 1864 1018 de
1899 954 2077 1019 Gens.
2098 955 2254 1038 disp.
2269 959 2330 1020 4.
2351 960 2502 1021 sect.
2524 959 2587 1022 9.
2607 977 2665 1020 n.
2689 958 2797 1020 21.

325 1052 547 1117 retulit
593 1070 665 1116 ex
710 1051 991 1117 Navarro
1037 1053 1203 1118 hisce
1250 1055 1485 1119 verbis:
1526 1055 1735 1119 Addit
1771 1057 2130 1131 Noc-varrus,
2170 1058 2410 1138 quoties
2448 1079 2657 1138 poena
2706 1062 2801 1121 est

323 1155 690 1220 exorbitans
712 1159 774 1219 et
793 1157 1325 1232 extraordirmria‚
1351 1160 1785 1241 maiuscumque
1806 1161 2055 1242 ymeri-s·
2075 1162 2181 1235 sit,
2208 1162 2269 1225 si
2289 1160 2409 1224 illa
2433 1162 2796 1242 iynoratur,

324 1259 577 1321 etiami
605 1257 896 1322 delictum
924 1261 1363 1335 committatur,
1391 1281 1516 1325 non
1543 1262 1793 1325 incurri
1808 1283 1831 1339 ,·
1863 1263 2093 1328 sincere
2122 1263 2360 1329 fatetur
2389 1263 2546 1328 ibid.
2574 1284 2633 1328 n.
2663 1264 2795 1339 22„

323 1360 492 1443 quod
530 1359 794 1425 Navarri
833 1360 1154 1426 discursus
1187 1366 1281 1427 est
1298 1363 1668 1442 probabilis,
1699 1364 1821 1430 nisi
1852 1365 2018 1447 quod
2056 1365 2299 1431 extendi
2329 1385 2454 1432 non
2491 1366 2673 1431 debet
2712 1365 2789 1429 ad

321 1483 575 1548 poenae,
611 1484 765 1547 quas
806 1466 972 1531 Deus
1002 1467 1065 1530 in
1115 1467 1482 1532 aeternitate
1527 1469 1796 1550 peccatis
1832 1469 2090 1554 infligit:
2126 1489 2301 1535 secus
2334 1470 2517 1545 enim,
2560 1472 2632 1533 ut
2682 1469 2792 1544 ait,

321 1585 432 1632 eas
467 1585 588 1632 non
620 1567 976 1640 incurreret.
1010 1569 1118 1650 qui
1155 1571 1400 1652 ignoret
1437 1589 1775 1652 poenarum
1808 1572 2261 1638 aeternitatem.
2289 1570 2578 1637 Ceterum
2612 1588 2792 1635 nemo

319 1668 596 1745 dubitat,
636 1670 784 1751 quin
829 1671 1102 1736 irritatio
1150 1672 1534 1736 matrimonii
1580 1673 1642 1736 in
1689 1691 1839 1737 casu
1886 1674 1970 1737 sit
2016 1692 2212 1756 poena
2260 1672 2790 1747 extraordinaria3

315 1772 577 1856 proinde
623 1772 943 1838 Navarrus
990 1793 1242 1856 prorsus
1287 1775 1510 1839 merito
1557 1776 1931 1859 principium
1978 1775 2134 1840 illud
2179 1776 2627 1858 impedimento
2675 1775 2798 1838 cri-

312 1875 509 1939 minis
531 1874 620 1939 sic
652 1876 924 1958 applicat
947 1876 1134 1940 Man.
1161 1875 1309 1960 Cap.
1339 1879 1443 1941 22.
1471 1897 1529 1940 11.
1558 1878 1686 1941 46.:
1715 1877 1791 1941 Si
1810 1881 2067 1959 uterque
2088 1877 2514 1958 probabiliter
2540 1878 2798 1957 iynorat

315 1978 365 2061 (
353 1975 919 2059 impedimentum),
939 1984 1212 2058 possunt
1243 1980 1712 2043 matrimonium
1740 1979 2123 2054 contrahere,
2156 1980 2348 2045 simul
2390 1984 2579 2062 atquc
2629 2000 2797 2043 mor-

318 2084 473 2143 tuus
505 2077 717 2157 fuerit,
756 2082 868 2162 qui
895 2080 1289 2161 impediebat.
1323 2082 1414 2145 Ex
1444 2082 1669 2163 quibus
1708 2084 1901 2165 patet,
1937 2083 2235 2165 principia
2268 2084 2344 2147 ab
2391 2083 2525 2165 ipso
2561 2080 2789 2147 Suarez

315 2181 597 2247 admissa
627 2182 705 2246 ad
742 2184 1138 2252 contrariam.
1167 2203 1237 2249 ac
1272 2183 1402 2267 ipse
1436 2184 1605 2260 velit,
1631 2185 2087 2250 conclusionem
2126 2185 2335 2267 potius
2369 2184 2695 2249 adducere.

412 2286 447 2322 *
480 2283 739 2364 Quando
776 2285 874 2350 lex
909 2287 1122 2350 irritat
1152 2286 1394 2368 aliquos
1442 2288 1617 2351 actus
1655 2287 1862 2351 solum
1892 2286 1956 2350 in
1988 2287 2264 2352 favorem
2298 2287 2677 2368 aliquorum,
2713 2304 2789 2349 ne

315 2387 610 2453 videlicet
633 2388 728 2452 illi
758 2388 1055 2454 damnum
1087 2390 1427 2471 patiantur,
1455 2392 1527 2454 ut
1550 2410 1607 2454 v.
1635 2411 1728 2474 gr.
1755 2392 2112 2455 contractus
2138 2390 2359 2472 pupilli
2393 2388 2523 2454 sine
2556 2388 2788 2452 tutoris

313 2491 699 2557 auctoritate
722 2491 1036 2557 irritatur:
1055 2492 1412 2558 huiusmodi
1436 2496 1613 2558 actus
1639 2495 1895 2557 eatenus
1920 2494 2246 2557 censentur
2266 2491 2455 2569 irriti,
2477 2494 2788 2574 quatenus

313 2593 550 2659 cedunt
592 2594 657 2658 in
703 2594 999 2660 damnum
1036 2613 1270 2670 eorum,
1305 2596 1529 2679 quibus
1566 2596 1662 2661 lex
1699 2596 1906 2661 favere
1942 2596 2099 2673 vult,
2140 2615 2262 2661 non
2294 2598 2609 2677 quatenus
2643 2596 2795 2659 sunt
2884 2594 2887 2599 '

312 2696 550 2761 eisdem
576 2696 762 2760 utiles
787 2698 851 2760 et
880 2696 1270 2762 favorabiles,
1298 2698 1398 2762 Ita
1421 2698 1484 2762 in
1510 2697 1552 2762 l.
1580 2698 1878 2763 [tatianus
1893 2698 2037 2783 Dig.
2059 2697 2134 2762 de
2157 2697 2538 2762 Aetionibus
2566 2698 2791 2778 empti:

323 2825 361 2857 «
394 2797 461 2863 Si
492 2799 635 2881 quis
668 2818 705 2863 a
735 2799 972 2882 pupillo
1002 2800 1133 2865 sine
1164 2800 1395 2866 tutoris
1426 2801 1803 2867 auctoritate
1834 2804 2020 2879 emat,
2048 2821 2120 2867 ex
2151 2821 2274 2866 uno
2305 2802 2503 2867 latere
2543 2802 2793 2865 constat

315 2904 716 2979 contractus;
764 2923 912 2970 nam
956 2905 1064 2986 qui
1109 2905 1279 2981 emit,
1331 2905 1644 2991 obligatus
1692 2909 1789 2971 est
1833 2906 2091 2989 pupi110,
2141 2906 2454 2989 pupillum
2503 2906 2621 2971 sibi
2669 2925 2791 2971 non

321 3006 572 3091 obligat
604 3031 666 3069 ».

409 3104 571 3178 318.
605 3108 731 3173 Lex
758 3108 1032 3185 irritam,
1066 3112 1139 3174 ut
1184 3110 1304 3174 dici
1351 3110 1694 3193 generatim
1740 3109 1920 3181 solet,
1955 3128 2075 3173 non
2126 3108 2417 3171 admittit
2465 3107 2792 3189 epikeiam.

316 3208 440 3275 Sed
471 3210 632 3274 hanc
668 3210 1094 3291 quaestionem
1127 3212 1508 3295 attingemus
1541 3212 1602 3274 in
1636 3211 1755 3275 fine
1787 3210 1974 3274 huius
2006 3208 2404 3292 paragraphi.

416 3310 725 3388 Ceterum,
752 3313 806 3377 si
837 3313 922 3378 sit
943 3314 1289 3379 communis
1319 3314 1383 3377 in
1423 3313 1632 3394 aliqua
1663 3312 1914 3396 regione
1946 3312 2042 3375 vel
2075 3309 2392 3393 provincia
2422 3308 2796 3391 impotentia

317 3413 592 3498 ponendi
622 3418 832 3480 actum
864 3415 1199 3481 seeundum
1230 3416 1495 3480 formam
1529 3413 1991 3497 praescriptam,
2017 3414 2177 3478 citra
2208 3432 2397 3495 quam
2425 3433 2461 3478 a
2494 3413 2628 3477 iure
2660 3412 2797 3477 irri-

316 3518 521 3593 tatur,
547 3518 941 3583 consentiunt
964 3519 1266 3597 Theologi
1298 3519 1486 3583 talem
1526 3516 1962 3600 impotentiam
1994 3535 2281 3581 excusare
2313 3518 2392 3582 ab
2417 3516 2792 3593 irritatione,

321 3620 467 3685 aliis
501 3621 721 3695 verbiS,
747 3621 1182 3697 irritationem,
1209 3641 1366 3704 quae
1399 3620 1739 3703 perniciosa
1769 3620 1950 3695 foret,
1975 3639 2232 3686 cessare.
2259 3619 2352 3685 Cf.
2383 3620 2558 3704 Gury
2585 3621 2705 3684 vol.
2731 3622 2791 3683 2.

318 3724 381 3807 g.
411 3724 564 3787 840.
589 3743 648 3806 q.
672 3725 733 3788 4.
759 3724 946 3790 Patet
976 3744 1046 3789 ex
1069 3724 1588 3790 declarationibus
1612 3722 1840 3809 Congr.
1866 3721 2049 3789 Cone.
2077 3724 2238 3787 circa
2271 3723 2793 3806 impedimentum

317 3825 847 3891 clandestinitatis
871 3831 933 3892 et
956 3827 1054 3891 Pii
1083 3827 1189 3891 VI.
1215 3827 1518 3892 decisione
1541 3828 1606 3891 in
1636 3828 1818 3910 epist.
1845 3826 1922 3891 ad
1946 3827 2146 3909 Episc.
2174 3825 2433 3890 Lucion.
2456 3825 2787 3889 an.1793.:

317 3947 448 4011 qua
484 3928 560 3994 de
597 3948 662 3994 re
697 3929 762 3994 in
801 3930 903 3995 Tr.
930 3929 1004 3994 de
1039 3930 1332 3994 Matrim.
1361 3930 1547 3994 Ratio
1585 3932 1700 3999 est,
1727 3929 1877 4010 quia
1912 3929 2009 3992 lex
2040 3928 2104 3992 in
2135 3928 2252 3990 hac
2288 3925 2623 4009 hypothesi
2656 3944 2795 3989 eva·

318 4031 495 4097 deret
527 4033 766 4107 nociva,
801 4051 1057 4117 vergens
1093 4033 1157 4097 in
1194 4032 1635 4097 detrimentum
1672 4030 2025 4097 societatis:
2059 4046 2241 4112 porro
2275 4028 2422 4092 talis
2458 4028 2556 4091 lex
2595 4029 2799 4091 cessat

322 4134 623 4218 obligare.
652 4136 687 4172 *

412 4235 481 4301 Si
511 4256 654 4303 vero
685 4237 1058 4319 impotentia
1095 4256 1216 4301 non
1248 4236 1592 4302 communis
1630 4235 1735 4307 sit,
1762 4234 1869 4299 sed
1908 4232 2323 4317 particulariS,
2350 4231 2677 4314 quaeritur
2716 4252 2794 4297 an

317 4341 385 4405 in
433 4360 504 4405 eo
554 4361 703 4406 casu
749 4340 1112 4423 particulari
1157 4341 1254 4404 lex
1300 4340 1553 4405 irritans
1591 4339 1807 4403 cesset.
1846 4337 2120 4402 Adverto
2166 4337 2229 4400 111
2279 4336 2496 4418 primis
2543 4336 2790 4400 nullum

316 4444 642 4526 hucusque
675 4442 952 4526 prodisse
983 4442 1315 4515 decretum,
1350 4460 1473 4524 quo
1505 4440 1929 4506 controversia
1963 4440 2088 4504 ista
2121 4438 2473 4504 definiatur.

413 4542 571 4617 319.
613 4547 750 4610 Iam
799 4563 943 4609 vero
981 4564 1030 4609 s.
1068 4546 1444 4628 Alphonsus,
1494 4543 1603 4625 qui
1649 4543 1925 4625 alioquin
1972 4544 2016 4607 l.
2057 4544 2116 4606 6.
2150 4563 2210 4606 11.
2250 4543 2440 4606 1079.
2483 4561 2672 4625 agens
2721 4542 2797 4605 de

323 4648 769 4733 impedimento
802 4646 1341 4720 clandestinitatiS,
1373 4648 1564 4729 negat
1599 4664 1709 4727 pro
1743 4645 2105 4728 particulari
2143 4664 2290 4709 casu
2323 4663 2559 4709 cessare
2592 4644 2792 4727 legem
