3529 5158
896 365 1385 408 Pnoposl'rlotmu
1421 367 1868 421 DAMNATARUM,
1908 368 1949 407 A
1988 367 2088 408 P10
2123 368 2204 408 lx.
2538 369 2773 410 Lxxxlu

690 577 1420 640 PROPOSITIONES
1449 576 1981 639 DAMNATAE
2015 581 2080 638 A
2115 577 2269 638 PIO
2304 578 2427 639 IX.

406 739 976 801 Transsoribimus
1034 738 1380 818 syllabam,
1430 756 1628 815 quem
1674 737 1991 800 Pontifex
2040 757 2174 800 una
2220 754 2365 799 eum
2420 740 2773 816 Enoyelioa

331 829 583 905 Quanta
612 847 773 890 cura
803 832 863 891 8.
898 828 1287 893 Deeembris
1319 830 1514 889 1864.
1548 829 1675 889 toti
1707 828 1872 889 Orbi
1906 829 2271 890 christiano
2296 828 2563 889 direxit.
2588 830 2770 890 Inte-

322 937 510 996 grum
537 918 719 979 hune
740 918 1088 995 tradimus,
1111 918 1242 981 etsi
1264 919 1493 994 plures
1521 917 2010 993 propositiones
2036 918 2104 977 in
2132 917 2388 996 Sylhzbo
2419 922 2771 981 contentae

323 1025 451 1069 non
490 1008 878 1084 pertineant
922 1007 1010 1070 ad
1041 1007 1466 1084 'theologiam
1504 1006 1850 1081 moralem3
1903 1008 2214 1068 nolumus
2260 1007 2436 1069 enim
2470 1009 2602 1068 tale
2636 1025 2769 1068 mo-

318 1102 711 1159 numentum
755 1098 948 1173 quasi
994 1097 1303 1159 mutilum
1351 1097 1573 1157 offerri
1611 1096 1862 1157 lectori.

1303 1294 1777 1356 SYLLABUS

318 1469 841 1520 COMPLEOTENS
875 1468 1336 1517 PRAEGIPUOS
1373 1469 1709 1517 NOSTRAE
1743 1469 2053 1516 AETATIS
2085 1471 2429 1519 ERRORES
2469 1474 2596 1530 QUI
2639 1474 2766 1520 No-

489 1558 793 1606 TANTUR
842 1559 922 1606 IN
970 1559 1611 1607 ALLOOUTIONIBUS
1659 1558 2388 1625 CONCISTORIALIBUS‚
2424 1562 2502 1608 IN
2540 1562 2766 1609 ENOY-

486 1647 730 1695 OLICIS
762 1648 1111 1706 ALHSQUE
1136 1648 1608 1696 APOSTOLICIS
1633 1648 1974 1696 LITTERIS
2009 1648 2469 1696 SANCTISSIMI
2495 1651 2765 1698 DOMINI

484 1737 777 1784 Nos‘rm.

1203 1813 1337 1873 PII
1384 1812 1699 1873 PAPAE
1748 1813 1874 1873 IX.

1460 2028 1519 2106 ξ.
1557 2031 1615 2088 1.

542 2171 1005 2250 Pantheismm,
1039 2170 1524 2233 Naturalismus
1555 2178 1613 2232 et
1644 2172 2154 2234 Rationalismus
2185 2175 2527 2237 absolutus.

399 2339 459 2396 1.
516 2334 799 2394 Nullum
859 2350 1264 2411 supremum,
1319 2331 1906 2409 sapientissimum,
1968 2334 2764 2414 providentissimumque

315 2425 575 2486 Numen
624 2422 931 2483 divinum
962 2421 1230 2485 exsistit
1259 2422 1346 2482 ab
1375 2423 1502 2482 hae
1531 2438 1751 2483 rerum
1793 2423 2234 2484 universitate
2271 2425 2664 2485 distinctum
2697 2430 2766 2487 et

312 2514 493 2575 Deus
542 2513 721 2574 idem
766 2517 872 2573 est
907 2529 985 2572 ae
1028 2528 1253 2572 rerum
1290 2514 1534 2571 natura
1570 2514 1639 2571 et
1670 2512 1915 2572 ideireo
1947 2511 2526 2575 immutat-ionibus
2561 2516 2766 2576 obno-

318 2605 486 2683 xius,
542 2605 864 2679 Deusque
909 2619 1142 2680 reapse
1190 2601 1268 2662 fit
1299 2600 1369 2661 in
1408 2601 1676 2664 homine
1713 2607 1782 2663 et
1815 2601 2063 2662 mundo
2093 2607 2295 2680 atque
2327 2605 2550 2665 omnia
2579 2605 2767 2667 Deus

318 2700 475 2755 sunt
503 2696 577 2755 et
607 2692 1013 2769 ipsissimam
1050 2690 1181 2752 Dei
1216 2690 1470 2752 habeut
1506 2691 1949 2754 substantiam
1983 2709 2060 2752 ao
2090 2710 2226 2752 una
2257 2694 2619 2770 eademque
2657 2712 2766 2756 res

316 2787 416 2845 est
458 2784 652 2843 Deus
681 2798 834 2842 oum
879 2780 1129 2842 mundo
1160 2784 1229 2841 et
1261 2779 1539 2856 proinde
1579 2780 1857 2856 spiritus
1890 2798 2040 2841 eum
2074 2783 2370 2863 materia,
2405 2785 2766 2848 necessitas

314 2889 459 2933 eum
494 2872 830 2951 libertate,
870 2887 1105 2932 verum
1152 2886 1303 2930 eum
1334 2869 1524 2949 fals0‚
1565 2870 1814 2931 bonum
1851 2888 1998 2930 cum
2027 2872 2197 2931 malo
2231 2875 2299 2933 et
2330 2874 2580 2934 iustum
2613 2892 2761 2938 oum

314 2962 581 3025 iniusto.

484 3052 706 3112 Alloe.
743 3049 1033 3109 Maxima
1063 3048 1309 3124 quidem
1342 3052 1402 3109 9.
1437 3048 1618 3108 Iunii
1653 3051 1847 3110 1862.

397 3143 457 3202 2.
493 3139 819 3219 Neganda
865 3143 970 3200 est
999 3137 1212 3198 omnis
1249 3138 1379 3198 Dei
1415 3138 1587 3198 actio
1621 3138 1690 3198 in
1724 3139 2026 3199 homines
2058 3143 2124 3199 et
2157 3140 2498 3200 mundum.

488 3231 709 3291 Alloe.
743 3228 1037 3289 Maxima
1067 3228 1314 3304 quidem
1348 3231 1406 3286 9.
1442 3226 1625 3287 Iunii
1662 3230 1853 3286 1862.

397 3322 457 3381 3.
492 3321 813 3380 Humana
848 3317 1040 3398 ratiO,
1080 3317 1268 3377 nullo
1300 3333 1572 3392 prorsus
1610 3316 1738 3376 Dei
1774 3320 2080 3390 respectu
2104 3314 2355 3394 habito,
2392 3316 2631 3378 unicus
2661 3323 2764 3378 est

314 3409 452 3471 veri
489 3415 561 3471 et
593 3408 768 3487 falsi,
806 3405 965 3469 boni
1003 3409 1073 3466 et
1108 3405 1268 3465 mali
1305 3405 1576 3482 arbiter,
1617 3404 1745 3464 sibi
1781 3403 1906 3480 ipsi
1947 3413 2047 3465 est
2078 3405 2188 3466 lex
2228 3410 2297 3467 et
2344 3406 2764 3468 naturalibus

318 3500 453 3559 suis
496 3498 763 3559 viribus
798 3496 885 3556 ad
915 3495 1259 3555 hominum
1283 3511 1361 3554 ae
1392 3494 1788 3570 populorum
1820 3492 2068 3553 bouum
2100 3495 2466 3558 curandum
2499 3498 2760 3559 suffieit.

488 3588 708 3648 Alloe.
743 3586 1038 3646 Maxima
1066 3584 1314 3660 quidem
1347 3587 1407 3644 9.
1443 3583 1624 3643 Iunii
1659 3585 1852 3644 1862.

403 3681 461 3737 4.
511 3678 765 3738 Omnes
811 3673 1186 3752 Religionis
1231 3672 1554 3734 veritates
1601 3690 1683 3733 ex
1738 3673 1970 3734 nativa
2017 3675 2346 3737 humanae
2381 3677 2661 3738 rationis
2692 3677 2762 3737 vi

315 3764 655 3844 derivant3
708 3764 865 3825 hino
910 3764 1083 3824 ratio
1120 3767 1225 3823 est
1270 3761 1579 3839 princeps
1628 3780 1876 3840 norma,
1912 3783 2044 3838 qua
2091 3766 2286 3825 homo
2317 3767 2764 3842 cognitionem

318 3857 605 3916 omnium
655 3854 1131 3929 cuiuscumque
1161 3852 1426 3928 generis
1459 3853 1822 3912 veritatum
1854 3855 2119 3928 assequi
2153 3854 2364 3929 possit
2396 3872 2472 3914 ae
2504 3855 2762 3915 debeat.

489 3945 709 4022 Epist.
732 3943 980 4021 eneyel.
1014 3941 1139 4017 Qui
1152 3941 1450 4018 pluribus
1470 3943 1529 4001 9.
1556 3942 1954 4003 Novembris
1975 3945 2165 4002 1846.
2183 3976 2264 3986 -
2279 3942 2495 4017 Epist.
2514 3945 2761 4019 enoyel.

580 4033 914 4111 Sinqnlari
946 4032 1191 4109 quidem
1218 4033 1322 4092 17.
1350 4030 1579 4091 Martii
1613 4033 1805 4092 1856.
1836 4065 1917 4075 —-
1945 4031 2163 4092 Alloe.
2198 4030 2488 4091 Maxima
2519 4033 2763 4109 quide-m

581 4127 644 4183 9.
680 4122 863 4183 Iunii
902 4123 1098 4181 1862.

410 4215 469 4272 5.
502 4212 759 4272 Divina
802 4211 1127 4272 revelatio
1172 4214 1278 4271 est
1322 4209 1706 4284 imperfecta
1739 4217 1805 4269 et
1839 4208 2083 4269 idcireo
2113 4209 2414 4270 subiecta
2445 4211 2763 4272 continuo

328 4308 391 4358 et
432 4301 783 4363 indefinito
829 4300 1231 4378 progressui,
1282 4298 1399 4376 qm'
1451 4300 1781 4359 humanae
1836 4298 2116 4359 rationis
2161 4300 2612 4376 progressioni
2665 4319 2765 4361 re-

324 4390 658 4463 spondeat.

496 4480 715 4555 Epist.
739 4480 991 4555 encyol.
1031 4480 1156 4554 Qui
1177 4477 1474 4556 pluribus·
1507 4480 1565 4538 9.
1601 4477 1996 4558 Novembris
2038 4480 2230 4537 1846.
2261 4507 2340 4520 -—-
2371 4479 2586 4540 Alloc.
2625 4478 2765 4538 Μα-

579 4568 757 4628 xima
788 4569 1033 4644 quidem
1065 4573 1124 4629 9.
1161 4566 1344 4628 Iunii
1380 4568 1569 4628 1862.
