3529 5158
711 346 816 400 156
1340 358 1553 399 TRAc'r.
1592 358 1656 398 11.
1696 358 1783 397 me
1820 356 2236 399 conscmmu.
2275 356 2471 398 CAPUT
2508 357 2574 397 11.
3025 339 3178 425 [161]

706 461 888 531 state,
922 477 980 520 v.
1015 477 1108 541 gr.
1143 475 1221 519 an
1266 455 1451 520 liceat
1497 455 1650 519 mihi
1681 455 1744 517 in
1776 455 1891 519 tali
1923 455 2084 519 bello
2117 454 2300 518 dabie
2347 455 2509 518 iusto
2550 453 2885 518 militare...
2919 451 3171 535 Semper

707 560 919 641 itaque
952 557 1457 643 distinguendum
1489 578 1695 620 verum
1732 576 1767 623 a
1802 557 2009 620 licito:
2041 556 2299 620 dubium
2332 557 2493 620 enim
2524 554 2990 635 &conlationem
3023 554 3169 618 licet

707 662 772 725 in
806 661 1055 743 obliquo
1104 663 1166 724 et
1213 660 1422 743 potius
1468 665 1908 742 consequenter
1937 660 2226 743 respiciat
2261 659 2534 735 licitum3
2569 661 2778 723 tamen
2808 657 2872 721 in
2903 658 3073 721 recto
3104 659 3169 721 et

709 764 1128 847 principaliter
1189 762 1631 843 spoezdatizmaeu
1688 764 1935 847 respicit
1991 784 2221 836 verum,
2255 762 2609 843 practicam
2662 763 2873 825 autem
2918 760 3168 843 respicit

706 866 966 931 licitu-m.
1000 894 1034 925 »

797 971 1172 1036 Laudandus
1204 973 1299 1036 est
1330 991 1377 1035 s.
1412 972 1700 1036 Doctoris
1732 973 1992 1036 conatus
2038 970 2200 1034 clare
2231 966 2573 1050 explicandi
2611 966 2962 1050 perplexam
3006 966 3168 1030 hanc

706 1078 1199 1144 distinctionem:
1234 1078 1334 1143 sed
1385 1078 1657 1142 dubitari
1703 1080 1928 1160 potest,
1965 1096 2043 1140 an
2088 1076 2147 1141 id
2200 1075 2517 1138 assecutus
2564 1073 2667 1148 sit,
2702 1092 2843 1136 cum
2873 1073 3167 1154 deceptus

707 1182 992 1246 videatur
1024 1181 1334 1264 exemplis,
1369 1200 1527 1262 quae
1574 1180 1812 1244 attulit.
1849 1180 1928 1243 Et
1960 1197 2105 1243 sane
2135 1197 2314 1242 nemo
2347 1178 2535 1260 negat
2566 1176 3021 1259 speculatimm
3051 1175 3167 1239 du-

705 1285 879 1348 bium
926 1303 1088 1348 esse:
1125 1283 1237 1346 An.
1284 1299 1499 1347 LICEAT
1531 1284 1798 1363 pinyere
1847 1281 1940 1345 rel
1989 1282 2206 1344 vemt-ri
2249 1280 2348 1343 die
2393 1281 2569 1360 festo,
2602 1280 2943 1363 practicam
2989 1300 3163 1346 vero:

708 1385 820 1448 An
850 1384 959 1448 hoc
990 1386 1089 1448 die
1134 1384 1289 1464 festo
1336 1384 1491 1447 milei
1537 1383 1721 1447 liceat
1755 1385 1986 1446 venari.
2021 1383 2103 1447 Et
2148 1387 2356 1448 tamen
2396 1382 2727 1464 utrobique
2755 1383 3040 1464 quaestio
3073 1388 3167 1449 est

707 1487 780 1553 de
812 1487 1127 1551 honestate
1172 1506 1279 1552 seu
1319 1488 1392 1551 de
1440 1487 1609 1550 licito
1656 1491 1716 1550 et
1762 1486 2002 1559 illicita,
2035 1486 2132 1550 uti
2177 1486 2376 1569 reipsa
2423 1487 2785 1551 statuebant
2831 1484 3166 1552 Caietanus

708 1594 771 1656 et
804 1590 1094 1669 Sanchez‚
1130 1592 1239 1674 qui
1270 1591 1568 1674 plurimos
1594 1592 1728 1654 DD.
1755 1610 1865 1673 pro
1898 1590 2111 1655 eodem
2143 1608 2326 1653 sensu
2359 1589 2593 1674 allegat
2623 1588 2698 1653 de
2721 1589 2926 1652 DIatr.
2959 1590 3069 1654 lib.
3105 1593 3164 1655 2.

706 1695 861 1777 disp.
897 1695 1003 1756 41.
1036 1714 1094 1756 n.
1129 1694 1190 1757 8.

796 1799 1120 1862 Praeterea
1154 1816 1296 1861 cum
1327 1797 1556 1861 veritas
1587 1797 1650 1860 in
1681 1796 1862 1860 rebus
1909 1795 2196 1878 practicis
2243 1795 2603 1859 desuniatur
2649 1815 2687 1860 a
2731 1796 3166 1862 conformitate

706 1920 849 1963 cum
873 1903 1040 1963 recto
1068 1899 1349 1982 appetitu
1367 1899 1455 1981 (n.
1486 1898 1682 1979 132),
1709 1899 1902 1980 patet,
1929 1916 2143 1961 verum
2167 1915 2289 1962 non
2312 1897 2616 1982 distingui
2640 1917 2674 1962 a
2699 1902 2865 1965 recto
2890 1903 2954 1963 et
2983 1899 3167 1966 hone-

706 2005 806 2067 sto
846 2005 908 2066 et
938 2002 1110 2066 licito
1136 2003 1249 2085 (a).

794 2105 1116 2188 Laymann
1162 2124 1304 2169 vero
1352 2104 1740 2186 quaestiones
1786 2102 1930 2166 illas
1976 2122 2084 2167 seu
2115 2103 2396 2182 exempla
2440 2103 2618 2167 dubii
2662 2105 3029 2185 spemdativi
3073 2126 3169 2172 ex·

704 2208 892 2271 clusit
940 2226 975 2270 a
1022 2205 1328 2289 praesenti
1374 2204 1787 2269 distinctione.
1821 2205 2068 2269 Etenim
2113 2204 2186 2268 de
2227 2204 2442 2270 Conso.
2478 2226 2529 2269 c.
2564 2209 2624 2270 5.
2658 2227 2720 2270 n.
2754 2209 2814 2271 2.
2848 2208 3048 2291 primo
3081 2209 3167 2273 di·

703 2310 972 2394 stinguit
1004 2309 1261 2373 dubium
1291 2310 1354 2373 in
1386 2327 1549 2373 mere
1579 2307 2024 2387 speculate'wmz
2054 2309 2117 2372 et
2135 2309 2507 2387 practicam.
2532 2309 2812 2374 Primum
2843 2310 2996 2376 dicit
3033 2338 3068 2369 ‹<
3100 2314 3161 2376 in

705 2432 829 2495 quo
877 2413 1102 2477 directe
1149 2431 1270 2477 non
1331 2411 1651 2493 quaeritur
1695 2410 1769 2475 de
1815 2410 1987 2493 praxi
2035 2429 2142 2475 seu
2197 2410 2467 2475 humana
2523 2412 2783 2489 actione,
2833 2416 3047 2478 utrum
3092 2434 3166 2479 ea

702 2516 878 2582 ficita
910 2516 993 2581 sit
1028 2534 1241 2596 necne,
1277 2513 1381 2578 sed
1426 2513 1500 2578 de
1545 2513 1815 2595 quodam
1862 2513 2144 2599 legitimo
2190 2533 2250 2576 v.
2283 2534 2375 2599 gr.
2409 2517 2684 2578 utrum...
2718 2516 3164 2582 testamentum

704 2621 788 2685 sit
819 2620 1191 2704 legitimum,
1225 2622 1438 2682 utrum
1469 2619 1958 2692 matrimonium.
1992 2618 2157 2700 quod
2189 2619 2484 2694 contraxi,
2512 2619 2596 2684 sit
2625 2619 2922 2694 validmn,
2949 2625 3165 2686 utrum

703 2723 955 2798 bellum,
982 2722 1046 2785 in
1070 2740 1192 2803 quo
1217 2721 1441 2796 milito,
1467 2721 1704 2784 iustum
1729 2721 1834 2792 sit,
1859 2722 2074 2784 utrum
2096 2739 2312 2802 equus,
2337 2740 2521 2802 quem
2554 2722 2855 2804 possideo,
2882 2723 2966 2787 sit
2988 2743 3164 2789 meus

706 2844 910 2889 necne.
946 2824 1222 2887 Dubium
1269 2823 1609 2906 practicum
1655 2825 1770 2896 est,
1804 2823 1867 2886 in
1915 2842 2036 2904 quo
2084 2823 2311 2887 directe
2357 2824 2676 2905 quaeritur
2723 2825 2796 2890 de
2836 2828 3010 2909 praxi
3056 2846 3162 2891 seu

708 2927 948 2992 actione
995 2926 1238 2999 morali,
1271 2945 1421 2990 num
1454 2945 1524 2989 ea
1556 2925 1727 2990 licita
1762 2925 1845 2989 sit
1877 2951 1939 2988 ».
1973 2926 2129 2990 Dein
2160 2927 2503 3009 practicum
2549 2928 2636 2992 sic
2682 2928 2910 2993 iterum
2943 2929 3007 2992 in
3040 2929 3162 2995 duo

702 3030 1062 3115 distinguit:
1106 3055 1139 3088 «
1164 3031 1299 3094 Hoc
1336 3029 1564 3094 iterum
1595 3028 1818 3112 duplex
1849 3032 1963 3103 est,
1999 3032 2248 3095 auctore
2280 3029 2596 3104 Caietano,
2630 3029 3012 3098 Covarruvia
3045 3039 3160 3098 etc.

704 3134 915 3200 Unum
946 3133 1231 3217 generale
1261 3135 1324 3196 et
1356 3132 1758 3206 abstractum,
1786 3116 2026 3196 ut‘cum
2049 3132 2286 3207 dubito,
2312 3137 2526 3197 utrum
2557 3136 2911 3199 contractus
2944 3155 3163 3202 census

704 3235 1041 3322 germanici
1071 3235 1392 3300 usurarius
1424 3236 1524 3308 sit,
1560 3238 1775 3299 utrum
1803 3234 1990 3300 liceat
2022 3234 2118 3300 die
2150 3236 2305 3302 festo
2339 3237 2585 3314 bellare,
2620 3238 2861 3321 piscari,
2890 3238 3160 3325 pingere.

702 3340 989 3403 Alterum
1036 3340 1131 3402 est
1177 3338 1434 3402 dubium
1481 3338 1722 3421 proprie
1770 3339 2111 3420 practicum
2158 3357 2264 3403 seu
2311 3341 2576 3423 practice
2622 3341 2984 3424 practicum,
3019 3361 3160 3407 cum

702 3444 766 3507 in
799 3442 1159 3525 particulari
1206 3441 1548 3516 dubitatur,
1583 3444 1798 3505 utrum
1843 3442 1944 3505 hic
1989 3445 2053 3506 et
2096 3461 2257 3506 nunc
2287 3443 2441 3507 mihi
2472 3444 2656 3508 liceat
2703 3444 2800 3509 die
2841 3444 2999 3510 festo
3032 3445 3165 3528 pin-

701 3563 843 3628 gere
874 3546 1033 3607 etc...
1070 3542 1294 3608 Merito
1343 3545 1553 3607 autem
1600 3543 1715 3607 hoc
1761 3544 2020 3608 dubium
2067 3545 2416 3628 appellatur
2462 3547 2701 3629 proprie
2747 3565 2854 3611 seu
2892 3545 3162 3630 practice

702 3645 1071 3730 practicum;
1107 3645 1254 3726 quia
1300 3645 1637 3728 propinque
1684 3648 1777 3709 est
1810 3646 1884 3711 de
1930 3648 2102 3730 praxi
2149 3667 2255 3712 seu
2303 3649 2543 3713 actione
2588 3648 2830 3725 morali,
2865 3653 3163 3733 spectatis

702 3749 965 3833 singulis
1027 3749 1527 3813 circumstantiis.
1585 3750 1861 3814 Dubium
1917 3770 2059 3816 vero
2112 3751 2270 3816 illud
2321 3755 2605 3837 generale
2658 3758 2721 3819 et
2775 3755 3162 3820 abstractum

702 3852 903 3937 magis
952 3854 1047 3916 est
1094 3854 1401 3917 remotum
1449 3872 1483 3916 a
1532 3853 1705 3935 praxi
1752 3853 2069 3919 etidcirco
2104 3875 2137 3919 a
2169 3855 2541 3937 quibusdam
2572 3858 3029 3939 speculativum
3062 3879 3163 3923 vo-

701 3957 829 4020 cari
860 3957 1037 4032 solet,
1073 3957 1531 4039 comparat-ione
1564 3956 1850 4021 videlicet
1882 3957 2137 4022 alterius
2169 3958 2370 4041 magis
2402 3959 2676 4040 practici,
2703 3960 2866 4025 sicut
2890 3959 3159 4025 Sanchez

701 4059 947 4124 notavit
978 4086 1038 4121 ».

792 4162 967 4226 Unde
1000 4165 1274 4243 apparet,
1308 4180 1399 4232 ea,
1434 4181 1592 4243 quae
1624 4181 1670 4225 S.
1706 4162 2061 4244 Alphonsus
2094 4161 2171 4226 ad
2203 4164 2657 4245 speculativum
2687 4164 2946 4230 dubium
2995 4187 3165 4233 revo-

700 4264 886 4338 cavit,
924 4264 1023 4326 vix
1057 4269 1165 4327 aut
1200 4283 1271 4328 ne
1305 4265 1404 4327 vix
1436 4264 1683 4345 quidem
1717 4265 1793 4328 ad
1826 4267 2207 4348 praesentem
2254 4266 2678 4348 quaestionem
2725 4267 3047 4350 pertinere.
3081 4270 3162 4335 Et

778 4513 844 4562 (a)
873 4509 986 4552 Huc
1014 4521 1192 4553 revoca
1222 4512 1530 4555 sententiam
1560 4525 1599 4554 s.
1630 4512 1846 4558 'rhomae
1875 4514 1910 4558 1.
1942 4529 1990 4569 q.
2011 4515 2078 4558 79.
2107 4521 2206 4558 art.
2231 4515 2280 4558 11
2326 4515 2390 4558 ad
2420 4516 2488 4558 2:
2524 4535 2541 4554 ι
2564 4516 2824 4561 obiectum
2854 4519 3151 4564 intellectus

699 4579 905 4630 practici
932 4581 1007 4619 est
1036 4576 1222 4620 bonum
1251 4577 1532 4622 ordinabile
1559 4580 1624 4623 ad
1652 4592 1778 4635 opus
1807 4594 1892 4626 eun
1921 4594 2127 4625 aaron
2155 4594 2266 4625 vaux
2287 4601 2327 4627 ›.
