3529 5158
740 357 865 399 1011
1617 353 1828 396 snmus
1865 352 2334 396 OBRONOLOGIGA

1864 546 1924 624 ξ.
1975 546 2061 605 X.

1037 674 1313 734 Eri-ores
1347 674 1454 750 qui
1486 674 1570 731 ad
1622 672 1815 732 libera
1826 673 2074 731 l‘e‘smum
2111 671 2476 730 hodiernum.
2507 670 2891 749 reseruntur.

842 823 944 880 77.
981 822 1230 879 Aetate
1277 819 1404 878 hac
1452 822 1703 894 nostra,
1733 833 1867 876 non
1897 816 2190 892 amplius
2220 815 2495 891 expedit
2524 816 2940 892 Religionem
2973 819 3197 880 catho-

746 912 941 971 licam
990 908 1221 969 haberi
1269 911 1591 983 tanquam
1631 905 1898 966 unicam
1935 906 2170 967 Status
2200 905 2613 985 religionem,
2637 908 2877 969 ceteris
2923 908 3198 984 quibus-

738 1016 1022 1074 cumque
1069 997 1365 1058 cultibus
1408 995 1715 1058 exclusis,

926 1089 1142 1148 Alloc.
1178 1088 1378 1147 Nemo
1426 1093 1701 1146 vestrum
1725 1087 1832 1146 26.
1866 1084 2025 1146 Iulii
2062 1087 2254 1146 1855.

837 1181 937 1239 78.
990 1178 1173 1238 Hinc
1217 1176 1645 1237 laudabiliter
1705 1175 1774 1234 in
1845 1173 2242 1250 quibusdam
2292 1173 2603 1235 catholici
2647 1174 2938 1236 nominis
2984 1174 3195 1251 regio-

751 1268 952 1328 nibus
998 1268 1147 1343 lege
1193 1271 1461 1326 cautum
1512 1270 1633 1339 est,
1669 1269 1748 1326 ut
1794 1264 2178 1324 hominibus
2221 1263 2383 1323 illuc
2430 1263 2970 1340 immigrantibus
3002 1264 3198 1325 liceat

742 1357 1087 1432 publicum
1133 1356 1382 1432 proprii
1433 1354 1757 1429 cuiusque
1804 1354 2027 1414 cuitus
2071 1352 2464 1413 exercitium
2512 1352 2776 1415 habere.

837 1445 1054 1505 Alloc.
1091 1444 1582 1504 Acerbicsimum
1618 1445 1723 1503 27.
1753 1442 2165 1517 Septembris
2197 1443 2392 1503 1852.

842 1537 945 1595 79.
988 1534 1350 1595 Enimvero
1397 1532 1642 1593 falsum
1687 1536 1793 1592 est
1839 1531 2105 1592 civilem
2166 1530 2493 1606 cuiusque
2528 1531 2753 1593 cultus
2818 1532 3194 1594 libertatem

755 1625 1050 1700 itemque
1097 1624 1365 1699 plenam
1410 1626 1812 1698 potestatem
1872 1621 2180 1681 omnibus
2234 1620 2632 1681 attributam
2676 1621 3013 1697 quaslibet
3055 1622 3197 1697 opi-

743 1715 976 1775 niones
1027 1713 1604 1789 cogitationesque
1639 1712 1859 1787 palam
1891 1709 2292 1787 publiceque
2321 1709 2798 1772 manifestandi
2829 1712 3197 1772 conducere

748 1804 834 1863 ad
880 1803 1279 1879 populorum
1327 1818 1543 1862 mores
1590 1800 1982 1875 animosque
2015 1799 2279 1860 facilius
2310 1800 2827 1875 corrumpendos
2872 1818 2950 1861 ac
2994 1800 3198 1860 indif-

741 1891 1115 1952 ferentismi
1165 1896 1420 1966 pestem
1464 1889 1985 1966 propagandam.

832 1981 1048 2041 Alloc.
1086 1980 1429 2056 Nunquam
1460 1980 1615 2056 sore
1653 1982 1757 2040 15.
1801 1979 2187 2040 Decembris
2233 1982 2425 2039 1856.

831 2073 934 2131 80.
985 2071 1326 2131 Romanus
1371 2068 1690 2129 Pontifex
1735 2072 1960 2144 potest
2004 2086 2082 2129 ac
2113 2070 2311 2130 debet
2342 2087 2490 2130 cum
2525 2084 2900 2148 progressu,
2934 2084 3086 2129 cum
3118 2068 3195 2127 li-

754 2160 1107 2221 beralismo
1139 2164 1210 2219 et
1239 2176 1384 2219 cum
1421 2158 1673 2219 recenti
1704 2158 2034 2219 civilitate
2057 2175 2199 2219 sese
2225 2157 2653 2219 reconciliare
2682 2160 2755 2219 et
2782 2174 3192 2235 componere.

933 2249 1151 2309 Alloc.
1187 2249 1573 2309 Iamdudum
1620 2248 1932 2309 cernimus
1966 2253 2068 2310 18.
2105 2249 2332 2308 Martii
2372 2251 2565 2309 1861.
