3529 5158
716 330 825 385 634
1564 345 1834 385 Armmx
1871 346 1911 384 1.
1950 344 2350 387 mssnnrxno

1686 552 2224 619 DISSERTATIO

730 759 741 781 ·
817 750 872 811 1.
907 746 1083 828 Quod
1123 767 1171 812 s.
1212 748 1445 812 Doctor
1476 747 1833 830 Alphonsus
1868 749 2004 812 tum
2035 749 2097 812 in
2134 750 2582 815 Dissertatione
2615 752 2782 816 edita
2816 773 2954 818 ann.
2998 755 3186 818 1749.

722 854 859 916 tum
890 852 953 915 111
994 851 1396 933 amplissima,
1432 869 1619 932 quam
1654 850 1848 915 edidit
1880 870 2018 914 ann.
2051 852 2265 926 1755„
2301 872 2420 916 non
2460 854 2662 917 solum
2703 854 3042 932 admiserit,
3083 857 3188 921 sed

722 954 1170 1036 impensissime
1217 956 1280 1017 et
1327 953 1712 1037 argumentis
1769 953 2194 1036 undecumque
2241 956 2538 1037 quaesitis
2593 960 3082 1041 propugnaverit
3126 960 3193 1024 et

722 1057 799 1121 ab
832 1055 1328 1121 adversariorum
1363 1055 1811 1120 obiectionibus
1842 1056 2071 1120 invicte
2104 1057 2509 1122 vindicaverit
2532 1059 2878 1125 doctrinam
2909 1061 2980 1124 de
3015 1061 3188 1125 licito

720 1182 840 1225 usu
872 1160 1185 1240 opinionis
1197 1156 1552 1237 probabilis
1579 1159 1644 1220 in
1669 1178 1973 1221 concursu
2006 1160 2192 1222 etiam
2203 1159 2657 1238 probabilioris
2667 1182 2792 1241 pro
2819 1159 2968 1243 Iope,
2994 1184 3192 1246 neque

723 1262 937 1345 negari
984 1280 1178 1343 neque
1224 1262 1288 1323 in
1335 1259 1594 1324 dubium
1622 1261 1836 1324 'vocari
1882 1279 2060 1343 posse
2107 1262 2287 1343 plane
2334 1262 2598 1326 videtur.
2649 1264 2973 1348 Legantur
3010 1284 3192 1350 argu·

722 1366 952 1438 menta,
1003 1382 1161 1445 quae
1210 1362 1421 1427 exinde
1470 1362 1546 1425 ad
1596 1363 1852 1427 verbum
1899 1362 2226 1445 desumpta
2272 1366 2670 1431 recitavimus
2703 1368 2766 1430 in
2808 1368 2885 1430 tr.
2927 1368 3002 1432 de
3033 1367 3191 1432 Con·

725 1466 1002 1531 scientia.

817 1570 876 1632 2.
899 1567 1118 1632 Adhuc
1142 1569 1351 1631 tamen
1373 1568 1632 1631 interest
1657 1568 1886 1631 certius
1910 1587 2108 1643 nosse,
2134 1589 2286 1633 num
2303 1570 2366 1633 et
2382 1571 2687 1651 quantum
2713 1571 2778 1648 ii,
2805 1573 2914 1653 qui
2935 1572 3192 1636 eandem

726 1669 882 1733 hanc
914 1668 1260 1734 doctrinam
1299 1673 1643 1751 sequuntur
1690 1690 1761 1733 ac
1800 1670 2188 1751 profitentur,
2238 1671 2416 1753 pleno
2456 1690 2708 1754 prorsus
2755 1674 2893 1737 iure
2939 1675 3190 1739 eandem

728 1771 1010 1836 absolute
1044 1773 1275 1853 queant
1321 1772 1701 1836 communire
1750 1773 2045 1857 suffragio
2081 1778 2209 1838 tam
2246 1774 2471 1845 valido,
2507 1776 2858 1841 cuiusmodi
2906 1798 3053 1842 sane
3101 1782 3194 1842 est

727 1875 1070 1939 auctoritas
1096 1895 1143 1938 s.
1172 1875 1460 1941 Doctoris
1493 1875 1814 1958 Alphonsi‚
1849 1876 2068 1958 utpote
2100 1877 2275 1940 cuius
2309 1877 2588 1941 doctrina
2617 1878 2772 1944 adeo
2809 1881 3190 1962 praeclaram

729 1978 805 2041 ab
851 1978 1124 2040 Ecclesia
1171 1977 1769 2042 commendationem
1815 1981 1878 2040 et
1925 1979 2435 2061 approbationem
2481 1982 2706 2044 sortita
2755 1985 2867 2047 est.
2911 1982 3000 2047 Ut
3032 1984 3192 2047 enim

727 2080 991 2156 constat,
1035 2101 1081 2143 s.
1120 2080 1351 2144 Doctor
1398 2080 1677 2162 deinceps
1726 2080 1888 2144 vires
1929 2100 2138 2145 onmes
2187 2102 2256 2144 ac
2304 2102 2366 2146 se
2416 2083 2623 2146 totum
2671 2083 2761 2147 ita
2799 2085 3073 2149 contulit
3118 2084 3192 2147 ad

728 2182 1164 2247 defendendam
1213 2184 1427 2246 contra
1475 2183 2008 2266 probabilioristas
2074 2184 2377 2249 theoriam
2432 2186 3070 2266 acqmprobabile'sme)
3121 2190 3194 2250 ut

728 2290 945 2351 auctor
984 2288 1046 2350 et
1084 2305 1304 2369 parens
1338 2286 1524 2349 huius
1562 2305 1671 2348 ceu
1706 2287 1851 2349 novi
1891 2288 2248 2369 systematis
2281 2289 2621 2370 nuncupari
2655 2289 2946 2353 meruerit
2977 2300 3090 2369 (a).

736 2453 1015 2460 —q—aw·

809 2581 872 2632 (8)
900 2578 969 2622 Ut
1000 2576 1184 2629 studio,
1214 2577 1346 2631 quod
1378 2581 1550 2620 nostra
1580 2579 1746 2620 aetate
1778 2576 1931 2631 viget,
1963 2577 2230 2620 historicae
2261 2576 2494 2621 verit-atis
2522 2590 2756 2631 geramus
2781 2590 2986 2630 morem,
3022 2578 3195 2621 adver·

728 2651 886 2694 timus
914 2652 1017 2693 iam
1046 2649 1226 2692 saltem
1258 2650 1320 2692 ab
1348 2649 1496 2692 initio
1516 2649 1674 2693 seculi
1698 2650 1762 2693 17.
1785 2650 2037 2693 exstitisse
2067 2650 2319 2700 Doctores,
2341 2650 2429 2702 qui
2457 2661 2615 2703 aeque
2645 2649 3067 2703 probabilismum
3089 2663 3192 2703 pro·

730 2722 989 2775 posuerint
1018 2724 1069 2764 et
1096 2721 1431 2764 defenderint.
1456 2721 1589 2763 Satis
1617 2722 1684 2764 sit
1712 2721 1894 2765 afferre
1923 2723 2048 2764 duos
2070 2734 2095 2764 e
2116 2721 2363 2765 Societate
2383 2721 2498 2765 Iesu
2517 2722 2817 2776 eosdemque
2846 2723 3060 2765 untione
3081 2721 3196 2764 Ger-

728 2805 917 2844 manoS‚
950 2791 1366 2844 Christophorum
1396 2791 1598 2835 Rassler
1629 2796 1678 2835 et
1708 2794 1989 2836 Antonium
2011 2794 2171 2846 Mayr.

811 2864 990 2918 Itaque
1028 2862 1214 2906 Christ.
1254 2861 1457 2907 Rassler
1496 2863 1802 2918 (leet-1730.)
1832 2866 1884 2908 in
1917 2878 2061 2918 opere
2099 2867 2281 2909 Norma
2317 2869 2432 2908 recti
2467 2866 2604 2920 Disp.
2643 2867 2684 2909 3.
2716 2880 2763 2920 q.
2793 2866 2836 2909 9.
2867 2880 2916 2910 8.
2945 2868 2989 2909 3.
3020 2880 3073 2910 n.
3103 2868 3196 2909 451·

730 2936 954 2992 primum
981 2936 1224 2979 adversus
1253 2935 1542 2978 tutior-istas
1560 2937 1746 2980 statuit
1767 2937 1898 2980 118110
1918 2937 2118 2981 thesim.
2149 2956 2166 2975 e
2187 2937 2332 2981 Dico:
2357 2943 2520 2992 potest
2541 2938 2757 2992 quilibet
2778 2939 3039 2992 operando
3060 2940 3196 2982 licite

730 3009 871 3064 sequi
900 3009 1185 3064 opinionem
1214 3009 1368 3052 etiam
1397 3009 1566 3051 minus
1604 3011 1788 3062 tutam,
1829 3010 1915 3051 sed
1945 3015 2135 3060 tamen,
2166 3009 2508 3064 comparative
2547 3023 2761 3064 quoque,
2792 3010 3108 3064 probabilem
3138 3010 3196 3051 de

708 3082 994 3126 'honestate
1024 3081 1106 3124 vel
1134 3081 1345 3124 licentia
1374 3081 1591 3123 alicuius
1620 3081 1851 3124 actionis,
1883 3080 2088 3133 quando
2126 3082 2239 3134 ipsi,
2278 3081 2510 3122 omnibus
2548 3081 2646 3124 rite
2677 3082 2955 3136 perpensis,
2987 3089 3194 3136 apparet

731 3155 913 3198 saltem
941 3157 1002 3196 ut
1031 3165 1190 3207 aeque
1220 3153 1301 3196 vel
1330 3151 1475 3206 quasi
1496 3163 1652 3206 aeque
1674 3152 1946 3205 probabilis
1967 3165 2024 3195 80
2044 3153 2270 3206 opposita
2291 3151 2466 3195 tutior.
2487 3153 2604 3196 Dixi
2624 3165 2767 3206 aeque
2785 3153 2855 3196 vel
2871 3157 3018 3206 quam*
3033 3165 3195 3206 aeque:

731 3227 853 3281 quia
880 3225 1082 3280 quando
1110 3225 1451 3279 inaequalitas
1478 3224 1854 3278 probabilitatis
1871 3224 2007 3267 inter
2028 3225 2154 3267 duas
2181 3224 2440 3278 opiniones
2470 3224 2721 3279 oppositas
2741 3237 2844 3269 non
2864 3233 2943 3268 est
2965 3224 3197 3275 notabilis,

730 3299 815 3342 sed
844 3299 983 3352 talis,
1013 3301 1071 3340 ut
1105 3297 1209 3350 ipse
1252 3297 1406 3339 etiam
1441 3309 1653 3350 operans
1693 3296 1780 3337 vix
1819 3309 1918 3338 non
1949 3296 2054 3338 sine
2096 3309 2279 3349 magna
2309 3309 2423 3339 cum
2463 3295 2734 3339 formidine
2773 3296 2993 3350 oppositi
3036 3296 3198 3338 dicere

731 3371 900 3426 possit,
932 3375 1051 3412 utra
1088 3381 1262 3413 earum
1301 3369 1396 3411 sibi
1434 3368 1739 3423 probabilior
1778 3367 2030 3416 videatur,
2071 3368 2270 3410 etiamsi
2313 3369 2538 3411 fortassis
2580 3366 2909 3421 aliquantulo
2949 3368 3111 3423 magis
3147 3369 3196 3408 in

731 3456 888 3487 unam
915 3455 1070 3496 quam
1098 3443 1151 3485 in
1182 3443 1399 3486 alteram
1428 3441 1731 3492 inclinetur3
1754 3453 1934 3493 parum
1960 3443 2042 3482 hoc
2070 3442 2371 3483 communiter
2391 3452 2484 3492 pro
2516 3440 2656 3482 nihilo
2685 3441 2937 3493 reputatur
2955 3445 3007 3482 et
3030 3440 3199 3483 eodem

732 3515 879 3557 modo
906 3515 969 3556 ab
998 3517 1232 3568 utraque,
1264 3515 1317 3556 in
1344 3513 1439 3555 1180
1468 3511 1826 3563 controversia,
1868 3509 2184 3565 litigantium
2225 3515 2367 3564 parte
2407 3511 2727 3560 discernitur,
2759 3523 2859 3563 quo
2888 3511 3201 3554 discernitur

733 3587 786 3628 in
816 3598 936 3628 casu
965 3586 1277 3629 omnimodae
1308 3597 1365 3628 80
1394 3584 1644 3638 perfectae
1674 3583 2004 3636 aequalitatis
2025 3583 2158 3625 inter
2181 3582 2587 3636 probabilitatem
2617 3583 2771 3624 unius
2792 3589 2844 3624 et
2865 3582 3082 3626 alterius
3101 3584 3200 3637 opi-

733 3658 898 3700 nionis
920 3675 958 3701 ι.

814 3729 957 3772 Hanc
986 3729 1332 3784 quaestionem
1361 3728 1507 3781 longo
1527 3728 1732 3780 latoque
1752 3739 1978 3770 sermone
2010 3731 2313 3781 pertractum
2345 3731 2455 3769 tum
2478 3740 2506 3769 8
2527 3740 2576 3769 11.
2607 3727 2700 3768 920.
2727 3727 2790 3770 ad
2812 3741 2861 3781 q.
2885 3728 2952 3770 10.
2978 3727 3197 3770 accedit:

740 3819 757 3838 ‹
780 3802 860 3844 An
889 3801 1091 3845 licitum
1122 3803 1203 3852 sit,
1235 3801 1288 3843 in
1317 3799 1582 3853 operando,
1616 3812 1665 3841 se
1698 3799 2009 3842 conformare
2039 3799 2260 3850 opinioni
2281 3799 2450 3840 minus
2479 3801 2638 3851 tutae,
2663 3798 2869 3851 quando
2899 3797 3026 3842 11800
3049 3799 3198 3841 simul

736 3876 794 3915 ut
824 3873 1086 3916 notabiliter
1126 3874 1281 3915 minus
1313 3871 1568 3925 probabilis
1605 3874 1814 3924 apparet
1852 3869 2080 3924 opposita
2122 3871 2310 3912 tutiore
2335 3889 2371 3912 ι.
2401 3869 2581 3912 Multis
2619 3873 2792 3912 autem
2831 3871 2884 3912 in
2928 3875 3203 3924 utramque

734 3948 931 3999 partem
959 3945 1252 3998 disputatis,
1281 3944 1537 3988 concludit
1566 3957 1617 3986 n.
1648 3944 1799 3986 1124.:
1827 3961 1844 3980 ε
1867 3943 2070 3994 Censen,
2098 3942 2481 3995 probabiliorem
2512 3954 2615 3984 esse
2645 3942 2700 3984 in
2729 3940 2824 3984 hac
2855 3941 3201 3985 controversia

734 4017 1041 4060 sententiam
1072 4015 1358 4069 rigidiorem
1382 4034 1399 4052 ι
1426 4028 1635 4068 eamque
1664 4015 1896 4068 pluribus
1918 4014 2232 4068 argumentis
2253 4019 2516 4066 tamquam
2546 4014 2597 4054 in
2629 4014 2776 4066 praxi
2799 4015 3107 4067 sequendam
3129 4016 3199 4056 ni·

734 4088 867 4132 titur
895 4089 1255 4136 demonstrare,
1286 4099 1504 4141 quorum
1544 4090 1960 4140 argumentorum
1999 4087 2315 4138 potissimum
2343 4085 2476 4127 illud
2505 4089 2597 4132 est,
2626 4085 2760 4137 quod
2790 4087 2844 4127 et
2883 4086 3112 4138 produm‘t
3142 4085 3193 4126 in

734 4162 937 4215 synopsi
966 4161 1125 4204 totius
1152 4160 1314 4214 operis
1341 4161 1485 4214 parte
1515 4163 1640 4214 post.
1672 4172 1722 4202 n.
1752 4159 1821 4202 87.
1851 4159 1986 4201 hisce
2017 4158 2197 4200 verbis).
2225 4177 2241 4193 ‹
2265 4157 2429 4199 Huius
2466 4155 2758 4199 assertionis
2786 4157 2924 4200 ratio
2959 4169 3012 4199 08
3053 4154 3197 4197 nobis

735 4234 996 4287 potissima
1025 4245 1127 4275 esse
1158 4232 1377 4284 videtur,
1408 4231 1540 4286 quod
1570 4231 1628 4273 de
1660 4229 1806 4272 rebus
1829 4229 2101 4271 moralibus
2131 4241 2404 4282 earumque
2433 4227 2641 4270 licentia
2672 4228 2752 4269 vel
2784 4227 3119 4281 prohibitione
3141 4233 3198 4269 ut

736 4305 1017 4357 plurimum
1046 4316 1137 4346 nec
1168 4302 1424 4346 evidentia
1452 4303 1625 4345 haberi
1656 4303 1818 4355 potest
1849 4313 1938 4344 nec
1968 4300 2121 4343 etiam
2153 4299 2404 4343 certitudo
2433 4298 2637 4342 moralis
2666 4297 2843 4342 stricte
2873 4305 3097 4353 accepta.
3118 4298 3198 4341 sed

737 4373 1063 4428 probabilitas
1095 4378 1297 4417 tantum
1328 4374 1560 4427 Deusque
1589 4373 1839 4427 plurimas
1881 4373 2013 4426 leges
2052 4370 2227 4425 primis
2256 4384 2285 4413 8
2324 4369 2586 4424 principiis
2616 4369 2769 4423 paulo
2798 4373 3098 4414 remotiores
3125 4383 3204 4412 vo-

738 4445 893 4487 luerit
924 4458 1026 4491 esse
1056 4459 1155 4490 non
1194 4446 1397 4488 omnino
1436 4446 1599 4488 018180
1639 4446 1879 4498 nobisque
1924 4447 2101 4494 certas,
2134 4443 2216 4484 sed
2255 4443 2492 4484 obscuras
2521 4449 2572 4484 et
2601 4441 2694 4483 sub
2722 4441 2960 4495 opinione
3002 4444 3200 4496 positas.

738 4515 902 4563 Quare
934 4519 991 4557 ut
1020 4530 1080 4559 ne
1111 4518 1311 4559 eaedem
1332 4521 1561 4569 respectu
1579 4517 1934 4569 plerorumque
1955 4515 2218 4557 hominum
2239 4517 2403 4556 essent
2433 4513 2642 4556 inutiles
2671 4513 2753 4556 vel
2784 4513 2969 4555 saltem
2992 4519 3048 4555 ut
3072 4512 3200 4566 apud

738 4598 973 4638 magnam
1004 4586 1265 4629 hominum
1296 4591 1493 4639 partem
1514 4588 1758 4630 haberent
1783 4590 1886 4628 vim
1908 4587 2064 4630 etiam
2086 4586 2364 4638 proximam
2386 4585 2660 4639 obligandi,
2683 4583 2904 4626 voluisse
2925 4584 3204 4628 censendus
