<?xml version="1.0" encoding="UTF-8"?>
<!DOCTYPE html PUBLIC "-//W3C//DTD XHTML 1.0 Transitional//EN"
    "http://www.w3.org/TR/xhtml1/DTD/xhtml1-transitional.dtd">
<html xmlns="http://www.w3.org/1999/xhtml" xml:lang="en" lang="en">
 <head>
  <title>
</title>
<meta http-equiv="Content-Type" content="text/html;charset=utf-8" />
  <meta name='ocr-system' content='tesseract 3.04.00' />
  <meta name='ocr-capabilities' content='ocr_page ocr_carea ocr_par ocr_line ocrx_word'/>
</head>
<body>
  <div class='ocr_page' id='page_1' title='image "./opustheologicum00palmgoog/opustheologicum00palmgoog_0463.png"; bbox 0 0 3529 5158; ppageno 0'>
   <div class='ocr_carea' id='block_1_1' title="bbox 718 304 3192 382">
    <p class='ocr_par' dir='ltr' id='par_1_1' title="bbox 718 304 3192 382">
     <span class='ocr_line' id='line_1_1' title="bbox 718 304 3192 382; baseline 0.001 -22"><span class='ocrx_word' id='word_1_1' title='bbox 718 307 828 361; x_wconf 83' lang='lat'>368</span> <span class='ocrx_word' id='word_1_2' title='bbox 1244 318 1458 361; x_wconf 60' lang='lat' dir='ltr'>macr.</span> <span class='ocrx_word' id='word_1_3' title='bbox 1499 318 1588 359; x_wconf 91' lang='lat'>111.</span> <span class='ocrx_word' id='word_1_4' title='bbox 1627 319 1712 359; x_wconf 78' lang='lat' dir='ltr'>m:</span> <span class='ocrx_word' id='word_1_5' title='bbox 1748 316 2029 359; x_wconf 74' lang='lat' dir='ltr'>mamus.</span> <span class='ocrx_word' id='word_1_6' title='bbox 2068 316 2268 360; x_wconf 70' lang='lat' dir='ltr'>cAPu‘r</span> <span class='ocrx_word' id='word_1_7' title='bbox 2304 319 2394 361; x_wconf 85' lang='lat'>111.</span> <span class='ocrx_word' id='word_1_8' title='bbox 2434 318 2575 361; x_wconf 78' lang='lat' dir='ltr'>nun.</span> <span class='ocrx_word' id='word_1_9' title='bbox 2616 320 2656 359; x_wconf 88' lang='lat'>1.</span> <span class='ocrx_word' id='word_1_10' title='bbox 3039 304 3192 382; x_wconf 77' lang='lat'><strong>[370]</strong></span> 
     </span>
    </p>
   </div>
   <div class='ocr_carea' id='block_1_2' title="bbox 716 414 3190 1117">
    <p class='ocr_par' dir='ltr' id='par_1_2' title="bbox 716 414 3190 996">
     <span class='ocr_line' id='line_1_2' title="bbox 718 414 3189 499; baseline 0 -17"><span class='ocrx_word' id='word_1_11' title='bbox 718 420 1037 483; x_wconf 88' lang='lat' dir='ltr'>naturale:</span> <span class='ocrx_word' id='word_1_12' title='bbox 1087 420 1155 482; x_wconf 88' lang='lat' dir='ltr'>at</span> <span class='ocrx_word' id='word_1_13' title='bbox 1201 436 1344 482; x_wconf 84' lang='lat' dir='ltr'>vero</span> <span class='ocrx_word' id='word_1_14' title='bbox 1393 417 1492 480; x_wconf 90' lang='lat' dir='ltr'>ius</span> <span class='ocrx_word' id='word_1_15' title='bbox 1542 416 1747 498; x_wconf 91' lang='lat' dir='ltr'>ipsum</span> <span class='ocrx_word' id='word_1_16' title='bbox 1794 416 2099 493; x_wconf 85' lang='lat' dir='ltr'>naturale,</span> <span class='ocrx_word' id='word_1_17' title='bbox 2150 416 2315 498; x_wconf 89' lang='lat' dir='ltr'>quod</span> <span class='ocrx_word' id='word_1_18' title='bbox 2362 415 2663 499; x_wconf 81' lang='lat' dir='ltr'>praecipit</span> <span class='ocrx_word' id='word_1_19' title='bbox 2709 414 2909 480; x_wconf 89' lang='lat' dir='ltr'>facere</span> <span class='ocrx_word' id='word_1_20' title='bbox 2974 418 3189 483; x_wconf 88' lang='lat' dir='ltr'>actum</span> 
     </span>
     <span class='ocr_line' id='line_1_3' title="bbox 717 517 3188 602; baseline 0 -18"><span class='ocrx_word' id='word_1_21' title='bbox 717 520 1067 597; x_wconf 88' lang='lat' dir='ltr'>honestum,</span> <span class='ocrx_word' id='word_1_22' title='bbox 1121 519 1420 602; x_wconf 77' lang='lat' dir='ltr'>praecipit</span> <span class='ocrx_word' id='word_1_23' title='bbox 1467 518 1678 594; x_wconf 84' lang='lat' dir='ltr'>etiam,</span> <span class='ocrx_word' id='word_1_24' title='bbox 1728 519 1802 581; x_wconf 87' lang='lat' dir='ltr'>ut</span> <span class='ocrx_word' id='word_1_25' title='bbox 1848 517 2125 581; x_wconf 80' lang='lat' dir='ltr'>studiose</span> <span class='ocrx_word' id='word_1_26' title='bbox 2171 517 2317 593; x_wconf 81' lang='lat' dir='ltr'>fiat3</span> <span class='ocrx_word' id='word_1_27' title='bbox 2367 518 2515 599; x_wconf 90' lang='lat' dir='ltr'>quia</span> <span class='ocrx_word' id='word_1_28' title='bbox 2562 518 2679 581; x_wconf 93' lang='lat' dir='ltr'>hoc</span> <span class='ocrx_word' id='word_1_29' title='bbox 2725 518 2935 600; x_wconf 88' lang='lat' dir='ltr'>ipsum</span> <span class='ocrx_word' id='word_1_30' title='bbox 2973 520 3070 583; x_wconf 83' lang='lat' dir='ltr'>est</span> <span class='ocrx_word' id='word_1_31' title='bbox 3115 539 3188 584; x_wconf 81' lang='lat' dir='ltr'>ex</span> 
     </span>
     <span class='ocr_line' id='line_1_4' title="bbox 716 619 3190 703; baseline -0 -16"><span class='ocrx_word' id='word_1_32' title='bbox 716 622 1047 687; x_wconf 83' lang='lat' dir='ltr'>dictamine</span> <span class='ocrx_word' id='word_1_33' title='bbox 1093 622 1355 687; x_wconf 90' lang='lat' dir='ltr'>rationis</span> <span class='ocrx_word' id='word_1_34' title='bbox 1405 620 1778 685; x_wconf 88' lang='lat' dir='ltr'>naturalis...</span> <span class='ocrx_word' id='word_1_35' title='bbox 1829 622 1893 684; x_wconf 90' lang='lat' dir='ltr'>et</span> <span class='ocrx_word' id='word_1_36' title='bbox 1923 619 2059 684; x_wconf 88' lang='lat' dir='ltr'>ideo</span> <span class='ocrx_word' id='word_1_37' title='bbox 2109 620 2353 702; x_wconf 88' lang='lat' dir='ltr'>quoties</span> <span class='ocrx_word' id='word_1_38' title='bbox 2399 640 2508 703; x_wconf 92' lang='lat' dir='ltr'>per</span> <span class='ocrx_word' id='word_1_39' title='bbox 2554 620 2794 684; x_wconf 90' lang='lat' dir='ltr'>malum</span> <span class='ocrx_word' id='word_1_40' title='bbox 2829 622 3041 685; x_wconf 85' lang='lat' dir='ltr'>actum</span> <span class='ocrx_word' id='word_1_41' title='bbox 3074 622 3190 686; x_wconf 90' lang='lat' dir='ltr'>im—</span> 
     </span>
     <span class='ocr_line' id='line_1_5' title="bbox 717 721 3184 808; baseline -0.001 -18"><span class='ocrx_word' id='word_1_42' title='bbox 717 726 923 808; x_wconf 84' lang='lat' dir='ltr'>pletur</span> <span class='ocrx_word' id='word_1_43' title='bbox 946 726 1232 790; x_wconf 87' lang='lat' dir='ltr'>naturale</span> <span class='ocrx_word' id='word_1_44' title='bbox 1256 726 1675 808; x_wconf 88' lang='lat' dir='ltr'>praeceptum,</span> <span class='ocrx_word' id='word_1_45' title='bbox 1709 723 1809 787; x_wconf 92' lang='lat' dir='ltr'>ius</span> <span class='ocrx_word' id='word_1_46' title='bbox 1835 723 2042 806; x_wconf 89' lang='lat' dir='ltr'>ipsum</span> <span class='ocrx_word' id='word_1_47' title='bbox 2074 722 2360 787; x_wconf 89' lang='lat' dir='ltr'>naturale</span> <span class='ocrx_word' id='word_1_48' title='bbox 2388 722 2663 788; x_wconf 86' lang='lat' dir='ltr'>violatur</span> <span class='ocrx_word' id='word_1_49' title='bbox 2692 748 2752 786; x_wconf 83' lang='lat'>».</span> <span class='ocrx_word' id='word_1_50' title='bbox 2789 721 3184 805; x_wconf 84' lang='lat' dir='ltr'>Quamquam</span> 
     </span>
     <span class='ocr_line' id='line_1_6' title="bbox 719 824 3185 912; baseline -0.001 -20"><span class='ocrx_word' id='word_1_51' title='bbox 719 847 840 893; x_wconf 92' lang='lat' dir='ltr'>non</span> <span class='ocrx_word' id='word_1_52' title='bbox 877 830 1068 912; x_wconf 87' lang='lat' dir='ltr'>negat</span> <span class='ocrx_word' id='word_1_53' title='bbox 1103 848 1162 891; x_wconf 92' lang='lat' dir='ltr'>n.</span> <span class='ocrx_word' id='word_1_54' title='bbox 1219 827 1320 889; x_wconf 84' lang='lat'>13.</span> <span class='ocrx_word' id='word_1_55' title='bbox 1370 826 1615 910; x_wconf 88' lang='lat' dir='ltr'>impleri</span> <span class='ocrx_word' id='word_1_56' title='bbox 1652 826 1772 890; x_wconf 88' lang='lat' dir='ltr'>hoc</span> <span class='ocrx_word' id='word_1_57' title='bbox 1807 825 2092 889; x_wconf 87' lang='lat' dir='ltr'>naturale</span> <span class='ocrx_word' id='word_1_58' title='bbox 2139 827 2556 907; x_wconf 88' lang='lat' dir='ltr'>praeceptum,</span> <span class='ocrx_word' id='word_1_59' title='bbox 2605 825 2797 889; x_wconf 89' lang='lat' dir='ltr'>etiam</span> <span class='ocrx_word' id='word_1_60' title='bbox 2854 824 2909 888; x_wconf 90' lang='lat' dir='ltr'>si</span> <span class='ocrx_word' id='word_1_61' title='bbox 2956 825 3069 889; x_wconf 89' lang='lat' dir='ltr'>fiat</span> <span class='ocrx_word' id='word_1_62' title='bbox 3115 844 3185 890; x_wconf 81' lang='lat' dir='ltr'>ex</span> 
     </span>
     <span class='ocr_line' id='line_1_7' title="bbox 720 933 3151 996; baseline -0.001 -1"><span class='ocrx_word' id='word_1_63' title='bbox 720 933 1019 996; x_wconf 84' lang='lat' dir='ltr'>vanitate.</span> <span class='ocrx_word' id='word_1_64' title='bbox 3146 940 3151 947; x_wconf 86' lang='grc'><em>·</em></span> 
     </span>
    </p>

    <p class='ocr_par' dir='ltr' id='par_1_3' title="bbox 807 1029 3185 1117">
     <span class='ocr_line' id='line_1_8' title="bbox 807 1029 3185 1117; baseline -0.002 -20"><span class='ocrx_word' id='word_1_65' title='bbox 807 1034 972 1117; x_wconf 85' lang='lat' dir='ltr'>Ergo</span> <span class='ocrx_word' id='word_1_66' title='bbox 1008 1033 1230 1096; x_wconf 90' lang='lat' dir='ltr'>melius</span> <span class='ocrx_word' id='word_1_67' title='bbox 1264 1032 1503 1095; x_wconf 87' lang='lat' dir='ltr'>dicetur</span> <span class='ocrx_word' id='word_1_68' title='bbox 1540 1049 1661 1094; x_wconf 89' lang='lat' dir='ltr'>non</span> <span class='ocrx_word' id='word_1_69' title='bbox 1699 1029 1943 1113; x_wconf 88' lang='lat' dir='ltr'>impleri</span> <span class='ocrx_word' id='word_1_70' title='bbox 1976 1031 2370 1112; x_wconf 88' lang='lat' dir='ltr'>praeceptum</span> <span class='ocrx_word' id='word_1_71' title='bbox 2403 1029 2708 1106; x_wconf 87' lang='lat' dir='ltr'>naturale,</span> <span class='ocrx_word' id='word_1_72' title='bbox 2743 1029 3053 1110; x_wconf 85' lang='lat' dir='ltr'>quatenus</span> <span class='ocrx_word' id='word_1_73' title='bbox 3090 1029 3185 1092; x_wconf 83' lang='lat' dir='ltr'>lex</span> 
     </span>
    </p>
   </div>
   <div class='ocr_carea' id='block_1_3' title="bbox 718 1133 3182 1220">
    <p class='ocr_par' dir='ltr' id='par_1_4' title="bbox 718 1133 3182 1220">
     <span class='ocr_line' id='line_1_9' title="bbox 718 1133 3182 1220; baseline -0.003 -17"><span class='ocrx_word' id='word_1_74' title='bbox 718 1139 1026 1203; x_wconf 86' lang='lat' dir='ltr'>naturalis</span> <span class='ocrx_word' id='word_1_75' title='bbox 1057 1141 1394 1218; x_wconf 90' lang='lat' dir='ltr'>utrumque</span> <span class='ocrx_word' id='word_1_76' title='bbox 1419 1136 1725 1220; x_wconf 85' lang='lat' dir='ltr'>prohibet,</span> <span class='ocrx_word' id='word_1_77' title='bbox 1758 1154 1880 1200; x_wconf 89' lang='lat' dir='ltr'>non</span> <span class='ocrx_word' id='word_1_78' title='bbox 1906 1135 2087 1217; x_wconf 82' lang='lat' dir='ltr'>quasi</span> <span class='ocrx_word' id='word_1_79' title='bbox 2109 1135 2382 1218; x_wconf 87' lang='lat' dir='ltr'>primum</span> <span class='ocrx_word' id='word_1_80' title='bbox 2415 1134 2570 1198; x_wconf 91' lang='lat' dir='ltr'>illud</span> <span class='ocrx_word' id='word_1_81' title='bbox 2595 1133 2862 1214; x_wconf 78' lang='lat' dir='ltr'>speciale</span> <span class='ocrx_word' id='word_1_82' title='bbox 2893 1133 3182 1199; x_wconf 82' lang='lat' dir='ltr'>violetur.</span> 
     </span>
    </p>
   </div>
   <div class='ocr_carea' id='block_1_4' title="bbox 721 1276 3186 1506">
    <p class='ocr_par' dir='ltr' id='par_1_5' title="bbox 721 1276 3186 1506">
     <span class='ocr_line' id='line_1_10' title="bbox 830 1276 3185 1345; baseline -0.001 -11"><span class='ocrx_word' id='word_1_83' title='bbox 830 1279 1030 1335; x_wconf 78' lang='lat' dir='ltr'>XLvn.</span> <span class='ocrx_word' id='word_1_84' title='bbox 1053 1283 1100 1333; x_wconf 79' lang='lat'>2.</span> <span class='ocrx_word' id='word_1_85' title='bbox 1123 1278 1278 1333; x_wconf 77' lang='lat' dir='ltr'>Simili</span> <span class='ocrx_word' id='word_1_86' title='bbox 1305 1279 1492 1333; x_wconf 74' lang='lat' dir='ltr'>ratione</span> <span class='ocrx_word' id='word_1_87' title='bbox 1518 1278 1748 1344; x_wconf 83' lang='lat' dir='ltr'>impletur</span> <span class='ocrx_word' id='word_1_88' title='bbox 1780 1284 1965 1342; x_wconf 75' lang='lat' dir='ltr'>votum,</span> <span class='ocrx_word' id='word_1_89' title='bbox 1993 1276 2318 1331; x_wconf 74' lang='lat' dir='ltr'>iuramentum</span> <span class='ocrx_word' id='word_1_90' title='bbox 2349 1280 2452 1331; x_wconf 87' lang='lat' dir='ltr'>Deo</span> <span class='ocrx_word' id='word_1_91' title='bbox 2479 1281 2672 1341; x_wconf 74' lang='lat' dir='ltr'>tactum,</span> <span class='ocrx_word' id='word_1_92' title='bbox 2700 1277 2999 1345; x_wconf 77' lang='lat' dir='ltr'>poenitentia</span> <span class='ocrx_word' id='word_1_93' title='bbox 3026 1292 3185 1331; x_wconf 83' lang='lat' dir='ltr'>sacra-</span> 
     </span>
     <span class='ocr_line' id='line_1_11' title="bbox 722 1361 3186 1431; baseline -0.001 -11"><span class='ocrx_word' id='word_1_94' title='bbox 722 1365 963 1431; x_wconf 71' lang='lat' dir='ltr'>mentaliS,</span> <span class='ocrx_word' id='word_1_95' title='bbox 989 1363 1103 1419; x_wconf 79' lang='lat' dir='ltr'>licet</span> <span class='ocrx_word' id='word_1_96' title='bbox 1127 1370 1265 1419; x_wconf 83' lang='lat' dir='ltr'>actus</span> <span class='ocrx_word' id='word_1_97' title='bbox 1289 1363 1396 1430; x_wconf 82' lang='lat' dir='ltr'>ipse</span> <span class='ocrx_word' id='word_1_98' title='bbox 1421 1363 1484 1417; x_wconf 77' lang='lat' dir='ltr'>sit</span> <span class='ocrx_word' id='word_1_99' title='bbox 1511 1371 1781 1429; x_wconf 79' lang='lat' dir='ltr'>peccatum,</span> <span class='ocrx_word' id='word_1_100' title='bbox 1807 1361 1926 1415; x_wconf 86' lang='lat' dir='ltr'>ibid.</span> <span class='ocrx_word' id='word_1_101' title='bbox 1954 1365 2003 1416; x_wconf 88' lang='grc' dir='ltr'>ΙΙ.</span> <span class='ocrx_word' id='word_1_102' title='bbox 2032 1377 2104 1415; x_wconf 89' lang='lat' dir='ltr'>cc.</span> <span class='ocrx_word' id='word_1_103' title='bbox 2131 1391 2201 1400; x_wconf 95' lang='lat'><strong>—</strong></span> <span class='ocrx_word' id='word_1_104' title='bbox 2228 1365 2330 1416; x_wconf 85' lang='lat' dir='ltr'>Hac</span> <span class='ocrx_word' id='word_1_105' title='bbox 2356 1369 2516 1415; x_wconf 81' lang='lat' dir='ltr'>tamen</span> <span class='ocrx_word' id='word_1_106' title='bbox 2554 1364 2617 1416; x_wconf 82' lang='lat' dir='ltr'>de</span> <span class='ocrx_word' id='word_1_107' title='bbox 2642 1375 2697 1415; x_wconf 89' lang='lat' dir='ltr'>re</span> <span class='ocrx_word' id='word_1_108' title='bbox 2732 1361 2843 1416; x_wconf 84' lang='lat' dir='ltr'>vide</span> <span class='ocrx_word' id='word_1_109' title='bbox 2870 1365 3070 1431; x_wconf 69' lang='lat' dir='ltr'>propos,</span> <span class='ocrx_word' id='word_1_110' title='bbox 3102 1363 3186 1417; x_wconf 73' lang='grc' dir='ltr'>Η.</span> 
     </span>
     <span class='ocr_line' id='line_1_12' title="bbox 721 1448 1883 1506; baseline -0.003 -2"><span class='ocrx_word' id='word_1_111' title='bbox 721 1451 849 1506; x_wconf 74' lang='lat' dir='ltr'>inter</span> <span class='ocrx_word' id='word_1_112' title='bbox 886 1452 1137 1504; x_wconf 77' lang='lat' dir='ltr'>damnatas</span> <span class='ocrx_word' id='word_1_113' title='bbox 1175 1465 1200 1502; x_wconf 87' lang='lat' dir='ltr'>a</span> <span class='ocrx_word' id='word_1_114' title='bbox 1239 1465 1363 1504; x_wconf 87' lang='lat' dir='ltr'>sum.</span> <span class='ocrx_word' id='word_1_115' title='bbox 1402 1448 1579 1502; x_wconf 79' lang='lat' dir='ltr'>Pontis.</span> <span class='ocrx_word' id='word_1_116' title='bbox 1606 1451 1746 1502; x_wconf 81' lang='lat' dir='ltr'>Alex.</span> <span class='ocrx_word' id='word_1_117' title='bbox 1776 1448 1883 1501; x_wconf 84' lang='lat' dir='ltr'>Vll.</span> 
     </span>
    </p>
   </div>
   <div class='ocr_carea' id='block_1_5' title="bbox 631 1555 3193 4613">
    <p class='ocr_par' dir='ltr' id='par_1_6' title="bbox 631 1555 3193 2666">
     <span class='ocr_line' id='line_1_13' title="bbox 809 1555 3181 1640; baseline -0.003 -11"><span class='ocrx_word' id='word_1_118' title='bbox 809 1556 987 1630; x_wconf 78' lang='grc'><strong>370.</strong></span> <span class='ocrx_word' id='word_1_119' title='bbox 1024 1560 1115 1624; x_wconf 90' lang='lat' dir='ltr'>De</span> <span class='ocrx_word' id='word_1_120' title='bbox 1140 1557 1565 1623; x_wconf 80' lang='lat' dir='ltr'>satisfactione</span> <span class='ocrx_word' id='word_1_121' title='bbox 1597 1558 1748 1621; x_wconf 88' lang='lat' dir='ltr'>haec</span> <span class='ocrx_word' id='word_1_122' title='bbox 1775 1556 1963 1621; x_wconf 90' lang='lat' dir='ltr'>habet</span> <span class='ocrx_word' id='word_1_123' title='bbox 1987 1555 2213 1621; x_wconf 88' lang='lat' dir='ltr'>Suarez</span> <span class='ocrx_word' id='word_1_124' title='bbox 2239 1556 2313 1620; x_wconf 82' lang='lat' dir='ltr'>dc</span> <span class='ocrx_word' id='word_1_125' title='bbox 2336 1556 2590 1621; x_wconf 63' lang='lat' dir='ltr'>Poenive.</span> <span class='ocrx_word' id='word_1_126' title='bbox 2626 1557 2782 1640; x_wconf 83' lang='lat' dir='ltr'>disp.</span> <span class='ocrx_word' id='word_1_127' title='bbox 2819 1558 2926 1622; x_wconf 81' lang='lat'>38.</span> <span class='ocrx_word' id='word_1_128' title='bbox 2948 1560 3095 1622; x_wconf 85' lang='lat' dir='ltr'>sect.</span> <span class='ocrx_word' id='word_1_129' title='bbox 3124 1559 3181 1622; x_wconf 83' lang='lat'>8.</span> 
     </span>
     <span class='ocr_line' id='line_1_14' title="bbox 631 1658 3181 1745; baseline -0.001 -19"><span class='ocrx_word' id='word_1_130' title='bbox 631 1691 648 1698; x_wconf 92' lang='lat'><strong>·</strong></span> <span class='ocrx_word' id='word_1_131' title='bbox 722 1682 781 1726; x_wconf 90' lang='lat' dir='ltr'>n.</span> <span class='ocrx_word' id='word_1_132' title='bbox 828 1664 920 1726; x_wconf 88' lang='lat' dir='ltr'>l.:</span> <span class='ocrx_word' id='word_1_133' title='bbox 963 1687 997 1719; x_wconf 83' lang='lat'><strong>«</strong></span> <span class='ocrx_word' id='word_1_134' title='bbox 1029 1662 1299 1726; x_wconf 84' lang='lat' dir='ltr'>Effectus</span> <span class='ocrx_word' id='word_1_135' title='bbox 1334 1659 1837 1741; x_wconf 83' lang='lat' dir='ltr'>(satisfactionis)</span> <span class='ocrx_word' id='word_1_136' title='bbox 1869 1661 1966 1724; x_wconf 89' lang='lat' dir='ltr'>est</span> <span class='ocrx_word' id='word_1_137' title='bbox 1996 1658 2155 1735; x_wconf 86' lang='lat' dir='ltr'>finis,</span> <span class='ocrx_word' id='word_1_138' title='bbox 2190 1678 2313 1725; x_wconf 93' lang='lat' dir='ltr'>non</span> <span class='ocrx_word' id='word_1_139' title='bbox 2346 1660 2610 1724; x_wconf 88' lang='lat' dir='ltr'>materia</span> <span class='ocrx_word' id='word_1_140' title='bbox 2642 1660 2829 1725; x_wconf 89' lang='lat' dir='ltr'>huius</span> <span class='ocrx_word' id='word_1_141' title='bbox 2854 1661 3181 1745; x_wconf 89' lang='lat' dir='ltr'>praecepti.</span> 
     </span>
     <span class='ocr_line' id='line_1_15' title="bbox 721 1760 3187 1849; baseline 0 -22"><span class='ocrx_word' id='word_1_142' title='bbox 721 1764 886 1849; x_wconf 85' lang='lat' dir='ltr'>Ergo</span> <span class='ocrx_word' id='word_1_143' title='bbox 927 1764 1172 1828; x_wconf 89' lang='lat' dir='ltr'>etiamsi</span> <span class='ocrx_word' id='word_1_144' title='bbox 1214 1782 1368 1846; x_wconf 88' lang='lat' dir='ltr'>opus</span> <span class='ocrx_word' id='word_1_145' title='bbox 1400 1764 1607 1845; x_wconf 89' lang='lat' dir='ltr'>ipsum</span> <span class='ocrx_word' id='word_1_146' title='bbox 1638 1761 2129 1826; x_wconf 87' lang='lat' dir='ltr'>satisfactorium</span> <span class='ocrx_word' id='word_1_147' title='bbox 2146 1762 2309 1825; x_wconf 91' lang='lat' dir='ltr'>male</span> <span class='ocrx_word' id='word_1_148' title='bbox 2340 1760 2473 1839; x_wconf 87' lang='lat' dir='ltr'>fiat,</span> <span class='ocrx_word' id='word_1_149' title='bbox 2507 1762 2599 1826; x_wconf 87' lang='lat' dir='ltr'>ita</span> <span class='ocrx_word' id='word_1_150' title='bbox 2631 1765 2706 1827; x_wconf 88' lang='lat' dir='ltr'>ut</span> <span class='ocrx_word' id='word_1_151' title='bbox 2736 1782 2808 1826; x_wconf 81' lang='lat' dir='ltr'>ex</span> <span class='ocrx_word' id='word_1_152' title='bbox 2834 1763 3049 1845; x_wconf 88' lang='lat' dir='ltr'>aliqua</span> <span class='ocrx_word' id='word_1_153' title='bbox 3079 1763 3187 1827; x_wconf 89' lang='lat' dir='ltr'>cir·</span> 
     </span>
     <span class='ocr_line' id='line_1_16' title="bbox 721 1864 3186 1950; baseline -0.001 -18"><span class='ocrx_word' id='word_1_154' title='bbox 721 1867 1100 1932; x_wconf 88' lang='lat' dir='ltr'>cumstantia</span> <span class='ocrx_word' id='word_1_155' title='bbox 1127 1867 1210 1930; x_wconf 89' lang='lat' dir='ltr'>sit</span> <span class='ocrx_word' id='word_1_156' title='bbox 1242 1868 1582 1950; x_wconf 84' lang='lat' dir='ltr'>peccatum,</span> <span class='ocrx_word' id='word_1_157' title='bbox 1617 1867 1828 1948; x_wconf 88' lang='lat' dir='ltr'>potest</span> <span class='ocrx_word' id='word_1_158' title='bbox 1857 1865 2171 1940; x_wconf 79' lang='lat' dir='ltr'>sufficere3</span> <span class='ocrx_word' id='word_1_159' title='bbox 2207 1866 2282 1928; x_wconf 89' lang='lat' dir='ltr'>ut</span> <span class='ocrx_word' id='word_1_160' title='bbox 2313 1865 2366 1929; x_wconf 93' lang='lat' dir='ltr'>si</span> <span class='ocrx_word' id='word_1_161' title='bbox 2397 1864 2760 1949; x_wconf 87' lang='lat' dir='ltr'>imponatur</span> <span class='ocrx_word' id='word_1_162' title='bbox 2790 1866 3094 1930; x_wconf 80' lang='lat' dir='ltr'>ieiunium</span> <span class='ocrx_word' id='word_1_163' title='bbox 3126 1866 3186 1931; x_wconf 92' lang='lat' dir='ltr'>et</span> 
     </span>
     <span class='ocr_line' id='line_1_17' title="bbox 722 1966 3188 2053; baseline -0 -20"><span class='ocrx_word' id='word_1_164' title='bbox 722 1969 1041 2053; x_wconf 87' lang='lat' dir='ltr'>poenitens</span> <span class='ocrx_word' id='word_1_165' title='bbox 1074 1969 1171 2032; x_wconf 89' lang='lat' dir='ltr'>vel</span> <span class='ocrx_word' id='word_1_166' title='bbox 1202 1969 1265 2032; x_wconf 90' lang='lat' dir='ltr'>in</span> <span class='ocrx_word' id='word_1_167' title='bbox 1299 1968 1655 2050; x_wconf 86' lang='lat' dir='ltr'>quantitate</span> <span class='ocrx_word' id='word_1_168' title='bbox 1701 1966 1955 2031; x_wconf 79' lang='lat' dir='ltr'>excedat</span> <span class='ocrx_word' id='word_1_169' title='bbox 1986 1967 2083 2030; x_wconf 87' lang='lat' dir='ltr'>vel</span> <span class='ocrx_word' id='word_1_170' title='bbox 2122 1966 2322 2048; x_wconf 90' lang='lat' dir='ltr'>quoad</span> <span class='ocrx_word' id='word_1_171' title='bbox 2360 1966 2545 2031; x_wconf 90' lang='lat' dir='ltr'>finem</span> <span class='ocrx_word' id='word_1_172' title='bbox 2575 1966 2839 2043; x_wconf 86' lang='lat' dir='ltr'>deficiat,</span> <span class='ocrx_word' id='word_1_173' title='bbox 2876 1967 2932 2031; x_wconf 91' lang='lat' dir='ltr'>si</span> <span class='ocrx_word' id='word_1_174' title='bbox 2980 1969 3188 2032; x_wconf 88' lang='lat' dir='ltr'>tamen</span> 
     </span>
     <span class='ocr_line' id='line_1_18' title="bbox 719 2068 3187 2152; baseline -0 -18"><span class='ocrx_word' id='word_1_175' title='bbox 719 2072 987 2135; x_wconf 91' lang='lat' dir='ltr'>formam</span> <span class='ocrx_word' id='word_1_176' title='bbox 1032 2070 1247 2134; x_wconf 90' lang='lat' dir='ltr'>ieiunii</span> <span class='ocrx_word' id='word_1_177' title='bbox 1296 2072 1518 2147; x_wconf 87' lang='lat' dir='ltr'>servet,</span> <span class='ocrx_word' id='word_1_178' title='bbox 1567 2070 1853 2152; x_wconf 89' lang='lat' dir='ltr'>implebit</span> <span class='ocrx_word' id='word_1_179' title='bbox 1900 2070 2297 2151; x_wconf 85' lang='lat' dir='ltr'>praeceptum</span> <span class='ocrx_word' id='word_1_180' title='bbox 2343 2068 2462 2133; x_wconf 90' lang='lat' dir='ltr'>sibi</span> <span class='ocrx_word' id='word_1_181' title='bbox 2509 2068 2875 2151; x_wconf 90' lang='lat' dir='ltr'>impositum</span> <span class='ocrx_word' id='word_1_182' title='bbox 2914 2095 2977 2132; x_wconf 81' lang='lat'>».</span> <span class='ocrx_word' id='word_1_183' title='bbox 3028 2070 3187 2133; x_wconf 89' lang='lat' dir='ltr'>Hinc</span> 
     </span>
     <span class='ocr_line' id='line_1_19' title="bbox 722 2169 3189 2255; baseline 0 -19"><span class='ocrx_word' id='word_1_184' title='bbox 722 2173 1068 2237; x_wconf 90' lang='lat' dir='ltr'>communis</span> <span class='ocrx_word' id='word_1_185' title='bbox 1115 2172 1392 2236; x_wconf 87' lang='lat' dir='ltr'>doctrina</span> <span class='ocrx_word' id='word_1_186' title='bbox 1441 2171 1592 2253; x_wconf 86' lang='lat' dir='ltr'>(vid.</span> <span class='ocrx_word' id='word_1_187' title='bbox 1644 2190 1693 2236; x_wconf 91' lang='lat' dir='ltr'>s.</span> <span class='ocrx_word' id='word_1_188' title='bbox 1742 2172 1931 2253; x_wconf 88' lang='lat' dir='ltr'>Alph.</span> <span class='ocrx_word' id='word_1_189' title='bbox 1986 2169 2094 2233; x_wconf 92' lang='lat' dir='ltr'>lib.</span> <span class='ocrx_word' id='word_1_190' title='bbox 2146 2171 2206 2234; x_wconf 84' lang='lat'>6.</span> <span class='ocrx_word' id='word_1_191' title='bbox 2255 2191 2314 2234; x_wconf 90' lang='lat' dir='ltr'>n.</span> <span class='ocrx_word' id='word_1_192' title='bbox 2367 2172 2568 2254; x_wconf 64' lang='lat'>522),</span> <span class='ocrx_word' id='word_1_193' title='bbox 2632 2170 2798 2252; x_wconf 90' lang='lat' dir='ltr'>quod</span> <span class='ocrx_word' id='word_1_194' title='bbox 2852 2171 3189 2255; x_wconf 84' lang='lat' dir='ltr'>impleatur</span> 
     </span>
     <span class='ocr_line' id='line_1_20' title="bbox 722 2272 3189 2358; baseline 0 -19"><span class='ocrx_word' id='word_1_195' title='bbox 722 2277 1116 2358; x_wconf 90' lang='lat' dir='ltr'>praeceptum</span> <span class='ocrx_word' id='word_1_196' title='bbox 1156 2275 1600 2340; x_wconf 86' lang='lat' dir='ltr'>satisfactionis</span> <span class='ocrx_word' id='word_1_197' title='bbox 1634 2273 2124 2350; x_wconf 88' lang='lat' dir='ltr'>sacramentalis,</span> <span class='ocrx_word' id='word_1_198' title='bbox 2163 2272 2311 2338; x_wconf 90' lang='lat' dir='ltr'>licet</span> <span class='ocrx_word' id='word_1_199' title='bbox 2346 2274 2485 2355; x_wconf 90' lang='lat' dir='ltr'>quis</span> <span class='ocrx_word' id='word_1_200' title='bbox 2524 2276 2673 2339; x_wconf 89' lang='lat' dir='ltr'>tunc</span> <span class='ocrx_word' id='word_1_201' title='bbox 2718 2274 2803 2338; x_wconf 89' lang='lat' dir='ltr'>sit</span> <span class='ocrx_word' id='word_1_202' title='bbox 2832 2274 2899 2338; x_wconf 89' lang='lat' dir='ltr'>in</span> <span class='ocrx_word' id='word_1_203' title='bbox 2936 2276 3189 2358; x_wconf 86' lang='lat' dir='ltr'>peccato</span> 
     </span>
     <span class='ocr_line' id='line_1_21' title="bbox 721 2375 3189 2459; baseline -0 -18"><span class='ocrx_word' id='word_1_204' title='bbox 721 2378 973 2441; x_wconf 87' lang='lat' dir='ltr'>mortali</span> <span class='ocrx_word' id='word_1_205' title='bbox 1011 2378 1137 2442; x_wconf 90' lang='lat' dir='ltr'>imo</span> <span class='ocrx_word' id='word_1_206' title='bbox 1187 2378 1475 2442; x_wconf 85' lang='lat' dir='ltr'>affectum</span> <span class='ocrx_word' id='word_1_207' title='bbox 1523 2376 1601 2440; x_wconf 91' lang='lat' dir='ltr'>ad</span> <span class='ocrx_word' id='word_1_208' title='bbox 1649 2377 1970 2458; x_wconf 87' lang='lat' dir='ltr'>peccatum</span> <span class='ocrx_word' id='word_1_209' title='bbox 2019 2377 2232 2459; x_wconf 87' lang='lat' dir='ltr'>gerat:</span> <span class='ocrx_word' id='word_1_210' title='bbox 2266 2376 2415 2440; x_wconf 89' lang='lat' dir='ltr'>licet</span> <span class='ocrx_word' id='word_1_211' title='bbox 2459 2377 2594 2441; x_wconf 92' lang='lat' dir='ltr'>DD.</span> <span class='ocrx_word' id='word_1_212' title='bbox 2629 2396 2754 2441; x_wconf 90' lang='lat' dir='ltr'>non</span> <span class='ocrx_word' id='word_1_213' title='bbox 2776 2375 3189 2455; x_wconf 83' lang='lat' dir='ltr'>diffiteantur,</span> 
     </span>
     <span class='ocr_line' id='line_1_22' title="bbox 722 2477 3193 2563; baseline 0 -20"><span class='ocrx_word' id='word_1_214' title='bbox 722 2480 884 2544; x_wconf 89' lang='lat' dir='ltr'>hunc</span> <span class='ocrx_word' id='word_1_215' title='bbox 938 2500 1185 2563; x_wconf 88' lang='lat' dir='ltr'>peccare</span> <span class='ocrx_word' id='word_1_216' title='bbox 1233 2480 1591 2553; x_wconf 85' lang='lat' dir='ltr'>venialiter;</span> <span class='ocrx_word' id='word_1_217' title='bbox 1651 2479 1799 2559; x_wconf 90' lang='lat' dir='ltr'>quia</span> <span class='ocrx_word' id='word_1_218' title='bbox 1848 2478 2082 2542; x_wconf 90' lang='lat' dir='ltr'>obicem</span> <span class='ocrx_word' id='word_1_219' title='bbox 2129 2478 2307 2561; x_wconf 89' lang='lat' dir='ltr'>ponit</span> <span class='ocrx_word' id='word_1_220' title='bbox 2338 2477 2600 2556; x_wconf 87' lang='lat' dir='ltr'>effectui,</span> <span class='ocrx_word' id='word_1_221' title='bbox 2657 2478 2787 2543; x_wconf 89' lang='lat' dir='ltr'>scil.</span> <span class='ocrx_word' id='word_1_222' title='bbox 2837 2480 3193 2544; x_wconf 87' lang='lat' dir='ltr'>remissioni</span> 
     </span>
     <span class='ocr_line' id='line_1_23' title="bbox 720 2581 1810 2666; baseline -0.005 -18"><span class='ocrx_word' id='word_1_223' title='bbox 720 2602 951 2666; x_wconf 89' lang='lat' dir='ltr'>poenae</span> <span class='ocrx_word' id='word_1_224' title='bbox 984 2586 1099 2647; x_wconf 91' lang='lat' dir='ltr'>etc.</span> <span class='ocrx_word' id='word_1_225' title='bbox 1140 2602 1188 2647; x_wconf 84' lang='lat' dir='ltr'>S.</span> <span class='ocrx_word' id='word_1_226' title='bbox 1231 2582 1415 2664; x_wconf 88' lang='lat' dir='ltr'>Alph.</span> <span class='ocrx_word' id='word_1_227' title='bbox 1450 2581 1533 2645; x_wconf 90' lang='lat' dir='ltr'>ib.</span> <span class='ocrx_word' id='word_1_228' title='bbox 1561 2601 1621 2644; x_wconf 90' lang='lat' dir='ltr'>n.</span> <span class='ocrx_word' id='word_1_229' title='bbox 1660 2581 1810 2644; x_wconf 85' lang='lat'>521.</span> 
     </span>
    </p>

    <p class='ocr_par' dir='ltr' id='par_1_7' title="bbox 720 2683 3190 3074">
     <span class='ocr_line' id='line_1_24' title="bbox 811 2683 3190 2767; baseline -0.002 -12"><span class='ocrx_word' id='word_1_230' title='bbox 811 2683 964 2757; x_wconf 79' lang='lat'>3¹11.</span> <span class='ocrx_word' id='word_1_231' title='bbox 1006 2687 1211 2750; x_wconf 88' lang='lat' dir='ltr'>Maior</span> <span class='ocrx_word' id='word_1_232' title='bbox 1257 2684 1563 2766; x_wconf 88' lang='lat' dir='ltr'>quaedam</span> <span class='ocrx_word' id='word_1_233' title='bbox 1609 2683 2000 2749; x_wconf 82' lang='lat' dir='ltr'>difficultatis</span> <span class='ocrx_word' id='word_1_234' title='bbox 2049 2685 2279 2767; x_wconf 87' lang='lat' dir='ltr'>species</span> <span class='ocrx_word' id='word_1_235' title='bbox 2325 2685 2593 2750; x_wconf 89' lang='lat' dir='ltr'>habetur</span> <span class='ocrx_word' id='word_1_236' title='bbox 2629 2686 2821 2750; x_wconf 84' lang='lat' dir='ltr'>relate</span> <span class='ocrx_word' id='word_1_237' title='bbox 2856 2685 2935 2749; x_wconf 90' lang='lat' dir='ltr'>ad</span> <span class='ocrx_word' id='word_1_238' title='bbox 2970 2688 3190 2751; x_wconf 78' lang='lat' dir='ltr'>votum</span> 
     </span>
     <span class='ocr_line' id='line_1_25' title="bbox 720 2786 3187 2872; baseline -0 -19"><span class='ocrx_word' id='word_1_239' title='bbox 720 2807 830 2853; x_wconf 87' lang='lat' dir='ltr'>seu</span> <span class='ocrx_word' id='word_1_240' title='bbox 866 2789 1286 2852; x_wconf 88' lang='lat' dir='ltr'>iuramentum</span> <span class='ocrx_word' id='word_1_241' title='bbox 1326 2788 1390 2850; x_wconf 89' lang='lat' dir='ltr'>et</span> <span class='ocrx_word' id='word_1_242' title='bbox 1420 2787 1674 2850; x_wconf 87' lang='lat' dir='ltr'>fuerunt</span> <span class='ocrx_word' id='word_1_243' title='bbox 1705 2786 1813 2868; x_wconf 90' lang='lat' dir='ltr'>qui</span> <span class='ocrx_word' id='word_1_244' title='bbox 1845 2787 2134 2864; x_wconf 88' lang='lat' dir='ltr'>dicerent,</span> <span class='ocrx_word' id='word_1_245' title='bbox 2162 2788 2259 2852; x_wconf 91' lang='lat' dir='ltr'>his</span> <span class='ocrx_word' id='word_1_246' title='bbox 2291 2807 2415 2853; x_wconf 92' lang='lat' dir='ltr'>non</span> <span class='ocrx_word' id='word_1_247' title='bbox 2445 2788 2736 2853; x_wconf 88' lang='lat' dir='ltr'>satisfieri</span> <span class='ocrx_word' id='word_1_248' title='bbox 2768 2808 2951 2871; x_wconf 90' lang='lat' dir='ltr'>opere</span> <span class='ocrx_word' id='word_1_249' title='bbox 2985 2789 3187 2872; x_wconf 89' lang='lat' dir='ltr'>posito</span> 
     </span>
     <span class='ocr_line' id='line_1_26' title="bbox 722 2887 3189 2969; baseline -0.001 -13"><span class='ocrx_word' id='word_1_250' title='bbox 722 2892 801 2956; x_wconf 92' lang='lat' dir='ltr'>ob</span> <span class='ocrx_word' id='word_1_251' title='bbox 853 2890 1039 2955; x_wconf 91' lang='lat' dir='ltr'>finem</span> <span class='ocrx_word' id='word_1_252' title='bbox 1094 2890 1333 2954; x_wconf 87' lang='lat' dir='ltr'>malum</span> <span class='ocrx_word' id='word_1_253' title='bbox 1388 2890 1500 2953; x_wconf 90' lang='lat' dir='ltr'>aut</span> <span class='ocrx_word' id='word_1_254' title='bbox 1556 2887 2023 2953; x_wconf 86' lang='lat' dir='ltr'>indifferentem.</span> <span class='ocrx_word' id='word_1_255' title='bbox 2079 2889 2356 2969; x_wconf 84' lang='lat' dir='ltr'>Quorum</span> <span class='ocrx_word' id='word_1_256' title='bbox 2406 2891 2680 2957; x_wconf 88' lang='lat' dir='ltr'>rationes</span> <span class='ocrx_word' id='word_1_257' title='bbox 2738 2893 2954 2956; x_wconf 86' lang='lat' dir='ltr'>tamen</span> <span class='ocrx_word' id='word_1_258' title='bbox 3002 2891 3189 2957; x_wconf 86' lang='lat' dir='ltr'>solvit</span> 
     </span>
     <span class='ocr_line' id='line_1_27' title="bbox 720 2992 1949 3074; baseline -0.003 -16"><span class='ocrx_word' id='word_1_259' title='bbox 720 2992 988 3058; x_wconf 88' lang='lat' dir='ltr'>Sanchez</span> <span class='ocrx_word' id='word_1_260' title='bbox 1024 2993 1197 3057; x_wconf 87' lang='lat' dir='ltr'>Mor.</span> <span class='ocrx_word' id='word_1_261' title='bbox 1232 2992 1339 3056; x_wconf 90' lang='lat' dir='ltr'>lib.</span> <span class='ocrx_word' id='word_1_262' title='bbox 1386 2993 1441 3055; x_wconf 90' lang='lat' dir='ltr'>l.</span> <span class='ocrx_word' id='word_1_263' title='bbox 1478 3010 1610 3074; x_wconf 90' lang='lat' dir='ltr'>cap.</span> <span class='ocrx_word' id='word_1_264' title='bbox 1651 2992 1751 3055; x_wconf 88' lang='grc'>14.</span> <span class='ocrx_word' id='word_1_265' title='bbox 1793 3011 1851 3054; x_wconf 92' lang='lat' dir='ltr'>n.</span> <span class='ocrx_word' id='word_1_266' title='bbox 1889 2993 1949 3055; x_wconf 85' lang='lat'>3.</span> 
     </span>
    </p>

    <p class='ocr_par' dir='ltr' id='par_1_8' title="bbox 719 3093 3185 3283">
     <span class='ocr_line' id='line_1_28' title="bbox 811 3093 3185 3179; baseline -0.001 -18"><span class='ocrx_word' id='word_1_267' title='bbox 811 3097 1043 3161; x_wconf 90' lang='lat' dir='ltr'>Dicunt</span> <span class='ocrx_word' id='word_1_268' title='bbox 1055 3099 1137 3160; x_wconf 73' lang='lat'>&#39;1⁰</span> <span class='ocrx_word' id='word_1_269' title='bbox 1161 3095 1332 3179; x_wconf 90' lang='lat' dir='ltr'>Opus</span> <span class='ocrx_word' id='word_1_270' title='bbox 1355 3095 1594 3159; x_wconf 89' lang='lat' dir='ltr'>malum</span> <span class='ocrx_word' id='word_1_271' title='bbox 1619 3095 1966 3177; x_wconf 86' lang='lat' dir='ltr'>praestaret</span> <span class='ocrx_word' id='word_1_272' title='bbox 1996 3094 2207 3176; x_wconf 87' lang='lat' dir='ltr'>potius</span> <span class='ocrx_word' id='word_1_273' title='bbox 2233 3093 2555 3160; x_wconf 88' lang='lat' dir='ltr'>omittere:</span> <span class='ocrx_word' id='word_1_274' title='bbox 2591 3095 2766 3176; x_wconf 89' lang='lat' dir='ltr'>atqui</span> <span class='ocrx_word' id='word_1_275' title='bbox 2790 3095 2963 3176; x_wconf 91' lang='lat' dir='ltr'>quod</span> <span class='ocrx_word' id='word_1_276' title='bbox 2983 3093 3185 3160; x_wconf 87' lang='lat' dir='ltr'>omitti</span> 
     </span>
     <span class='ocr_line' id='line_1_29' title="bbox 719 3196 2000 3283; baseline -0.005 -18"><span class='ocrx_word' id='word_1_277' title='bbox 719 3201 1016 3283; x_wconf 85' lang='lat' dir='ltr'>praestat,</span> <span class='ocrx_word' id='word_1_278' title='bbox 1054 3218 1175 3264; x_wconf 90' lang='lat' dir='ltr'>non</span> <span class='ocrx_word' id='word_1_279' title='bbox 1209 3201 1304 3263; x_wconf 87' lang='lat' dir='ltr'>est</span> <span class='ocrx_word' id='word_1_280' title='bbox 1335 3197 1599 3262; x_wconf 90' lang='lat' dir='ltr'>materia</span> <span class='ocrx_word' id='word_1_281' title='bbox 1631 3196 1798 3261; x_wconf 87' lang='lat' dir='ltr'>voti:</span> <span class='ocrx_word' id='word_1_282' title='bbox 1834 3215 2000 3279; x_wconf 86' lang='lat' dir='ltr'>ergo.</span> 
     </span>
    </p>

    <p class='ocr_par' dir='ltr' id='par_1_9' title="bbox 718 3297 3183 3586">
     <span class='ocr_line' id='line_1_30' title="bbox 809 3297 3183 3385; baseline -0.002 -17"><span class='ocrx_word' id='word_1_283' title='bbox 809 3303 993 3385; x_wconf 89' lang='lat' dir='ltr'>Resp.</span> <span class='ocrx_word' id='word_1_284' title='bbox 1028 3304 1105 3367; x_wconf 91' lang='lat' dir='ltr'>D.</span> <span class='ocrx_word' id='word_1_285' title='bbox 1140 3300 1430 3364; x_wconf 89' lang='lat' dir='ltr'>Praestat</span> <span class='ocrx_word' id='word_1_286' title='bbox 1470 3299 1681 3363; x_wconf 89' lang='lat' dir='ltr'>omitti</span> <span class='ocrx_word' id='word_1_287' title='bbox 1712 3298 1918 3380; x_wconf 88' lang='lat' dir='ltr'>quoad</span> <span class='ocrx_word' id='word_1_288' title='bbox 1949 3297 2206 3363; x_wconf 89' lang='lat' dir='ltr'>modum</span> <span class='ocrx_word' id='word_1_289' title='bbox 2235 3299 2299 3363; x_wconf 87' lang='lat' dir='ltr'>et</span> <span class='ocrx_word' id='word_1_290' title='bbox 2329 3299 2868 3364; x_wconf 85' lang='lat' dir='ltr'>circumstantiam</span> <span class='ocrx_word' id='word_1_291' title='bbox 2907 3319 3183 3383; x_wconf 81' lang='lat' dir='ltr'>pravam,</span> 
     </span>
     <span class='ocr_line' id='line_1_31' title="bbox 718 3400 3183 3486; baseline -0.002 -16"><span class='ocrx_word' id='word_1_292' title='bbox 718 3404 822 3470; x_wconf 87' lang='lat' dir='ltr'>C.:</span> <span class='ocrx_word' id='word_1_293' title='bbox 858 3404 1061 3486; x_wconf 86' lang='lat' dir='ltr'>quoad</span> <span class='ocrx_word' id='word_1_294' title='bbox 1114 3401 1555 3477; x_wconf 88' lang='lat' dir='ltr'>substantiam,</span> <span class='ocrx_word' id='word_1_295' title='bbox 1590 3400 1668 3464; x_wconf 92' lang='lat' dir='ltr'>N.</span> <span class='ocrx_word' id='word_1_296' title='bbox 1718 3400 1916 3465; x_wconf 90' lang='lat' dir='ltr'>Licite</span> <span class='ocrx_word' id='word_1_297' title='bbox 1963 3402 2028 3465; x_wconf 91' lang='lat' dir='ltr'>et</span> <span class='ocrx_word' id='word_1_298' title='bbox 2072 3401 2222 3465; x_wconf 90' lang='lat' dir='ltr'>bene</span> <span class='ocrx_word' id='word_1_299' title='bbox 2269 3419 2417 3485; x_wconf 87' lang='lat' dir='ltr'>ergo</span> <span class='ocrx_word' id='word_1_300' title='bbox 2451 3401 2621 3485; x_wconf 91' lang='lat' dir='ltr'>prius</span> <span class='ocrx_word' id='word_1_301' title='bbox 2653 3401 2811 3465; x_wconf 91' lang='lat' dir='ltr'>illud</span> <span class='ocrx_word' id='word_1_302' title='bbox 2843 3403 3183 3477; x_wconf 77' lang='lat' dir='ltr'>omittitur,</span> 
     </span>
     <span class='ocr_line' id='line_1_32' title="bbox 718 3504 1381 3586; baseline -0.012 -13"><span class='ocrx_word' id='word_1_303' title='bbox 718 3526 839 3573; x_wconf 87' lang='lat' dir='ltr'>non</span> <span class='ocrx_word' id='word_1_304' title='bbox 873 3524 1017 3570; x_wconf 79' lang='lat' dir='ltr'>vero</span> <span class='ocrx_word' id='word_1_305' title='bbox 1052 3504 1381 3586; x_wconf 77' lang='lat' dir='ltr'>posterius·</span> 
     </span>
    </p>

    <p class='ocr_par' dir='ltr' id='par_1_10' title="bbox 719 3604 3182 3792">
     <span class='ocr_line' id='line_1_33' title="bbox 809 3604 3182 3683; baseline -0 -12"><span class='ocrx_word' id='word_1_306' title='bbox 809 3608 1043 3671; x_wconf 88' lang='lat' dir='ltr'>Dicunt</span> <span class='ocrx_word' id='word_1_307' title='bbox 1090 3608 1159 3668; x_wconf 82' lang='lat'>20</span> <span class='ocrx_word' id='word_1_308' title='bbox 1191 3604 1573 3669; x_wconf 88' lang='lat' dir='ltr'>Promittens</span> <span class='ocrx_word' id='word_1_309' title='bbox 1620 3624 1750 3670; x_wconf 88' lang='lat' dir='ltr'>rem</span> <span class='ocrx_word' id='word_1_310' title='bbox 1798 3606 2027 3669; x_wconf 88' lang='lat' dir='ltr'>bonam</span> <span class='ocrx_word' id='word_1_311' title='bbox 2074 3606 2138 3669; x_wconf 91' lang='lat' dir='ltr'>et</span> <span class='ocrx_word' id='word_1_312' title='bbox 2183 3605 2422 3683; x_wconf 82' lang='lat' dir='ltr'>utilem,</span> <span class='ocrx_word' id='word_1_313' title='bbox 2456 3625 2579 3670; x_wconf 89' lang='lat' dir='ltr'>non</span> <span class='ocrx_word' id='word_1_314' title='bbox 2624 3605 2936 3670; x_wconf 89' lang='lat' dir='ltr'>satisfacit</span> <span class='ocrx_word' id='word_1_315' title='bbox 2985 3606 3182 3672; x_wconf 88' lang='lat' dir='ltr'>dando</span> 
     </span>
     <span class='ocr_line' id='line_1_34' title="bbox 719 3707 1837 3792; baseline -0.003 -19"><span class='ocrx_word' id='word_1_316' title='bbox 719 3710 953 3773; x_wconf 84' lang='lat' dir='ltr'>malam</span> <span class='ocrx_word' id='word_1_317' title='bbox 985 3710 1049 3772; x_wconf 91' lang='lat' dir='ltr'>et</span> <span class='ocrx_word' id='word_1_318' title='bbox 1077 3707 1394 3783; x_wconf 76' lang='lat' dir='ltr'>inutilem3</span> <span class='ocrx_word' id='word_1_319' title='bbox 1431 3707 1634 3789; x_wconf 88' lang='lat' dir='ltr'>atqui:</span> <span class='ocrx_word' id='word_1_320' title='bbox 1670 3727 1837 3792; x_wconf 83' lang='lat' dir='ltr'>ergo.</span> 
     </span>
    </p>

    <p class='ocr_par' dir='ltr' id='par_1_11' title="bbox 719 3810 3181 4201">
     <span class='ocr_line' id='line_1_35' title="bbox 809 3810 3181 3895; baseline -0.001 -19"><span class='ocrx_word' id='word_1_321' title='bbox 809 3812 992 3895; x_wconf 89' lang='lat' dir='ltr'>Resp.</span> <span class='ocrx_word' id='word_1_322' title='bbox 1027 3811 1430 3876; x_wconf 88' lang='lat' dir='ltr'>Promittitur</span> <span class='ocrx_word' id='word_1_323' title='bbox 1476 3828 1572 3874; x_wconf 90' lang='lat' dir='ltr'>res</span> <span class='ocrx_word' id='word_1_324' title='bbox 1619 3811 1781 3874; x_wconf 90' lang='lat' dir='ltr'>bona</span> <span class='ocrx_word' id='word_1_325' title='bbox 1828 3812 1892 3874; x_wconf 88' lang='lat' dir='ltr'>et</span> <span class='ocrx_word' id='word_1_326' title='bbox 1937 3810 2113 3874; x_wconf 87' lang='lat' dir='ltr'>utilis</span> <span class='ocrx_word' id='word_1_327' title='bbox 2151 3810 2357 3891; x_wconf 87' lang='lat' dir='ltr'>quoad</span> <span class='ocrx_word' id='word_1_328' title='bbox 2396 3811 2833 3886; x_wconf 87' lang='lat' dir='ltr'>substantiam,</span> <span class='ocrx_word' id='word_1_329' title='bbox 2869 3831 2995 3876; x_wconf 92' lang='lat' dir='ltr'>non</span> <span class='ocrx_word' id='word_1_330' title='bbox 3043 3829 3181 3877; x_wconf 85' lang='lat' dir='ltr'>vero</span> 
     </span>
     <span class='ocr_line' id='line_1_36' title="bbox 720 3912 3175 3996; baseline -0.001 -18"><span class='ocrx_word' id='word_1_331' title='bbox 720 3914 924 3996; x_wconf 89' lang='lat' dir='ltr'>quoad</span> <span class='ocrx_word' id='word_1_332' title='bbox 961 3913 1244 3989; x_wconf 81' lang='lat' dir='ltr'>modum3</span> <span class='ocrx_word' id='word_1_333' title='bbox 1286 3933 1462 3977; x_wconf 91' lang='lat' dir='ltr'>secus</span> <span class='ocrx_word' id='word_1_334' title='bbox 1509 3913 1671 3977; x_wconf 87' lang='lat' dir='ltr'>esset</span> <span class='ocrx_word' id='word_1_335' title='bbox 1717 3912 1940 3996; x_wconf 82' lang='lat' dir='ltr'>duplex</span> <span class='ocrx_word' id='word_1_336' title='bbox 1978 3913 2216 3977; x_wconf 81' lang='lat' dir='ltr'>votum.</span> <span class='ocrx_word' id='word_1_337' title='bbox 2252 3912 2420 3976; x_wconf 86' lang='lat' dir='ltr'>Vota</span> <span class='ocrx_word' id='word_1_338' title='bbox 2457 3913 2606 3978; x_wconf 87' lang='lat' dir='ltr'>sunt</span> <span class='ocrx_word' id='word_1_339' title='bbox 2642 3912 2715 3977; x_wconf 87' lang='lat' dir='ltr'>de</span> <span class='ocrx_word' id='word_1_340' title='bbox 2749 3915 2895 3978; x_wconf 86' lang='lat' dir='ltr'>actu</span> <span class='ocrx_word' id='word_1_341' title='bbox 2930 3913 3175 3979; x_wconf 85' lang='lat' dir='ltr'>virtutis</span> 
     </span>
     <span class='ocr_line' id='line_1_37' title="bbox 719 4014 3173 4099; baseline 0 -18"><span class='ocrx_word' id='word_1_342' title='bbox 719 4016 923 4098; x_wconf 91' lang='lat' dir='ltr'>quoad</span> <span class='ocrx_word' id='word_1_343' title='bbox 957 4017 1132 4080; x_wconf 87' lang='lat' dir='ltr'>actus</span> <span class='ocrx_word' id='word_1_344' title='bbox 1165 4016 1584 4081; x_wconf 87' lang='lat' dir='ltr'>substantiam</span> <span class='ocrx_word' id='word_1_345' title='bbox 1610 4016 1799 4096; x_wconf 85' lang='lat' dir='ltr'>atque</span> <span class='ocrx_word' id='word_1_346' title='bbox 1826 4015 2135 4080; x_wconf 87' lang='lat' dir='ltr'>obiectum</span> <span class='ocrx_word' id='word_1_347' title='bbox 2160 4017 2224 4080; x_wconf 87' lang='lat' dir='ltr'>et</span> <span class='ocrx_word' id='word_1_348' title='bbox 2253 4034 2361 4099; x_wconf 88' lang='lat' dir='ltr'>per</span> <span class='ocrx_word' id='word_1_349' title='bbox 2392 4015 2528 4093; x_wconf 89' lang='lat' dir='ltr'>hoc,</span> <span class='ocrx_word' id='word_1_350' title='bbox 2562 4014 2767 4099; x_wconf 88' lang='lat' dir='ltr'>posita</span> <span class='ocrx_word' id='word_1_351' title='bbox 2807 4015 3173 4082; x_wconf 73' lang='lat' dir='ltr'>substantia,</span> 
     </span>
     <span class='ocr_line' id='line_1_38' title="bbox 719 4119 1295 4201; baseline 0 -18"><span class='ocrx_word' id='word_1_352' title='bbox 719 4122 1002 4184; x_wconf 87' lang='lat' dir='ltr'>censetur</span> <span class='ocrx_word' id='word_1_353' title='bbox 1033 4119 1295 4201; x_wconf 88' lang='lat' dir='ltr'>impleri.</span> 
     </span>
    </p>

    <p class='ocr_par' dir='ltr' id='par_1_12' title="bbox 720 4219 3177 4406">
     <span class='ocr_line' id='line_1_39' title="bbox 809 4219 3177 4304; baseline -0.001 -20"><span class='ocrx_word' id='word_1_354' title='bbox 809 4220 1043 4284; x_wconf 91' lang='lat' dir='ltr'>Dicunt</span> <span class='ocrx_word' id='word_1_355' title='bbox 1074 4223 1143 4283; x_wconf 81' lang='lat'>3⁰</span> <span class='ocrx_word' id='word_1_356' title='bbox 1168 4221 1334 4284; x_wconf 90' lang='lat' dir='ltr'>Vota</span> <span class='ocrx_word' id='word_1_357' title='bbox 1368 4219 1705 4302; x_wconf 89' lang='lat' dir='ltr'>respiciunt</span> <span class='ocrx_word' id='word_1_358' title='bbox 1729 4219 1846 4284; x_wconf 88' lang='lat' dir='ltr'>Dei</span> <span class='ocrx_word' id='word_1_359' title='bbox 1869 4220 2145 4296; x_wconf 83' lang='lat' dir='ltr'>cultum;</span> <span class='ocrx_word' id='word_1_360' title='bbox 2187 4220 2362 4303; x_wconf 88' lang='lat' dir='ltr'>atqui</span> <span class='ocrx_word' id='word_1_361' title='bbox 2386 4221 2556 4285; x_wconf 89' lang='lat' dir='ltr'>Deus</span> <span class='ocrx_word' id='word_1_362' title='bbox 2581 4238 2704 4285; x_wconf 90' lang='lat' dir='ltr'>non</span> <span class='ocrx_word' id='word_1_363' title='bbox 2740 4221 2972 4286; x_wconf 84' lang='lat' dir='ltr'>colitur</span> <span class='ocrx_word' id='word_1_364' title='bbox 3003 4238 3177 4304; x_wconf 86' lang='lat' dir='ltr'>opere</span> 
     </span>
     <span class='ocr_line' id='line_1_40' title="bbox 720 4322 1119 4406; baseline 0.003 -20"><span class='ocrx_word' id='word_1_365' title='bbox 720 4322 916 4386; x_wconf 90' lang='lat' dir='ltr'>malo:</span> <span class='ocrx_word' id='word_1_366' title='bbox 953 4341 1119 4406; x_wconf 86' lang='lat' dir='ltr'>ergo.</span> 
     </span>
    </p>

    <p class='ocr_par' dir='ltr' id='par_1_13' title="bbox 719 4425 3183 4613">
     <span class='ocr_line' id='line_1_41' title="bbox 810 4425 3181 4510; baseline -0 -22"><span class='ocrx_word' id='word_1_367' title='bbox 810 4425 993 4508; x_wconf 89' lang='lat' dir='ltr'>Resp.</span> <span class='ocrx_word' id='word_1_368' title='bbox 1030 4426 1143 4490; x_wconf 87' lang='lat' dir='ltr'>Dei</span> <span class='ocrx_word' id='word_1_369' title='bbox 1174 4427 1381 4490; x_wconf 85' lang='lat' dir='ltr'>cultus</span> <span class='ocrx_word' id='word_1_370' title='bbox 1413 4426 1475 4490; x_wconf 90' lang='lat' dir='ltr'>in</span> <span class='ocrx_word' id='word_1_371' title='bbox 1525 4427 1674 4491; x_wconf 81' lang='lat' dir='ltr'>voto</span> <span class='ocrx_word' id='word_1_372' title='bbox 1707 4446 1830 4491; x_wconf 91' lang='lat' dir='ltr'>non</span> <span class='ocrx_word' id='word_1_373' title='bbox 1862 4427 2207 4493; x_wconf 86' lang='lat' dir='ltr'>intenditur</span> <span class='ocrx_word' id='word_1_374' title='bbox 2235 4431 2538 4510; x_wconf 88' lang='lat' dir='ltr'>tanquam</span> <span class='ocrx_word' id='word_1_375' title='bbox 2574 4446 2670 4492; x_wconf 90' lang='lat' dir='ltr'>res</span> <span class='ocrx_word' id='word_1_376' title='bbox 2703 4428 3027 4510; x_wconf 84' lang='lat' dir='ltr'>praecepta</span> <span class='ocrx_word' id='word_1_377' title='bbox 3062 4427 3181 4488; x_wconf 87' lang='lat' dir='ltr'>aut</span> 
     </span>
     <span class='ocr_line' id='line_1_42' title="bbox 719 4527 3183 4613; baseline -0.001 -20"><span class='ocrx_word' id='word_1_378' title='bbox 719 4529 835 4593; x_wconf 90' lang='lat' dir='ltr'>sub</span> <span class='ocrx_word' id='word_1_379' title='bbox 881 4529 1099 4593; x_wconf 86' lang='lat' dir='ltr'>votum</span> <span class='ocrx_word' id='word_1_380' title='bbox 1146 4529 1401 4606; x_wconf 78' lang='lat' dir='ltr'>cadens3</span> <span class='ocrx_word' id='word_1_381' title='bbox 1453 4528 1558 4594; x_wconf 89' lang='lat' dir='ltr'>sed</span> <span class='ocrx_word' id='word_1_382' title='bbox 1595 4530 1690 4593; x_wconf 91' lang='lat' dir='ltr'>est</span> <span class='ocrx_word' id='word_1_383' title='bbox 1736 4529 1878 4594; x_wconf 90' lang='lat' dir='ltr'>finis</span> <span class='ocrx_word' id='word_1_384' title='bbox 1928 4531 2025 4595; x_wconf 85' lang='lat' dir='ltr'>vel</span> <span class='ocrx_word' id='word_1_385' title='bbox 2070 4531 2291 4595; x_wconf 91' lang='lat' dir='ltr'>modus</span> <span class='ocrx_word' id='word_1_386' title='bbox 2339 4530 2647 4613; x_wconf 86' lang='lat' dir='ltr'>praecepti</span> <span class='ocrx_word' id='word_1_387' title='bbox 2694 4549 2766 4593; x_wconf 88' lang='lat' dir='ltr'>ac</span> <span class='ocrx_word' id='word_1_388' title='bbox 2812 4530 2979 4595; x_wconf 78' lang='lat' dir='ltr'>voti:</span> <span class='ocrx_word' id='word_1_389' title='bbox 3026 4527 3183 4591; x_wconf 80' lang='lat' dir='ltr'>haec</span> 
     </span>
    </p>
   </div>
  </div>
 </body>
</html>
