3529 5158
694 272 805 326 298
1235 287 1456 328 ratior.
1495 287 1585 328 111.
1621 286 1707 326 nn
1745 285 2026 328 nmmos
2066 286 2265 328 carum*
2302 286 2341 325 1.
2379 286 2522 327 nun.
2562 286 2627 325 ιι.
3016 272 3165 349 [269]

877 381 949 447 6⁰
999 386 1238 449 Debent
1281 403 1413 448 esse
1459 384 1690 467 publici
1738 403 1809 447 ac
1854 382 2103 448 notorii.
2152 382 2363 458 Ratio,
2413 381 2560 464 quia
2607 400 2679 445 ex
2727 382 2972 446 actibus
3003 384 3165 448 olam

699 489 887 569 atque
932 487 996 552 in
1045 486 1288 552 occulto
1327 486 1606 550 exercitis
1639 485 1909 569 intelligi
1945 484 2161 567 nequit
2190 501 2524 550 consensus
2553 483 2769 568 populi
2816 487 2930 549 aut
2963 486 3165 550 totius

699 592 813 654 aut
842 591 1098 655 maioris
1134 589 1408 655 eiusdem
1440 589 1658 672 partis.

881 692 947 756 7ο
978 693 1258 775 Denique
1304 692 1682 774 frequentari
1729 691 1953 756 debent
1991 691 2196 755 animo
2241 688 2671 754 introducendi
2719 689 3164 773 obligationem

697 796 753 860 si
790 795 1172 861 consuetudo
1221 796 1580 877 sitpraeter
1609 795 1831 878 legem,
1865 794 1962 858 vel
1986 794 2190 878 legem
2221 792 2503 869 tollendi,
2538 793 2592 856 si
2623 792 2750 857 sint
2780 795 2997 858 eontra
3028 812 3166 858 ean-

698 899 856 963 dem.
915 898 1124 976 Ratio‚
1182 898 1329 979 quia
1379 900 1554 962 actus
1601 897 1924 980 agentium
1977 915 2099 960 non
2155 898 2490 978 operantur
2542 895 2711 960 ultra
2757 896 3165 961 intentionem

700 1021 948 1076 eorum;
989 1021 1121 1084 cap.
1156 1001 1260 1064 fin.
1302 1000 1375 1063 de
1406 999 1766 1063 Praebend.
1802 1001 1864 1064 et
1892 1000 1938 1063 l.
1966 1000 2118 1063 Non
2150 1000 2351 1063 omnis
2378 1000 2481 1064 19.
2515 999 2661 1084 Dig.
2697 998 2772 1062 de
2801 998 2959 1063 Reb.
2998 1000 3162 1064 cred.

699 1105 862 1169 Hinc
894 1106 1010 1168 etsi
1045 1103 1381 1168 universali
1412 1106 1475 1168 et
1510 1102 1991 1168 immemorabili
2022 1103 2328 1167 Ecclesiae
2362 1121 2480 1167 usu
2526 1103 2760 1185 passim
2805 1106 3049 1186 recepta
3081 1103 3167 1168 sit

701 1207 1002 1271 salutatio
1036 1206 1315 1290 angelica
1363 1206 1441 1270 ad
1472 1208 1839 1270 consuetum
1871 1223 2207 1287 campanae
2238 1205 2489 1287 pulsum
2527 1205 2807 1288 axpersio
2845 1224 3044 1287 aquae
3072 1205 3167 1270 lu·-

700 1308 911 1372 stralis
945 1307 1021 1372 ad
1051 1308 1402 1392 ingressum
1434 1310 1496 1372 et
1528 1326 1845 1392 egressum
1892 1307 2128 1390 templi,
2170 1306 2442 1389 sumptio
2492 1325 2572 1370 ss.
2621 1305 2894 1370 cinerum
2942 1306 3021 1370 ad
3053 1307 3165 1372 ini-

700 1412 863 1475 tium
895 1411 1405 1495 quadragesimae
1452 1413 1588 1482 etc..
1639 1410 1717 1474 ad
1766 1430 1839 1474 ea
1885 1412 2094 1474 tamen
2141 1410 2318 1475 nulla
2365 1412 2460 1474 est
2507 1409 2829 1494 obligatio.
2871 1410 2953 1474 Et
3000 1411 3162 1475 ratio

701 1516 883 1580 unica
929 1518 1057 1590 est3
1122 1514 1270 1596 quia
1315 1513 1674 1579 huiusmodi
1719 1514 1881 1578 ritus
1928 1514 1992 1577 et
2046 1516 2222 1578 actus
2271 1532 2307 1576 a
2352 1512 2637 1577 fidelibus
2692 1513 3165 1595 frequentantur

699 1618 888 1681 libere
920 1617 1249 1682 dumtaxat
1279 1619 1342 1681 et
1374 1616 1583 1680 studio
1630 1616 1904 1699 pietatis
1939 1634 2061 1680 non
2094 1616 2300 1680 animo
2338 1615 2663 1680 inducendi
2696 1616 3162 1700 obligationem.

699 1718 1003 1785 SchmaIZ.
1035 1741 1095 1784 n.
1128 1721 1228 1783 14.

789 1818 963 1892 269.
1006 1823 1146 1886 Duo
1188 1821 1324 1885 heic
1349 1820 1624 1886 addenda
1656 1840 1726 1884 ex
1760 1839 1810 1885 s.
1843 1819 2029 1902 Alph.
2069 1822 2135 1883 1ο
2168 1821 2259 1883 De
2290 1821 2603 1902 postrema
2649 1820 2766 1883 hac
2811 1819 3164 1885 conditione

699 1927 850 1990 haec
882 1925 1063 1987 notat
1092 1923 1199 1987 lib.
1239 1924 1296 1986 1.
1332 1943 1391 1986 n.
1430 1923 1575 1986 107.
1611 1920 1721 1986 IV.
1750 1944 1763 1986 ε
1799 1947 1834 1980 «
1866 1921 2059 1986 Nulla
2090 1941 2237 2007 ergo
2263 1921 2645 1987 consuetudo
2682 1921 2775 1998 fit,
2811 1922 2864 1985 si
2894 1923 3163 2006 populus

699 2029 814 2092 aut
845 2026 1045 2090 maior
1083 2026 1214 2089 eius
1247 2043 1390 2107 pars
1437 2025 1572 2108 agit
1610 2044 1680 2088 ex
1728 2024 2074 2100 devotione,
2123 2044 2194 2089 ex
2241 2024 2626 2108 gratitudine
2674 2026 2737 2088 et
2782 2022 3001 2088 simili:
3052 2025 3166 2087 aut

700 2131 755 2196 si
798 2130 1002 2214 legem
1048 2128 1298 2193 laeserit
1344 2127 1551 2192 animo
1598 2130 1850 2192 tantum
1897 2144 2020 2190 non
2077 2125 2498 2191 satisfaciendi
2543 2145 2614 2190 ex
2660 2125 2935 2190 levitate.
2985 2124 3163 2189 Mens

701 2235 913 2298 autem
961 2251 1069 2297 seu
1114 2231 1379 2296 intentio
1426 2230 1826 2316 cognoscitur
1871 2249 1942 2295 ex
1988 2229 2495 2305 circumstantiis
2545 2247 2762 2311 nempe
2815 2228 2869 2292 si
2914 2247 3165 2293 consue-

699 2336 851 2401 tudo
885 2338 1243 2399 constanter
1275 2334 1635 2400 observetur
1682 2337 1745 2396 et
1789 2352 1933 2397 cum
1963 2351 2085 2397 non
2118 2332 2242 2397 levi
2285 2331 2704 2395 incommodo:
2739 2330 2792 2395 si
2823 2333 3165 2415 transgres-

699 2458 866 2502 sores
891 2438 1266 2519 puniantur:
1302 2437 1356 2501 si
1386 2436 1478 2500 ita
1509 2436 1920 2500 communiter
1943 2435 2215 2500 sentiant
2245 2434 2524 2499 homines
2548 2434 2654 2517 pii.
2690 2431 2880 2497 Salm.
2907 2432 2982 2495 de
3007 2432 3159 2514 Ley.

698 2560 831 2624 cap.
880 2540 938 2603 6.
975 2559 1033 2604 n.
1069 2540 1174 2603 30.
1202 2536 1403 2603 Croix.
1431 2538 1536 2602 lib.
1576 2539 1635 2601 1.
1671 2558 1732 2602 n.
1769 2539 1917 2602 571.
1953 2564 2014 2602 ».
2054 2545 2065 2556 ⁸

798 2669 831 2701 «
864 2644 936 2706 In
986 2642 1172 2706 dubio
1223 2644 1451 2716 autem,
1488 2660 1566 2704 an
1612 2641 1994 2706 consuetudo
2034 2642 2118 2706 sit
2154 2661 2226 2706 ex
2257 2641 2583 2706 devotione
2619 2639 2718 2704 vel
2757 2639 3159 2723 obligatione,

699 2745 882 2831 gravi
927 2745 1025 2808 vel
1071 2744 1214 2817 levi,
1250 2743 1572 2826 benignior
1608 2762 1750 2825 pars
1784 2743 2047 2807 tenenda
2085 2746 2213 2821 est3
2246 2763 2393 2808 nam
2423 2743 2598 2808 nulla
2633 2743 2731 2807 lex
2763 2741 3005 2826 obligat
3043 2742 3160 2806 nisi

700 2848 773 2911 de
821 2866 894 2910 ea
940 2848 1211 2910 constet:
1251 2843 1440 2909 Salm.
1475 2845 1517 2908 1.
1568 2865 1617 2908 c.
1652 2865 1794 2908 cum
1841 2846 2066 2928 plurib.
2108 2846 2190 2910 Et
2235 2846 2326 2912 ita
2364 2844 2565 2911 Croix.
2616 2845 2657 2909 1.
2689 2846 2747 2908 1.
2780 2866 2839 2908 n.
2876 2846 3028 2910 592.
3055 2845 3163 2927 qui

699 2952 900 3024 notat,
921 2948 1087 3031 quod
1117 2947 1495 3013 universales
1526 2948 2001 3013 consuetudines
2032 2948 2341 3014 Ecclesiae
2365 2949 2438 3012 de
2475 2967 2538 3012 se
2572 2947 2867 3032 obligent.
2904 2946 3022 3013 Sed
3048 2948 3163 3012 hoc

697 3051 1173 3136 intelligendum
1220 3051 1294 3115 de
1322 3051 1872 3116 consuetudinibus
1904 3054 2166 3132 propm‘e
2190 3057 2263 3115 ut
2286 3052 2516 3116 talibus
2547 3051 2970 3134 obliyantibus
3002 3071 3165 3117 sum-

699 3156 842 3239 ptis,
878 3156 952 3218 ut
997 3154 1069 3218 de
1116 3153 1559 3219 consuetudine
1587 3153 1902 3218 ieiunandi
1948 3156 2012 3218 in
2043 3156 2261 3240 vigilia
2291 3155 2749 3220 Pentecostes..
2785 3153 2949 3218 Nam
2983 3155 3163 3218 aliter

698 3258 913 3322 dicunt
960 3258 1166 3339 plures
1197 3257 1501 3322 Auctores
1534 3256 1607 3320 de
1638 3257 2080 3322 consuetudine
2127 3257 2474 3322 abstinendi
2522 3274 2558 3321 a
2604 3257 2935 3321 lacticiniis
2964 3257 3030 3321 in
3079 3257 3161 3319 vi-

696 3361 867 3445 giliis
902 3362 1075 3423 extra
1121 3360 1727 3443 quadragesimam...
1763 3363 1827 3425 et
1875 3360 2055 3424 aliter
2086 3360 2302 3425 dicunt
2335 3360 2529 3442 aliqui
2561 3360 2751 3424 etiam
2799 3360 2874 3425 de
2911 3379 3164 3424 consue-

698 3462 911 3524 tudine
957 3461 1326 3524 monialium
1371 3461 1670 3526 recitandi
1719 3461 1994 3526 officium
2040 3462 2103 3526 in
2149 3463 2395 3545 privato
2434 3489 2497 3526 ».
2524 3463 2695 3527 Idem
2733 3462 2830 3527 dic
2869 3464 2943 3528 de
2976 3464 3164 3529 absti-

697 3563 908 3627 nentia
940 3562 1119 3643 (olim
1165 3562 1499 3646 frequenti)
1546 3563 1643 3628 die
1689 3565 1936 3630 sabbati
1981 3565 2329 3658 abstinendi
2377 3586 2414 3629 a
2458 3566 2808 3631 lacticiniis.

787 3660 890 3733 27
895 3660 965 3734 ss.
993 3664 1278 3729 Alterum
1304 3667 1544 3747 spectat
1576 3666 1652 3730 ad
1677 3668 2047 3748 qualitatem
2072 3687 2493 3751 personarum,
2520 3687 2679 3751 quae
2705 3674 2944 3752 ponunt
2963 3674 3161 3735 actus.

698 3765 788 3831 Ut
818 3767 983 3831 enim
1015 3766 1245 3832 dicits.
1279 3768 1463 3850 Alph.
1488 3769 1531 3831 l.
1573 3789 1623 3833 c.
1658 3790 1716 3832 n.
1764 3770 1910 3833 107.
1944 3791 2004 3833 11.
2043 3772 2137 3834 1.:
2194 3796 2229 3828 «
2274 3771 2566 3837 mulieres
2611 3775 2928 3853 nequeunt
2974 3773 3165 3838 intro-

698 3870 915 3935 ducere
970 3869 1477 3935 consuetudinem
1532 3873 1749 3935 contra
1793 3872 1962 3956 leges
2008 3873 2289 3956 proprias
2326 3874 2602 3937 virorum
2649 3894 2760 3939 nec
2806 3875 3161 3941 viceversa:

721 4039 968 4046 .-——.———.-.

696 4197 788 4227 cur
817 4182 993 4237 negari
1023 4182 1076 4224 id
1107 4183 1278 4235 possit,
1310 4195 1430 4225 nam
1459 4188 1510 4226 et.
1539 4182 1622 4225 lex
1651 4181 1771 4226 ferri
1802 4182 1894 4225 hoc
1922 4186 2070 4236 pacto
2097 4183 2224 4227 solet
2251 4188 2302 4227 et
2331 4184 2642 4228 consuetudo
2680 4197 2772 4238 par
2799 4192 2878 4228 est
2908 4186 3034 4241 legi:
3065 4187 3164 4229 imo

695 4251 805 4303 ipsa
834 4248 1146 4301 experientia
1173 4248 1305 4291 illud
1335 4248 1617 4292 confirmat.
1639 4248 1961 4302 Consequens
1976 4254 2067 4302 est,
2088 4253 2149 4292 ut
2169 4252 2247 4293 vis
2265 4251 2645 4293 consuetudinis
2673 4264 2773 4294 non
2804 4252 2871 4294 sit
2900 4265 2962 4296 ex
2979 4252 3164 4295 notitia

695 4316 820 4371 legis
848 4315 1132 4359 contrariae
1161 4322 1213 4357 et
1233 4315 1501 4358 voluntate
1528 4327 1639 4358 earn
1665 4315 1960 4371 abrogandi,
1981 4316 2063 4359 sed
2086 4329 2146 4360 ex
2167 4317 2273 4361 sola
2293 4317 2562 4361 voluntate
2582 4318 2757 4373 populi
2771 4319 2846 4362 ita
2867 4331 2918 4362 se
2936 4320 3163 4375 gerendi,

694 4383 963 4427 accedente
991 4386 1164 4437 postea
1191 4394 1435 4425 consensu
1465 4382 1734 4436 principis:
1769 4383 1977 4438 ideoque
2006 4384 2103 4427 etsi
2132 4384 2212 4428 lex
2252 4385 2530 4439 ignoretur,
2559 4399 2698 4441 posse
2740 4385 3164 4431 consuetudinem

695 4452 1003 4493 contrariam
1031 4450 1225 4494 induci.
1253 4450 1488 4494 Ceterum
1517 4451 1704 4496 notitia
1732 4454 1816 4496 vel
1845 4453 2135 4507 ignorantia
2156 4454 2280 4509 legia
2308 4456 2584 4499 conducere
2616 4457 2800 4508 poterit
2821 4457 2887 4499 ad
2915 4457 3164 4510 quaestio-

694 4530 809 4560 nem
843 4517 965 4561 facti
992 4517 1347 4573 dirimendam,
1377 4531 1444 4561 an
1473 4519 1694 4563 voluerit
1722 4520 1939 4575 populus
1968 4522 2075 4577 regi
2102 4522 2378 4565 seeundum
2409 4534 2518 4566 eam
2548 4534 2780 4566 normam
2794 4525 3081 4577 specialem.
3104 4523 3160 4565 Ε.
