3529 5158
1017 351 1105 391 ma
1139 349 1662 394 mononem-rous:
1698 351 1878 393 nnsis
1915 351 2308 394 Pomm-roma
2797 337 2912 393 713

447 450 544 516 Ibi
590 447 997 533 apparuisset,
1037 447 1411 514 sententiam
1454 447 1766 532 integram
1812 447 2230 531 accipiendam
2260 448 2333 513 de
2362 447 2803 531 imperatoria:
2838 450 2912 515 de

446 554 765 637 pontificia
797 556 1010 619 autem
1045 553 1251 618 solum
1274 552 1484 635 quoad
1513 555 1768 633 tempas,
1794 572 1917 619 non
1950 555 2161 618 autem
2191 554 2394 636 quoad
2427 555 2913 637 publicationem

447 657 511 721 in
549 656 915 739 provinciis:
956 655 1123 738 quod
1159 654 1410 738 quidem
1445 653 1748 720 suadebat
1779 659 1844 720 et
1874 655 2170 740 allegatio
2203 656 2462 721 Antonii
2498 657 2863 722 Butriensis.

537 757 760 839 Itaque
793 755 1028 822 Consul.
1054 756 1163 822 lib.
1204 759 1260 821 1.
1289 776 1421 840 cap.
1450 759 1511 820 2.
1540 758 1630 821 De
1663 754 2110 823 Constitution.
2140 756 2320 824 Cons.
2361 760 2418 823 1.
2445 779 2505 824 n.
2538 760 2638 823 18.
2665 760 2909 825 scribit:

456 884 491 917 «
525 859 664 924 Una
698 859 924 943 opinio,
958 879 1118 942 quae
1136 860 1512 940 pauciorum
1542 864 1653 934 est,
1687 862 1859 925 tenet
1902 862 2103 946 legem
2151 862 2615 946 promulgatam
2643 864 2708 926 in
2740 864 2914 928 curia

446 962 739 1045 principis
763 981 886 1028 non
914 964 1176 1049 ligare...
1202 962 1485 1028 subditos
1516 965 1689 1028 extra
1719 965 2166 1047 provinciam...
2192 965 2365 1030 Ioan.
2382 965 2723 1031 Andreae...
2743 968 2913 1032 tenet

447 1065 509 1129 id
540 1064 706 1147 quod
744 1065 1006 1131 dicimus
1038 1065 1111 1130 de
1141 1067 1278 1151 lege
1325 1065 1727 1148 Imoeratoris
1759 1069 1822 1131 et
1859 1067 2073 1132 eadem
2105 1068 2268 1132 ratio
2301 1067 2402 1132 vel
2436 1069 2636 1133 maior
2665 1068 2913 1134 videtur

443 1163 519 1232 de
564 1168 700 1252 lege
747 1168 1017 1252 Papae...
1052 1193 1090 1227 »
1118 1170 1206 1234 At
1252 1189 1312 1233 n.
1352 1169 1490 1233 19.:
1524 1194 1559 1227 «
1590 1169 1807 1233 Altera
1855 1189 1998 1233 vero
2049 1170 2276 1253 opinio,
2327 1188 2487 1252 quae
2532 1170 2912 1252 frequentior

442 1270 557 1345 est,
607 1272 778 1335 tenet
823 1271 1224 1349 contrarium,
1264 1271 1567 1346 videlicet,
1604 1270 1771 1353 quod
1816 1272 1912 1337 lex
1958 1273 2120 1357 ligat
2167 1291 2378 1339 omnes
2425 1274 2616 1338 etiam
2661 1274 2912 1357 provin—

440 1371 801 1454 cialespost
847 1371 1002 1437 duos
1048 1392 1287 1438 menses
1333 1392 1372 1437 a
1402 1373 1906 1457 promulgatione
1951 1374 2109 1459 legis
2139 1376 2204 1440 in
2238 1391 2426 1440 cusu
2463 1375 2694 1441 facta...
2731 1401 2793 1439 ».
2828 1376 2913 1440 Et

439 1474 589 1555 post
630 1473 856 1538 allatas
894 1475 1101 1556 plures
1147 1474 1438 1551 rationeS,
1473 1476 1561 1539 sic
1608 1475 1954 1541 concludit:
1988 1502 2023 1536 «
2054 1475 2193 1541 Per
2223 1498 2381 1559 quac
2419 1480 2629 1542 omnia
2665 1478 2912 1542 videtur

440 1573 890 1647 resolvendum,
924 1575 1092 1655 quod
1131 1579 1369 1639 attento
1415 1574 1545 1639 solo
1592 1578 1729 1640 iure
1776 1579 2008 1656 scripto
2040 1580 2230 1657 prior
2276 1581 2484 1659 opinio
2531 1580 2775 1645 videtur
2819 1602 2911 1646 ve-

443 1675 581 1739 rior
627 1675 934 1759 (intellige
979 1675 1055 1739 de
1099 1676 1519 1759 imperatoriis
1548 1677 1853 1761 legibus):
1890 1682 2132 1744 attento
2166 1699 2311 1746 vero
2350 1683 2516 1767 stylo
2563 1684 2626 1746 et
2661 1701 2912 1747 consue-

443 1776 659 1840 tudine
689 1777 997 1843 Ecclesiae
1021 1775 1367 1861 Curiaeque
1391 1778 1727 1855 Romanae,
1755 1781 2061 1863 posterior
2083 1783 2327 1846 samari
2349 1782 2528 1847 debet
2546 1784 2712 1866 quod
2742 1785 2911 1869 leges

444 1879 666 1960 Papae,
700 1898 918 1962 nempe
963 1879 1129 1962 quod
1174 1880 1530 1963 requiratur
1578 1881 1829 1964 quidem
1865 1884 2288 1967 promulgatio
2337 1903 2586 1949 earum:
2628 1885 2909 1951 sufficere

442 1984 674 2059 autem,
709 1982 874 2065 quod
920 1982 1034 2048 fiat
1081 1983 1317 2049 Romae
1363 1984 1428 2048 in
1473 1984 1627 2049 locis
1664 1985 1742 2049 ad
1789 1985 1852 2049 id
1900 1986 2312 2069 praestitutis),
2353 1990 2429 2053 ut
2472 1988 2674 2072 ligent
2717 1989 2910 2054 etiam

439 2084 847 2167 provinciales
887 2088 1029 2168 post
1060 2085 1215 2150 duos
1247 2104 1506 2164 menseS,
1548 2087 1647 2150 vel
1679 2087 1848 2151 aliud
1883 2089 2129 2171 tempus
2167 2108 2520 2172 expressum
2557 2091 2621 2155 in
2660 2090 2746 2156 eis
2779 2117 2842 2155 ».

529 2186 718 2263 Nota,
751 2187 917 2269 quod
947 2187 1022 2252 de
1054 2188 1597 2271 imperatoriarum
1632 2190 2135 2274 promulgatione
2167 2190 2335 2256 dicat
2368 2209 2639 2257 VIDETUR
2663 2194 2908 2272 verior,-

436 2288 514 2353 de
536 2289 880 2356 Pontificiis
919 2292 1132 2356 autem
1163 2290 1329 2355 dicat
1361 2291 1644 2356 absolute
1676 2316 1710 2349 «ι
1735 2308 2006 2356 semum
2033 2308 2234 2356 osser
2266 2319 2328 2358 ›>.
2356 2294 2689 2359 Rationem
2720 2314 2908 2379 supra

435 2391 785 2457 reddiderat
831 2392 1151 2469 eximiam:
1187 2392 1334 2474 quia
1365 2419 1400 2451 «
1438 2392 1817 2458 consuetudo
1849 2393 2158 2458 Ecclesiae
2191 2395 2255 2459 et
2286 2395 2470 2460 stilus
2519 2397 2725 2461 curiae
2772 2398 2903 2462 vim

440 2498 599 2584 legis
639 2499 826 2565 habet
857 2526 917 2565 ».

528 2603 692 2668 Bene
739 2625 887 2690 ergo
936 2627 985 2671 s.
1017 2607 1373 2690 Alphonsus
1406 2607 1777 2672 sententiam
1810 2607 2075 2672 Navarri
2108 2609 2314 2687 refert,
2350 2610 2512 2673 male
2558 2628 2704 2675 vero
2743 2609 2909 2674 Reif-

438 2705 725 2771 fenstuel.
1304 2724 1321 2738 ·

535 2810 636 2872 14.
672 2810 933 2875 Ioannes
981 2811 1058 2875 ab
1097 2812 1297 2876 Imola
1342 2812 1438 2876 est
1481 2811 1645 2876 inter
1689 2832 1813 2890 eos,
1849 2831 2006 2894 quos
2051 2813 2455 2879 Reiffenstuel
2494 2814 2534 2876 1.
2570 2833 2621 2877 c.
2656 2835 2716 2878 n.
2755 2815 2903 2879 125.

438 2929 551 2993 pro
583 2912 892 2977 sententia
915 2912 1295 2998 Regalistica
1328 2914 1581 2998 allegat,
1615 2914 1841 2979 saltem
1873 2914 2185 2992 indirecte,
2213 2917 2520 2996 quatenus
2559 2915 2727 2992 dicit,
2763 2937 2904 2982 eum

439 3012 700 3097 allegari
744 3014 808 3077 in
846 3011 1105 3078 Summa
1150 3014 1482 3096 Anyelica.
1517 3015 1711 3080 Porro
1744 3035 1887 3081 cum
1919 3016 2277 3089 viderimus,
2311 3017 2736 3097 quaestionem
2784 3019 2907 3082 An-

437 3114 565 3197 geli
612 3135 645 3178 a
678 3112 966 3181 Olavasio
999 3136 1134 3200 sup.
1168 3136 1229 3180 n.
1269 3118 1391 3193 12„
1426 3135 1549 3181 non
1582 3118 1701 3180 huc
1740 3120 2038 3200 spectare,
2074 3137 2110 3180 a
2143 3115 2567 3200 perpendenda
2598 3119 2904 3183 sententia

438 3217 688 3280 Ioannis
726 3218 1049 3284 Imolensis
1087 3219 1478 3301 supersedere
1509 3236 1850 3301 possemus.
1890 3216 2008 3282 Sed
2037 3219 2287 3292 iuverit,
2321 3237 2498 3284 sensa
2532 3220 2782 3283 Ioannis
2814 3222 2906 3284 at-

440 3318 677 3394 tulisse,
718 3321 791 3384 ut
821 3340 917 3386 res
946 3321 1151 3406 magis
1182 3319 1513 3385 manifesta
1544 3319 1676 3384 fiat.

529 3422 788 3487 Ioannes
834 3442 980 3508 ergo
1016 3424 1082 3488 in
1120 3444 1172 3487 c.
1216 3421 1680 3505 Coynoscentes,
1715 3420 1792 3485 de
1838 3421 2401 3486 Constitutiom-”bus
2431 3441 2555 3487 non
2591 3421 2665 3486 de
2706 3440 2906 3487 neces-

441 3524 630 3588 sitate
677 3526 1197 3611 promulgationis
1245 3525 1322 3589 ad
1367 3524 1776 3590 inducendam
1814 3526 1942 3589 vim
1982 3525 2442 3609 obligatoriam,
2483 3524 2588 3588 sed
2621 3523 2695 3589 de
2733 3543 2908 3588 excu-

440 3627 700 3701 satione,
728 3647 915 3709 quam
953 3628 1223 3692 habeant
1255 3647 1457 3704 necne,
1492 3627 1872 3711 ignorantes,
1907 3626 2207 3709 disputat.
2235 3627 2335 3690 Ita
2368 3646 2427 3690 n.
2456 3628 2545 3690 5.:
2574 3653 2609 3685 ε(
2633 3626 2906 3691 Notetur

442 3729 592 3794 bene
637 3731 847 3815 glossa
894 3730 1060 3815 quod
1097 3730 1463 3796 constitutio
1501 3730 1656 3794 iuris
1703 3730 2049 3795 communis
2084 3729 2246 3814 ligat
2284 3731 2427 3813 post
2463 3728 2618 3793 duos
2665 3748 2904 3794 menses

441 3850 478 3894 a
517 3833 793 3916 tempore
824 3833 1281 3916 publicationis
1316 3833 1397 3896 Et
1432 3833 1583 3897 nota
1621 3831 1886 3897 secundo
1918 3832 2379 3906 limitationem,
2420 3830 2568 3913 quia
2607 3829 2779 3894 istud
2810 3832 2907 3895 est

438 3952 674 4011 verum,
724 3935 846 3999 nisi
891 3934 1309 3999 verisimiliter
1355 3935 1575 4017 probet
1618 3934 2059 4018 ignorantiam,
2109 3931 2423 4015 probando
2474 3932 2818 3997 absentiam
2867 3950 2904 3995 a

437 4037 774 4120 provincia,
800 4038 900 4101 vel
926 4036 1096 4101 aliud
1118 4037 1474 4122 legitimum
1498 4036 2030 4119 impedimentum,
2058 4037 2277 4118 puta...
2304 4034 2635 4099 infantiam
2661 4059 2721 4096 ».
2741 4033 2905 4098 Hinc

437 4139 741 4223 exceptio:
767 4165 804 4199 «
835 4140 1218 4221 Inquantum
1255 4139 1400 4216 dixi,
1435 4139 1948 4203 constitutionem
1978 4138 2132 4202 iuris
2165 4137 2530 4210 communie,
2573 4137 2719 4200 novi
2747 4136 2904 4201 iuris

436 4242 1018 4327 promulgatoriam,
1051 4241 1249 4326 ligare
1294 4243 1438 4324 post
1477 4240 1632 4305 duos
1669 4259 1929 4317 menseS,
1969 4240 2154 4316 fallit,
2190 4238 2435 4321 quando
2477 4239 2638 4303 esset
2674 4239 2906 4303 consti-

437 4343 602 4407 tutio
634 4345 1070 4429 privilegians:
1111 4344 1259 4426 quia
1291 4344 1440 4407 tunc
1471 4342 1689 4406 statim
1718 4342 2103 4425 imprimeret
2143 4341 2301 4405 vires
2334 4343 2398 4405 et
2429 4341 2775 4422 acquireret
2804 4341 2902 4406 ius

436 4444 626 4508 ctiam
655 4446 982 4527 iquoranti
1002 4470 1063 4509 ι».
1089 4446 1381 4531 Allegata
1414 4444 1552 4509 dein
1588 4444 1891 4528 opinione,
1926 4444 2092 4526 quod
2122 4443 2187 4507 id
2217 4443 2400 4508 fallat
2431 4443 2621 4508 etiam
2651 4443 2717 4507 in
2748 4441 2905 4508 Con-

439 4547 876 4613 stitutionibus
908 4548 1320 4626 irritantibus,
1348 4547 1576 4626 subdit,
1606 4548 1904 4612 Doctores
1937 4547 2135 4611 dicere
2158 4571 2193 4605 «κ
2219 4546 2451 4611 dictam
2473 4565 2735 4631 poenam
2767 4565 2904 4630 pro-
