3529 5158
981 381 1473 423 PROPOSITIONUM
1512 382 1963 424 DAMNATARUM.
2005 383 2082 422 BA
2091 385 2134 422 11
2689 386 2797 426 XXI

335 488 598 544 amatur
646 488 725 543 ut
770 488 1003 542 auctor
1050 485 1350 558 naturae,
1386 485 1455 541 et
1486 482 1790 558 gratuiti,
1825 500 1959 557 quo
1994 484 2179 544 Deus
2222 487 2487 545 amatur
2523 489 2602 546 ut
2641 487 2796 547 bea-

337 574 645 651 tificator,
677 589 853 634 vana
882 574 986 632 est
1019 576 1088 632 et
1121 571 1578 631 commentitia
1615 575 1684 632 et
1715 572 1802 632 ad
1834 571 2247 632 illudendum
2282 575 2486 635 sacris
2519 576 2797 637 Litteris

338 668 407 723 et
436 662 746 738 plurimis
778 663 1085 721 veterum
1118 660 1522 722 testimoniis
1553 661 1955 736 excogitata.

428 754 532 812 35.
585 751 800 812 Omne
832 750 1010 826 quod
1043 750 1188 827 agit
1218 754 1529 825 peccator
1559 751 1668 810 vel
1704 767 1940 811 servus
1971 751 2250 829 peccati,
2285 757 2632 827 peccatum
2671 759 2794 816 est.

428 842 534 901 36.
568 843 783 901 Amor
829 839 1176 917 naturalis,
1227 839 1345 914 qm'
1392 856 1475 899 ex
1524 838 1784 900 viribus
1830 844 2114 900 naturae
2161 840 2480 921 exoritur,
2531 860 2613 903 ex
2657 845 2799 904 sola

341 929 764 1006 philosophia
807 945 928 1003 per
973 928 1331 988 elationem
1378 929 1943 1004 praesumptionis
1991 929 2320 991 humanae
2367 947 2516 990 cum
2550 933 2800 993 iniuria

343 1019 555 1080 crucis
603 1018 855 1078 Christi
903 1016 1290 1078 defenditur
1321 1035 1363 1076 a
1400 1018 1743 1078 nonnullis
1773 1017 2177 1078 doctoribus.

430 1111 534 1168 37.
556 1109 719 1168 Cum
750 1106 1027 1183 Pelagio
1058 1106 1287 1186 sentit,
1323 1107 1440 1182 qui
1467 1107 1623 1167 boni
1657 1106 1915 1183 aliquid
1951 1107 2298 1184 naturalis,
2334 1108 2461 1169 hoc
2491 1114 2595 1171 est
2618 1110 2799 1187 quod

244 1254 250 1261 .
342 1216 421 1259 ex
460 1201 739 1258 naturae
770 1196 931 1256 solis
962 1195 1223 1256 viribus
1255 1200 1477 1256 ortum
1511 1196 1715 1275 ducit,
1750 1197 2078 1272 agnoscit.

430 1290 535 1347 38.
587 1286 823 1345 Omnis
870 1302 1053 1344 amor
1098 1289 1442 1345 creaturae
1476 1285 1824 1346 rationalis
1855 1290 1974 1346 aut
2008 1284 2255 1346 vitiosa
2298 1292 2405 1348 est
2443 1289 2799 1368 cupiditaS,

340 1395 474 1453 qua
519 1375 811 1435 mundus
857 1373 1187 1449 diligitur,
1237 1391 1410 1450 quae
1456 1392 1497 1434 a
1544 1376 1798 1435 Ioanne
1835 1375 2250 1456 prohibetur,
2285 1381 2407 1437 aut
2443 1378 2801 1439 laudabilis

340 1467 457 1527 illa
502 1464 767 1541 caritas,
818 1481 953 1538 qua
999 1479 1119 1538 per
1180 1463 1507 1539 Spiritum
1565 1464 1888 1525 Sanctum
1942 1464 2013 1523 111
2068 1463 2266 1526 corde
2311 1465 2558 1527 diffusa
2613 1468 2801 1528 Deus

336 1559 617 1616 amatur.

429 1647 535 1705 39.
578 1640 773 1715 Quod
801 1641 1181 1702 voluntarie
1206 1643 1300 1718 fit,
1336 1643 1599 1703 etiamsi
1633 1643 2008 1703 necessario
2041 1643 2177 1721 fiat,
2213 1642 2421 1705 libere
2447 1650 2670 1705 tamen
2701 1645 2799 1703 fit.

427 1737 530 1795 40.
573 1732 657 1791 In
705 1730 1016 1790 omnibus
1063 1731 1203 1791 suis
1250 1732 1516 1791 actibus
1562 1736 1875 1807 peccator
1934 1732 2146 1792 servit
2194 1733 2567 1793 dominanti
2617 1731 2802 1808 cupi-

333 1822 560 1885 ditati.

426 1916 531 1972 41.
586 1912 655 1971 18
702 1909 1039 1970 libertatis
1088 1909 1343 1985 modus,
1394 1909 1510 1985 qui
1560 1913 1664 1970 est
1719 1927 1759 1969 a
1823 1910 2242 1987 necessitate,
2292 1911 2419 1971 sub
2467 1909 2801 1970 libertatis

338 2002 607 2064 nomine
652 2016 785 2059 non
831 1998 1165 2075 reperitur
1211 1999 1282 2059 in
1332 1998 1720 2075 scripturis,
1772 1999 1889 2059 sed
1938 2000 2152 2059 solum
2190 2016 2434 2060 nomen
2466 1999 2802 2060 libertatis

335 2111 376 2153 a
425 2091 719 2168 peccatO.
2022 2156 2040 2171 ⁶

430 2183 534 2241 42.
586 2177 881 2253 Iustitia,
930 2194 1064 2252 qua
1110 2176 1516 2237 iustificatur
1569 2193 1689 2253 per
1735 2176 1934 2237 fidem
1983 2177 2249 2253 impius,
2305 2177 2614 2237 consistit
2673 2175 2802 2237 for·

340 2270 607 2331 maliter
653 2268 721 2326 in
757 2266 1141 2327 obedientia
1172 2266 1658 2343 mandatorum,
1695 2282 1866 2340 quae
1901 2269 2005 2326 est
2037 2282 2309 2342 operum
2352 2266 2635 2343 iustitia,
2670 2283 2803 2326 non

337 2364 563 2421 autem
611 2356 682 2416 in
731 2356 953 2431 gratia
997 2355 1227 2431 aliqua
1272 2355 1536 2416 animae
1582 2354 1829 2431 infusa,
1879 2371 2013 2430 qua
2071 2354 2433 2429 adoptatur
2471 2357 2668 2415 homo
2731 2355 2804 2414 in

338 2449 553 2508 filium
579 2445 708 2506 Dei
740 2450 809 2504 et
841 2445 1205 2505 secundum
1239 2445 1626 2504 interiorem
1660 2444 1994 2503 hominem
2026 2448 2393 2505 renovatur
2423 2461 2501 2505 ac
2532 2444 2806 2503 divinae

339 2541 622 2600 naturae
653 2551 926 2596 consors
957 2533 1263 2613 efficitur,
1300 2537 1394 2610 ut,
1423 2532 1519 2594 sie
1548 2549 1668 2609 per
1702 2532 2028 2609 Spiritum
2063 2532 2384 2595 Sanctum
2417 2536 2802 2612 renovatus,

336 2628 657 2700 deinceps
688 2624 857 2685 116116
890 2624 1121 2685 vivere
1159 2627 1228 2683 ct
1260 2624 1388 2684 Dei
1422 2622 1761 2683 mandatis
1793 2623 2063 2683 obedire
2096 2624 2328 2699 possit.

435 2718 537 2776 43.
578 2716 660 2775 111
692 2713 1077 2774 hominibus
1101 2712 1607 2788 poenitentibus
1632 2716 1792 2773 ante
1818 2713 2323 2774 Sacramentum
2358 2712 2804 2776 absolutionis

335 2813 407 2867 et
442 2805 511 2865 in
545 2803 1044 2865 catechumenis
1080 2807 1241 2863 ante
1274 2803 1695 2879 Baptismum
1730 2806 1838 2863 est
1862 2819 2022 2863 vera
2059 2802 2468 2881 iustificatio‚
2495 2807 2805 2878 separata

334 2902 564 2956 tamen
596 2911 637 2953 a
658 2891 1047 2953 remissione
1078 2896 1522 2967 peccatorum.

430 2987 536 3044 44.
596 2982 931 3058 Operibus
977 2982 1333 3058 plerisque,
1384 2998 1556 3056 quae
1603 2999 1643 3041 a
1689 2981 2001 3042 fidelibus
2059 2981 2230 3041 fiunt
2286 2983 2499 3043 solum
2547 2987 2627 3042 ut
2674 2982 2804 3041 Dei

338 3072 676 3134 mandatis
720 3077 1019 3147 pareant,
1046 3070 1418 3131 cuiusmodi
1464 3075 1626 3131 sunt
1671 3069 1941 3130 obedire
1972 3071 2388 3148 parentibus,
2424 3070 2801 3146 depositum

338 3163 638 3236 reddere,
687 3161 773 3221 ab
822 3159 1204 3238 homicidio,
1254 3177 1296 3220 a
1344 3159 1545 3235 furt0,
1593 3177 1635 3219 a
1680 3159 2122 3219 fornicatione
2154 3159 2514 3237 abstinere,
2563 3158 2804 3217 iustifi-

337 3257 582 3313 cantur
619 3249 891 3325 quidem
938 3249 1267 3326 bomines;
1319 3249 1480 3324 quia
1512 3255 1675 3309 sunt
1711 3249 1883 3323 legis
1914 3247 2299 3306 obedientia
2334 3251 2405 3306 et
2443 3264 2602 3306 vera
2636 3245 2807 3320 legis

340 3340 645 3401 iustitia:
697 3357 830 3399 11011
882 3342 1103 3398 tamen
1136 3338 1219 3398 iis
1252 3338 1565 3399 obtinent
1598 3337 2012 3396 incrementa
2050 3335 2405 3395 virtutum.

428 3434 538 3490 45.
591 3428 1001 3488 Sacrificium
1052 3427 1299 3488 Missae
1346 3444 1478 3486 non
1527 3425 1662 3486 alia
1710 3424 1971 3485 ratione
2017 3427 2122 3484 681
2153 3424 2570 3503 sacrificium,
2605 3439 2806 3498 quam

338 3517 641 3596 generali
689 3517 823 3592 illa,
871 3534 1006 3592 qua
1051 3533 1243 3578 omne
1290 3534 1480 3595 opus,
1532 3513 1712 3591 quod
1745 3515 1843 3592 fit,
1886 3518 1964 3574 ut
2009 3519 2245 3574 sancta
2296 3515 2615 3576 societate
2665 3513 2809 3573 Deo

339 3609 540 3670 homo
588 3605 954 3666 inhaereat.
1000 3623 1005 3629 ·

429 3700 540 3757 46.
576 3695 690 3756 Ad
737 3695 1063 3755 rationem
1111 3694 1368 3771 peccati
1399 3711 1533 3754 non
1574 3693 1877 3769 pertinet
1910 3693 2368 3752 voluntarium
2409 3708 2532 3751 nec
2578 3690 2809 3752 defini-

338 3787 550 3849 tionis
597 3784 904 3861 quaestio
951 3789 1073 3861 est,
1108 3784 1226 3844 sed
1258 3799 1497 3844 causae
1528 3788 1599 3843 et
1634 3782 1937 3858 originis,
1973 3785 2201 3859 utrum
2234 3798 2428 3841 omne
2461 3787 2810 3856 peccatum

336 3877 586 3937 debeat
617 3890 762 3935 esse
795 3873 1274 3934 voluntarium.

427 3968 535 4026 47.
594 3963 787 4025 Unde
832 3967 1181 4039 peccatum
1227 3961 1512 4038 originis
1560 3977 1715 4020 vere
1747 3959 1954 4019 habet
2001 3957 2330 4020 rationem
2376 3958 2630 4032 peccati
2665 3956 2810 4016 sine

337 4056 481 4114 ulla
528 4052 853 4113 relatione
885 4069 965 4111 ac
996 4055 1306 4126 respectu
1351 4052 1435 4110 ad
1486 4051 1906 4110 voluntatem
1949 4065 1990 4106 a
2019 4064 2153 4122 qua
2190 4046 2515 4122 originem
2548 4044 2807 4105 habuit.

428 4147 536 4204 48.
580 4144 943 4202 Peccatum
989 4140 1271 4215 originis
1316 4145 1421 4200 est
1470 4139 1803 4199 habituali
1852 4136 2118 4213 parvuli
2173 4135 2524 4196 voluntate
2571 4135 2810 4196 volun-

338 4233 588 4293 tarium
612 4235 683 4292 et
713 4230 1152 4290 habitualiter
1184 4228 1564 4288 dominatur
1596 4228 1915 4305 parvu103
1951 4245 2030 4287 60
2062 4226 2243 4302 quod
2281 4242 2414 4285 non
2449 4224 2625 4301 gerit
2656 4242 2810 4284 con-

339 4322 620 4382 trarium
671 4318 1049 4380 voluntatis
1096 4318 1468 4377 arbitrium.

434 4414 537 4470 49.
592 4411 681 4469 Et
712 4425 796 4469 ex
829 4407 1159 4468 habituali
1195 4407 1547 4467 voluntate
1583 4406 1971 4467 dominante
2003 4407 2096 4483 fit,
2132 4409 2210 4464 ut
2254 4403 2582 4479 parvulus
2627 4402 2814 4461 dece-

341 4500 512 4560 dens
556 4499 705 4560 sine
754 4497 1281 4574 regenerationis
1329 4497 1780 4571 Sacrameuto,
1816 4495 2086 4570 quando
2121 4511 2316 4553 usum
2349 4491 2629 4551 rationis
2661 4509 2817 4550 con-

345 4595 618 4650 secutus
665 4587 817 4664 erit,
857 4586 1214 4646 actualiter
1261 4587 1477 4646 Deum
1528 4584 1679 4645 odio
1728 4586 1993 4656 habeat,
2033 4585 2247 4642 Dcum
2297 4582 2715 4656 blasphemet
2747 4584 2817 4639 et

346 4677 485 4755 legi
534 4677 659 4738 Dei
710 4678 1063 4751 repugnet.
