3529 5158
2607 282 2646 307 Ι

682 362 753 416 98
1179 373 1392 414 macr.
1433 373 1470 412 1.
1510 372 1595 412 Dm
1635 371 1889 412 Ac‘rmus
1926 372 2221 413 3011111113.
2258 374 2459 415 carm*
2494 373 2624 413 vm.
3003 358 3148 433 [105]

678 471 1065 535 habitudinis
1096 475 1160 534 et
1190 470 1286 533 his
1320 473 1699 551 temperatus
1747 469 1919 533 nullo
1967 469 2151 532 modo
2199 470 2433 543 utitur;
2467 470 2584 533 hoc
2628 471 2793 534 enim
2825 473 2988 534 esset
3018 489 3150 552 pec-

679 575 890 637 catum
938 575 1152 637 contra
1200 571 1693 653 temperantiam.
1730 570 2048 650 Quaedam
2095 590 2237 635 vero
2280 575 2447 645 sunt,
2483 591 2641 653 quae
2687 591 2808 637 non
2856 574 3004 635 sunt
3050 572 3148 636 his

680 675 1120 756 impedimenta
1146 676 1208 737 et
1239 674 1334 737 his
1365 674 1680 738 moderate
1711 674 1915 737 utitur
1939 693 2047 756 pro
2077 674 2212 738 loco
2246 676 2309 738 et
2339 676 2614 756 tempore
2645 677 2709 738 et
2740 674 3145 758 congruentia

678 795 912 851 eorum,
953 776 1178 857 quibus
1212 776 1485 839 convivit
1522 801 1582 837 >›.

770 879 930 942 Item
975 877 1049 941 cle
1095 897 1302 940 amore
1348 878 1452 940 sui
1494 877 1645 941 haec
1682 877 1869 940 habet
1915 877 1989 939 de
2045 876 2324 941 Caritate
2370 897 2428 959 q.
2478 877 2659 942 unica
2707 896 2762 942 a.
2802 878 2859 941 7.
2909 877 2987 941 ad
3040 878 3142 942 13.

686 1004 721 1037 <1
754 981 1053 1044 Amantes
1100 980 1332 1061 seipsos
1378 979 1832 1060 vituperantur,
1867 980 1930 1042 in
1960 983 2267 1061 quantum
2299 980 2438 1061 plus
2485 979 2692 1044 debito
2740 979 2974 1061 seipsos
3010 979 3148 1043 dili-

678 1085 871 1165 gunt:
914 1081 1077 1163 quod
1124 1080 1372 1162 quidem
1417 1099 1538 1144 non
1571 1080 1883 1163 contingit
1913 1083 2219 1161 quantum
2259 1080 2335 1144 ad
2382 1081 2541 1145 bona
2589 1081 2960 1163 spiritualia,
2996 1081 3144 1162 quia

678 1183 889 1246 nullus
929 1186 1133 1266 potest
1165 1183 1349 1246 nimis
1382 1201 1588 1245 amare
1622 1182 1917 1256 virtutes;
1959 1182 2064 1245 sed
2097 1186 2402 1263 quantum
2441 1182 2513 1246 ad
2549 1183 2708 1247 bona
2748 1183 3049 1247 exteriora
3079 1185 3144 1247 et

678 1286 1022 1368 corporalia
1061 1288 1266 1368 potest
1299 1285 1524 1366 aliquis
1556 1285 1738 1348 nimis
1780 1304 1986 1348 amare
2018 1285 2288 1367 seipsum
2313 1310 2373 1348 ».
2401 1285 2484 1348 Et
2515 1285 2593 1349 ad
2636 1286 2735 1349 14.
2770 1310 2806 1343 «
2837 1285 2979 1350 Non
3010 1286 3143 1367 qui-

675 1405 938 1467 cumque
971 1390 1142 1451 amat
1172 1388 1439 1469 seipsum
1464 1386 1802 1449 secundum
1824 1388 2192 1448 exteriorem
2220 1391 2538 1460 naturam,
2563 1386 2870 1468 culpatur,
2897 1386 3003 1451 sed
3034 1387 3143 1468 qui

678 1488 835 1552 bona
870 1489 1174 1554 exteriora
1206 1489 1449 1570 quaerit
1480 1488 1646 1552 ultra
1693 1487 1947 1552 modum
1995 1489 2247 1552 virtutis
2282 1490 2346 1552 et
2376 1489 2463 1553 sic
2495 1510 2567 1553 ex
2611 1489 2872 1554 caritate
2919 1508 3140 1572 corpus

674 1593 958 1654 nostrum
988 1590 1245 1674 diligere
1278 1609 1607 1673 possumus
1640 1616 1699 1652 ».

762 1693 1001 1757 Rursus
1033 1692 1107 1755 de
1136 1694 1337 1755 amica
1371 1691 1770 1754 collocutione
1804 1694 1862 1754 2.
1900 1693 2061 1756 Dist.
2088 1694 2193 1756 40.
2228 1713 2286 1774 q.
2328 1694 2383 1755 1.
2412 1712 2467 1756 a.
2496 1694 2555 1755 5.
2590 1696 2896 1757 memorat
2926 1712 3140 1758 eorum

671 1795 1036 1868 doctrinam,
1070 1795 1177 1875 qui
1225 1794 1456 1868 dicunt,
1511 1794 1673 1874 quod
1722 1794 2032 1877 contingit
2079 1795 2288 1876 aliqua
2336 1813 2466 1858 esse
2511 1794 2940 1871 indifferentia,
2980 1814 3140 1876 quae

669 1915 777 1959 nec
824 1897 987 1961 bona
1018 1914 1127 1959 nec
1155 1895 1321 1958 mala
1355 1898 1564 1958 sunt...
1607 1897 1680 1958 111
1713 1896 1764 1958 31
1809 1894 2044 1975 aliquis
2074 1895 2270 1958 alicui
2305 1894 2599 1976 loquatur
2634 1916 2712 1958 ex
2743 1895 3014 1975 quadam
3059 1899 3142 1960 ci-

670 1997 785 2059 vili
811 1998 1113 2069 amicitia,
1142 1996 1237 2060 vel
1270 1997 1463 2060 etiam
1486 1995 1748 2076 aliquod
1768 2016 1920 2075 opus
1948 1997 2274 2060 ant-icabile
2304 1997 2393 2060 ad
2419 1999 2622 2076 ipsum·
2645 2002 2952 2061 emerceat:
2979 2018 3139 2080 quae
3161 2069 3179 2083 ⁶

668 2100 851 2182 plane
883 2099 1170 2164 exhibent
1203 2100 1413 2162 actum
1436 2098 1637 2174 illum,
1665 2118 1849 2180 quem
1874 2097 2178 2162 Scotistae
2208 2099 2423 2162 dicunt
2452 2099 2916 2165 indifferentem.
2943 2100 3137 2167 Porro

669 2201 742 2265 de
774 2201 870 2265 his
903 2201 994 2265 ita
1025 2201 1319 2266 continuo
1353 2201 1588 2265 iudicat
1626 2220 1673 2265 3.
1709 2201 2016 2265 Thomas:
2057 2226 2092 2257 «
2127 2200 2244 2265 Sed
2283 2202 2398 2266 hoc
2428 2221 2550 2267 non
2583 2202 2827 2266 videtur
2872 2222 3004 2267 esse
3050 2204 3138 2267 in-

668 2305 905 2369 stantia
930 2304 1191 2385 (scilicet
1223 2305 1382 2368 ratio
1406 2305 1470 2367 in
1497 2303 1880 2367 contrarium
1905 2303 2159 2385 solida);
2188 2305 2334 2385 quia
2369 2307 2544 2369 actus
2568 2305 2821 2370 virtutis
2847 2305 3136 2387 politicae

667 2426 787 2471 non
823 2409 917 2470 est
946 2406 1313 2477 indifferens,
1343 2406 1445 2469 sed
1477 2406 1541 2468 in
1574 2425 1636 2470 se
1683 2406 1881 2469 bonus
1914 2408 2007 2469 est
2039 2409 2120 2479 et,
2148 2406 2203 2470 si
2234 2407 2317 2470 sit
2348 2407 2553 2490 gratia
2589 2406 2980 2482 informatuS,
3018 2408 3136 2471 erit

669 2508 1023 2573 meritorius
1057 2532 1116 2570 ».
1144 2508 1307 2591 Ergo
1340 2507 1505 2588 quod
1536 2510 1630 2570 est
1662 2505 1949 2571 Scotistis
1980 2507 2345 2581 indifferenS,
2381 2527 2428 2571 3.
2466 2508 2740 2573 Thomae
2777 2511 2872 2573 est
2902 2509 3134 2574 bonum

668 2613 732 2675 et
766 2613 944 2673 actus
976 2610 1229 2673 virtutis
1270 2609 1440 2685 adeo,
1476 2610 1548 2673 ut
1578 2610 1799 2672 mereri
1831 2610 2029 2692 possit
2059 2611 2258 2674 vitam
2291 2612 2623 2676 aeternam.

755 2713 998 2776 Pariter
1044 2711 1247 2793 quoad
1294 2710 1527 2773 cultum
1573 2712 1834 2774 vestium
1880 2713 2031 2776 haec
2061 2713 2247 2777 habet
2280 2715 2339 2776 2.
2377 2715 2436 2777 2.
2472 2734 2530 2794 q.
2572 2715 2717 2778 169.
2754 2733 2809 2777 a.
2850 2716 2908 2778 1.
2942 2714 3020 2778 ad
3071 2717 3127 2779 1.

673 2843 705 2873 «
741 2813 966 2878 Cultus
998 2814 1323 2878 exterior...
1361 2813 1436 2876 ad
1467 2814 1816 2877 naturalem
1850 2814 2152 2878 rationem
2185 2815 2470 2896 pertinet,
2506 2817 2579 2879 111
2616 2815 2978 2880 exteriorem
3008 2817 3135 2880 cul·-

665 2923 804 2982 tum
836 2917 1187 2982 moderetur
1225 2919 1287 2980 et
1323 2915 1657 2980 secundum
1690 2916 1807 2980 hoc
1857 2916 1993 2980 nati
2039 2935 2252 2980 sumus
2284 2917 2443 2982 hanc
2475 2917 2772 2980 virtutem
2804 2917 3128 3000 suscipere,

664 3039 824 3102 quae
870 3020 1233 3084 exteriorem
1278 3019 1518 3082 cultum
1563 3017 1924 3082 moderatur
1961 3043 2021 3080 ».
2057 3017 2248 3081 Addit
2293 3019 2334 3082 1.
2376 3038 2426 3081 0.
2467 3019 2530 3082 111
2577 3037 2740 3101 corp.
2777 3038 2954 3101 posse
3003 3038 3134 3102 pec-

664 3122 793 3184 cari
838 3141 945 3203 per
989 3121 1327 3184 defectum:
1370 3145 1404 3177 «
1444 3120 1534 3183 Ex
1582 3121 1755 3202 parte
1804 3119 2075 3183 defectus
2132 3120 2419 3184 similiter
2472 3123 2679 3202 potest
2732 3139 2861 3185 esse
2909 3121 3132 3204 duplex

663 3222 1038 3287 inordinatio
1088 3241 1193 3304 per
1239 3222 1546 3285 affectum.
1588 3221 1727 3285 Uno
1777 3221 2025 3302 quidem
2072 3221 2254 3287 modo
2303 3241 2374 3286 ex
2412 3222 2792 3306 negligentia
2839 3223 3127 3296 hominis,

662 3327 769 3407 qui
795 3343 918 3388 non
944 3323 1193 3387 adhibet
1220 3323 1497 3387 studium
1522 3323 1617 3387 vel
1641 3323 1919 3387 laborem
1945 3324 2020 3387 ad
2046 3325 2181 3396 hoc,
2202 3324 2365 3405 quod
2391 3325 2688 3389 exteriore
2710 3325 2885 3388 cultu
2910 3328 3131 3390 utatur

663 3427 999 3492 secundum
1036 3426 1202 3507 quod
1234 3429 1543 3510 oportet...
1578 3426 1720 3490 Alio
1753 3427 1937 3491 modo
1978 3447 2048 3490 ex
2080 3447 2151 3492 eo
2186 3427 2349 3509 quod
2396 3428 2602 3510 ipsum
2633 3428 2939 3492 defectum
2971 3431 3131 3493 exte-

663 3529 842 3593 rioris
874 3529 1080 3593 cultus
1106 3529 1181 3593 ad
1206 3530 1474 3613 gloriam
1500 3528 1744 3592 ordinat
1771 3554 1830 3590 ».
1851 3528 2080 3592 Exinde
2111 3529 2437 3595 honestam
2461 3530 2611 3594 dicit
2644 3533 2843 3594 artem
2867 3529 3129 3595 faciendi

664 3633 1024 3695 ornamenta
1069 3632 1421 3696 mulierum.
1457 3631 1556 3693 Ita
1602 3629 1644 3691 l.
1680 3649 1729 3692 c.
1781 3649 1834 3691 a.
1873 3632 1930 3692 2.
1977 3630 2054 3692 ad
2100 3631 2199 3694 4.:
2242 3655 2275 3689 «
2309 3630 2468 3709 Quia
2513 3632 2802 3696 mulieres
2848 3632 3018 3696 licite
3065 3651 3128 3696 se

662 3735 921 3816 possunt
956 3753 1170 3799 ornare
1202 3733 1397 3796 velut
1428 3733 1788 3794 conservent
1820 3730 2162 3796 decentiam
2187 3733 2284 3796 sui
2309 3735 2514 3797 status
2539 3733 2636 3798 vel
2667 3734 2859 3798 etiam
2893 3734 3128 3815 aliquid

661 3837 1081 3920 superaddere,
1116 3838 1188 3898 ut
1219 3834 1505 3916 placeant
1534 3833 1711 3902 viris:
1739 3853 2115 3915 consequens
2149 3838 2262 3911 est,
2290 3836 2454 3917 quod
2487 3837 2751 3901 artifices
2775 3837 3003 3901 talium
3037 3857 3129 3903 or-

663 3940 1096 4003 namentorum
1127 3953 1251 3999 non
1284 3937 1536 4017 peccant
1568 3935 1630 3998 in
1655 3955 1776 3999 usu
1808 3936 1952 4000 talis
1986 3937 2156 4012 artiS,
2185 3938 2301 4002 nisi
2335 3938 2494 4004 forte
2526 3938 2887 4004 inveniendo
2916 3939 3128 4021 aliqua

660 4039 969 4122 superflua
1007 4039 1069 4100 et
1100 4037 1343 4101 curiosa
1375 4063 1435 4100 ».

749 4137 991 4201 Pariter
1020 4138 1224 4219 quoad
1260 4142 1462 4201 artem
1491 4137 1868 4203 histrionum.
1905 4140 1992 4205 sic
2029 4140 2273 4205 disserit
2306 4144 2366 4204 2.
2396 4144 2454 4204 2.
2489 4162 2548 4223 q.
2581 4143 2726 4206 168.
2761 4163 2817 4208 a.
2853 4146 2913 4208 3.
2951 4145 3030 4210 ad
3063 4147 3123 4211 3.

665 4265 699 4298 «
736 4238 1096 4314 Dicendum,
1123 4240 1307 4322 quod,
1337 4241 1498 4305 sicut
1528 4240 1763 4306 dictum
1803 4245 1915 4318 est,
1947 4242 2133 4306 ludus
2165 4245 2261 4308 est
2292 4245 2667 4310 necessarius
2702 4245 2778 4310 ad
2810 4265 3129 4313 conversa-

656 4343 891 4406 tionem
915 4343 1221 4408 humanae
1248 4345 1433 4410 vitae.
1452 4345 1548 4410 Ad
1583 4347 1790 4411 omnia
1824 4348 2052 4422 autem,
2075 4367 2233 4430 quae
2270 4352 2416 4412 sunt
2453 4349 2637 4414 utilia
2669 4351 3124 4416 conversationi

656 4446 981 4520 humanae,
1016 4445 1299 4529 deputari
1332 4450 1591 4530 possunt
1623 4449 1832 4529 aliqua
1867 4448 2068 4513 officia
2100 4450 2293 4514 licita.
2327 4450 2408 4514 Et
2438 4450 2573 4516 ideo
2622 4452 2813 4515 etiam
2845 4452 3122 4518 officium

663 4547 1056 4624 histrionum,
1100 4551 1263 4630 quod
1312 4549 1634 4615 ordinatur
1673 4551 1750 4614 ad
1789 4550 2084 4615 solatium
2131 4551 2484 4617 hominibus
2521 4553 2946 4632 exhibendum,
2997 4574 3120 4620 non
