3529 5158
341 376 485 453 [683]
657 394 928 437 ancum.
958 395 1044 435 AN
1068 395 1341 436 vennam
1368 395 1687 436 mmmmm
1712 395 2031 437 Mannum.
2060 396 2350 441 nomam
2373 398 2502 440 arro.
2701 386 2806 440 595

343 509 467 555 non
498 492 817 577 pertingat
854 493 1132 576 apposite
1175 492 1252 556 ad
1283 492 1665 557 ebrietatem.
1706 492 1792 556 In
1823 512 2053 557 somno.
2089 493 2174 556 In
2217 495 2395 558 risu.-
2428 496 2557 559 scil.
2591 496 2809 561 immo-

345 593 554 659 derate
600 594 873 671 ridendo,
914 594 1186 660 tollendo
1219 594 1602 659 cachinnum.
1651 595 1783 661 Usu
1820 597 2127 678 coniuyii:
2165 597 2444 682 intellige
2490 598 2599 661 ubi
2635 598 2807 663 nulla

346 696 428 762 sit
475 695 867 761 rationabilis
899 716 1087 762 causa
1124 717 1419 763 excusans
1452 699 1584 762 scil.
1624 699 1722 762 vel
1754 699 2168 764 satisfaciendi
2205 699 2388 764 alteri
2419 699 2669 783 coniugi
2713 700 2812 764 vel

345 798 599 864 sedandi
645 800 1224 883 concupiscentiam,
1257 801 1363 865 sed
1395 821 1465 865 ex
1498 802 1630 866 solo
1662 801 2072 867 immoderato
2110 802 2409 867 desiderio
2441 803 2805 885 voluptatis·

347 901 616 975 Timore,
651 902 898 983 quando
932 903 1062 966 scil.
1098 904 1176 985 (s.
1211 903 1431 968 Thom.
1474 905 1534 967 2.
1576 905 1636 968 2.
1670 922 1728 985 q.
1769 905 1916 968 125.
1950 905 2066 968 art.
2106 905 2195 987 1.)
2229 906 2541 988 appetitus
2577 905 2810 990 refugit

345 1022 434 1079 ea,
477 1023 635 1087 quae
682 1004 847 1089 ratio
896 1004 1095 1071 dictat
1140 1024 1270 1071 esse
1317 1006 1695 1084 sustinenda,
1730 1025 1805 1071 ne
1835 1006 2096 1071 desistat
2144 1007 2220 1070 ab
2250 1007 2367 1084 his,
2403 1026 2561 1089 quae
2605 1008 2809 1093 magis

344 1107 633 1190 prosequi
671 1106 870 1172 debet.
914 1107 1228 1182 Tristitia,
1264 1128 1405 1173 cum
1450 1128 1667 1192 nempe
1713 1109 1915 1193 magis
1949 1108 2257 1187 tristatur,
2297 1128 2486 1192 quam
2522 1130 2619 1175 res
2650 1109 2811 1175 ferat

345 1209 442 1273 vel
476 1209 537 1274 vi
576 1209 874 1275 tristitiae
904 1210 1189 1293 impediri
1226 1211 1366 1292 quis
1391 1230 1456 1275 se
1479 1212 1631 1275 sinit
1662 1230 1697 1275 a
1735 1211 1959 1275 debitis
1992 1212 2474 1293 operationibus
2506 1212 2813 1291 Appetitu

333 1313 660 1390 pecuniae,
695 1311 907 1376 laudis
951 1314 1066 1376 etc.
1107 1315 1182 1377 ut
1226 1332 1363 1396 sup.
1402 1313 1638 1378 dictum
1686 1315 1801 1378 est.
1839 1312 1981 1377 Etc.
2020 1332 2072 1377 e.
2112 1334 2205 1397 gr.
2255 1312 2619 1395 loquacitas
2667 1332 2810 1378 cum

345 1414 486 1494 quis
533 1414 815 1496 loquitur
861 1418 1169 1497 quantum
1217 1418 1279 1479 et
1325 1415 1570 1499 quando
1608 1416 1781 1493 libet,
1820 1416 1886 1479 in
1931 1415 2348 1498 respondendo
2395 1415 2808 1496 impatientia,

345 1517 486 1580 tum
532 1538 719 1581 avare
767 1538 883 1581 sua
930 1516 1275 1591 retinendO,
1309 1519 1645 1581 oscitanter
1679 1517 1939 1600 ayendo,
1974 1517 2361 1599 neyli'qenter
2391 1517 2648 1591 orando,
2682 1536 2812 1582 sese

343 1585 615 1704 ikgem,
648 1620 967 1699 memoria,
987 1620 1242 1697 viribUS‚
1270 1620 1468 1684 forma
1491 1621 1764 1702 corporis
1792 1621 2076 1685 omnibus
2102 1620 2240 1685 aliis
2251 1618 2668 1699 praeferendo
2691 1620 2806 1684 etc.

433 1721 553 1784 His
588 1720 739 1785 adde
778 1720 1122 1794 mendacia,
1156 1740 1315 1803 quae
1351 1722 1508 1785 nihil
1539 1723 1651 1786 aut
1688 1723 1819 1787 Deo
1852 1724 1967 1786 aut
1995 1722 2272 1804 proximo
2303 1722 2653 1787 detrahant.

458 1862 669 1915 XXXII.
699 1864 749 1915 2.
776 1865 979 1916 Peccata
1018 1868 1181 1916 contra
1223 1862 1431 1917 virtutes
1468 1863 1792 1928 Theologicas
1830 1871 1942 1917 sunt
1979 1863 2205 1918 mortalia
2244 1878 2304 1918 cx
2330 1878 2508 1929 genere
2546 1879 2664 1934 su0;
2691 1862 2806 1930 quia

343 1951 527 1999 nocent
554 1949 682 1999 hono
714 1945 860 2000 alicui
882 1946 1076 2001 interno
1105 1946 1210 2008 Dei,
1240 1962 1286 1999 v.
1312 1962 1385 2012 gr.
1420 1948 1683 2010 voracitati,
1711 1947 2095 2014 misericordiae,
2122 1948 2329 2002 caritati.
2357 1950 2473 2002 item
2502 1952 2600 2002 lere
2627 1948 2806 2014 omnia,

343 2043 475 2096 quae
514 2033 634 2083 flunt
672 2037 840 2084 contra
876 2032 1206 2099 Deealogum3
1233 2030 1350 2097 quia
1376 2046 1501 2098 quae
1526 2031 1896 2087 committuntur
1923 2039 2091 2087 contra
2123 2032 2214 2087 tria
2243 2033 2395 2100 prima
2423 2039 2699 2100 praecepta,
2730 2047 2814 2087 no-

347 2120 465 2167 cent
490 2112 712 2167 similiter
732 2114 930 2180 Deitati‚
950 2115 1196 2181 scientiae,
1223 2116 1606 2184 omnipotentiae
1627 2116 1823 2171 divinae
1847 2116 2050 2184 eiusque
2076 2117 2251 2172 honori
2274 2125 2472 2172 externo
2498 2119 2579 2171 vel
2596 2117 2810 2172 interno:

339 2213 468 2265 quae
510 2213 628 2252 vero
667 2206 837 2252 contra
876 2200 1062 2265 reliqua
1105 2209 1365 2268 praecepta
1403 2204 1541 2265 fiunt,
1574 2209 1751 2256 nocent
1788 2218 2041 2270 personae,
2067 2207 2196 2257 bono
2234 2213 2318 2258 aut
2353 2202 2444 2256 iuri
2481 2202 2711 2270 proximi.

430 2304 612 2377 682.
648 2308 817 2373 Dicit
846 2310 945 2383 Α..
978 2310 1218 2392 reliqua
1248 2310 1546 2395 Decalogi
1577 2314 1905 2395 praecepta
1933 2313 2172 2377 laedere
2217 2314 2357 2378 iura
2394 2313 2663 2378 aliorum
2692 2315 2808 2380 etc.

343 2410 511 2475 Nam
543 2412 835 2475 octavum
871 2413 1270 2495 praeceptum
1297 2431 1421 2477 non
1468 2416 1563 2477 est
1608 2414 1810 2496 reipsa
1841 2413 1914 2478 de
1950 2413 2204 2479 vitando
2252 2414 2613 2497 simpliciter
2643 2435 2811 2478 men-

344 2512 547 2586 dacia,
580 2512 683 2577 sed
718 2512 885 2592 falso
921 2515 1288 2595 testimonio,
1322 2516 1487 2597 quod
1518 2515 1680 2581 cedit
1708 2516 1774 2582 in
1807 2517 2064 2582 alterius
2095 2517 2410 2583 damnum.

449 2658 685 2711 XXXIII.
719 2660 769 2711 3.
799 2660 1004 2712 Peccata
1041 2657 1123 2713 illa
1163 2664 1366 2726 septem,
1392 2673 1517 2725 quae
1556 2659 1788 2713 dicuntur
1823 2659 2067 2728 capitalia,
2097 2674 2192 2715 non
2230 2660 2391 2714 omnia
2429 2661 2809 2724 suntmortalia

341 2758 406 2797 ex
444 2756 620 2808 genere
657 2757 784 2796 suo:
813 2742 923 2809 quia
965 2758 1060 2797 non
1098 2742 1257 2797 omnia
1295 2743 1512 2809 graviter
1549 2745 1706 2798 Deum
1751 2752 1836 2799 aut
1874 2744 2150 2813 proximum
2188 2747 2386 2800 laedunt
2422 2749 2502 2800 vel
2539 2760 2630 2800 nos
2666 2745 2805 2814 ipsos

338 2835 677 2894 corrumpunt.

432 2933 609 3006 883.
654 2936 825 3016 Quae
872 2938 1093 3022 gravia
1126 2938 1225 3002 vel
1255 2938 1418 3002 levia
1451 2958 1522 3003 ex
1552 2959 1775 3024 genere
1805 2958 1919 3004 suo
1953 2941 2097 3018 sint,
2137 2960 2208 3005 ex
2255 2942 2642 3025 singulorum
2688 2944 2815 3007 tra-

337 3039 617 3104 ctatione
647 3039 997 3124 colligetur.

456 3178 695 3230 XXXIV.
725 3179 873 3243 Resp.
902 3180 952 3231 3.
984 3180 1186 3231 Mortale
1226 3192 1286 3230 ex
1326 3176 1578 3230 accidente
1616 3176 1815 3243 dicitur,
1840 3190 1950 3229 cum
1986 3182 2126 3229 actus
2166 3175 2343 3242 aliquis
2382 3176 2587 3230 venialis
2625 3181 2708 3229 aut
2744 3176 2811 3230 in·

340 3260 575 3314 differens
612 3263 664 3315 sst
703 3276 790 3328 per
832 3261 1055 3316 accidens
1094 3260 1325 3322 mortaliS,
1352 3262 1413 3313 de
1450 3276 1548 3326 quo
1583 3260 1723 3313 inira.

436 3371 530 3435 De
562 3371 678 3435 hoc
709 3390 915 3436 sermo
941 3371 1061 3434 erit
1081 3369 1270 3434 dubio
1295 3370 1379 3446 3.,
1404 3369 1513 3432 ubi
1544 3369 1867 3450 quaeritur
1889 3367 2198 3450 quomodo
2230 3369 2467 3433 veniale
2499 3388 2570 3433 ex
2592 3388 2812 3454 genere

334 3492 459 3538 suo
498 3491 606 3557 per
646 3473 924 3538 accidens
954 3472 1087 3536 fieri
1126 3472 1322 3554 possit
1352 3470 1629 3534 mortale.

1432 3670 1594 3733 Dua.
1630 3669 1714 3734 II.

1120 3795 1358 3876 Quibus
1395 3815 1472 3858 ea:
1508 3795 1716 3858 causis
1746 3797 2065 3874 peccatum

748 3925 825 3969 ex
858 3923 1080 3988 yenere
1111 3922 1224 3967 suo
1254 3901 1515 3964 mortale
1544 3902 1665 3982 fiat
1678 3921 1801 3980 per
1829 3900 2114 3964 accidens
2144 3900 2404 3966 veniale.

458 4065 680 4118 XXXV.
708 4064 860 4130 Resp.
895 4064 938 4115 l.
964 4058 1079 4114 Tria
1118 4057 1432 4126 requiruntur
1471 4060 1532 4111 ad
1570 4064 1831 4124 peccatum
1861 4059 2085 4121 mortale,
2109 4072 2314 4124 quorum
2341 4059 2385 4112 si
2424 4074 2568 4113 unum
2594 4058 2737 4125 desit,
2765 4063 2816 4116 at

340 4149 557 4216 veniale,
584 4150 714 4214 quod
742 4146 863 4201 alias
901 4161 961 4200 ex
1004 4160 1055 4199 se
1094 4151 1169 4198 est
1207 4145 1440 4197 mortale:
1474 4145 1519 4194 t.
1547 4157 1608 4196 ex
1635 4148 1770 4208 parte
1800 4141 2092 4205 intellectus,
2121 4145 2261 4208 plena
2289 4142 2592 4197 adver-tentia
2618 4151 2667 4198 et
2692 4144 2815 4198 deli·

341 4233 564 4287 beratio:
588 4234 636 4285 2.
664 4246 724 4285 ex
755 4237 891 4297 parte
932 4227 1199 4283 voluntatis
1237 4230 1488 4294 perlectus
1515 4241 1811 4280 consensus:
1837 4228 1885 4279 3.
1912 4225 2126 4290 gravitas
2164 4226 2409 4290 materiae,
2434 4229 2604 4281 saltem
2633 4234 2687 4283 ut
2715 4231 2818 4296 plu·

337 4318 538 4372 rimam.
560 4315 708 4371 Ratio
734 4315 923 4383 primae
949 4322 998 4368 et
1025 4315 1266 4368 secundae
1288 4311 1442 4380 partis
1463 4317 1566 4378 est;
1590 4310 1700 4377 quia
1723 4318 1940 4378 spectata
1967 4310 2226 4375 fragilitate
2251 4315 2477 4376 humana,
2498 4327 2593 4366 non
2623 4313 2818 4369 videtur

336 4405 525 4458 decere
544 4400 763 4456 divinam
791 4399 1074 4463 bonitatem,
1092 4397 1311 4453 aeternis
1328 4395 1584 4464 suppliciis
1603 4394 1780 4463 punire
1797 4394 2059 4458 hominem,
2074 4397 2257 4462 absque
2270 4399 2410 4464 plena
2428 4397 2817 4453 consideratione

340 4496 392 4543 et
418 4502 682 4542 consensu.
701 4485 845 4540 Ratio
875 4484 1047 4539 tertiae
1072 4484 1251 4551 partis:
1276 4481 1388 4549 quia
1414 4480 1498 4535 ubi
1525 4480 1727 4535 materia
1748 4479 1888 4548 parvi
1908 4487 1983 4536 est
2003 4480 2251 4545 momenti,
2270 4481 2340 4536 ibi
2357 4482 2609 4538 moraliter
2626 4484 2816 4540 modica

336 4571 555 4626 offensio
593 4585 703 4625 esse
741 4575 996 4636 reputatur
1035 4574 1087 4621 ut
1124 4565 1401 4636 plurimum.

437 4680 744 4745 Doctrina
794 4679 960 4742 clara
1011 4680 1123 4741 est.
1159 4678 1251 4741 De
1300 4676 1486 4739 tertio
1534 4694 1732 4740 sermo
1767 4675 1992 4740 redibit
2020 4677 2086 4740 in
2125 4677 2307 4761 Resp.
2343 4679 2622 4761 sequenti
2652 4699 2711 4744 n.
2754 4681 2815 4744 3.
