3529 5158
1054 386 1138 424 mr
1174 384 1695 426 Pnouumxnoua
1733 383 1919 425 LEGIS
1957 383 2350 426 Pon‘nmcma
2830 371 2934 426 721

481 482 817 565 publicatio
844 482 1007 545 facta
1040 483 1100 546 in
1141 482 1310 546 curia
1345 481 1423 545 ad
1445 482 1581 545 loca
1616 479 1792 545 valde
1824 484 2063 547 remota
2087 480 2478 558 extendatur:
2520 481 2666 562 quia
2698 501 2940 564 respon-

481 584 601 659 det,
652 584 811 666 quod
874 584 988 662 illi,
1038 586 1142 666 qui
1203 604 1323 648 non
1380 584 1731 648 habuerunt
1784 585 2042 662 notiam,
2099 585 2280 648 erunt
2348 585 2640 647 excusati.
2705 584 2788 647 Et
2843 586 2938 648 ita

481 685 658 750 Card.
687 687 957 751 Florent.
994 686 1144 751 dicit
1182 688 1242 750 in
1277 687 1590 770 prooemio
1624 688 1784 751 etc...
1822 686 1939 751 Sed
1986 689 2194 750 tamen
2243 687 2479 750 dictum
2530 686 2794 750 Abbatis
2840 688 2939 751 de·

477 787 640 852 feudi
679 791 886 872 potest
931 789 994 853 et
1031 788 1211 867 idem,
1248 788 1413 870 quod
1443 788 1672 861 Abbas,
1708 790 1879 852 tenet
1925 790 2188 853 Imola...
2240 813 2301 852 ».
2337 789 2502 873 Ergo
2534 789 2739 852 neutri
2772 790 2936 872 parti

480 892 806 955 adhaerere
830 891 1093 956 videtur.

564 993 679 1058 Sed
729 997 797 1057 2⁰
821 995 946 1059 iam
993 995 1279 1072 vidimuS,
1331 994 1495 1077 quod
1542 994 1847 1059 sententia
1893 994 2158 1059 Abbatis
2196 1013 2331 1081 sup.
2367 1015 2424 1058 n.
2461 994 2522 1058 4.
2573 995 2636 1058 et
2683 996 2933 1059 Ioannis

476 1096 553 1159 ab
585 1096 783 1160 Imola
815 1116 949 1180 sup.
990 1118 1048 1160 n.
1104 1098 1204 1160 14.
1241 1096 1317 1161 ad
1351 1096 1541 1160 aliam
1579 1097 2006 1179 quaestionem
2039 1097 2319 1161 refertur.
2361 1098 2525 1181 Ergo
2558 1096 2803 1161 etiamsi
2835 1098 2930 1162 his

475 1198 699 1263 Decius
740 1199 1116 1275 adhaereret,
1151 1198 1307 1263 nihil
1345 1200 1560 1263 contra
1592 1218 1984 1263 communem
2020 1199 2392 1264 sententiam
2431 1198 2707 1262 haberet.

652 1301 724 1361 3⁰
753 1299 945 1364 Addit
979 1300 1125 1364 ibid.
1160 1299 1468 1364 Abbatem
1515 1301 1578 1365 et
1628 1302 1919 1366 Ioannem
1951 1303 2325 1366 Imolensem
2361 1301 2455 1365 illi
2502 1302 2664 1384 parti
2715 1301 2933 1367 adhae-

470 1422 620 1481 rere,
654 1427 690 1462 «
722 1404 853 1466 nisi
888 1406 1047 1467 esset
1066 1403 1437 1467 consuetudo
1471 1405 1539 1466 in
1569 1406 1957 1467 contrarium
1987 1429 2022 1462 »
2078 1406 2140 1468 et
2171 1405 2374 1487 reipsa
2401 1404 2520 1467 vid.
2556 1422 2691 1487 sup.
2733 1424 2791 1466 n.
2829 1405 2928 1468 14.

474 1506 667 1589 Atqui
700 1506 1203 1569 consuetudinem
1244 1524 1373 1569 esse
1406 1508 1781 1569 contrariam
1833 1509 2175 1590 generatim
2224 1508 2287 1570 et
2333 1508 2524 1590 excipi
2574 1527 2608 1570 a
2655 1509 2925 1592 generali

472 1609 690 1693 regula
736 1608 940 1672 solum
972 1626 1169 1684 casus,
1211 1608 1271 1670 in
1320 1607 1545 1690 quibus
1592 1608 1915 1691 spirituale
1961 1610 2058 1673 vel
2106 1610 2445 1693 temporale
2490 1609 2928 1675 detrimentum

473 1711 848 1792 sequeretur,
881 1710 1278 1774 manifestum
1317 1710 1430 1774 est.
1465 1710 1649 1794 Ergo.

562 1814 666 1877 28.
701 1812 1093 1895 Augustinus
1125 1813 1385 1877 Beroius
1434 1813 1510 1877 ab
1557 1813 1782 1877 Azorio
1820 1815 1972 1878 tom.
2013 1815 2069 1876 1.
2098 1815 2176 1877 tr.
2215 1815 2274 1877 5.
2309 1832 2441 1895 cap.
2479 1815 2539 1877 3.
2590 1833 2646 1895 q.
2683 1815 2744 1879 3.
2786 1815 2929 1880 alle-

469 1918 659 2000 gatur
706 1917 1004 1998 tanquam
1054 1914 1387 1981 adhaerens
1426 1915 1699 1999 opinioni
1747 1916 2157 2001 regalisticae.
2206 1916 2287 1979 Et
2310 1915 2512 1999 reipsa
2548 1917 2609 1980 in
2644 1936 2776 2001 cap.
2820 1917 2930 1982 Co-

468 2024 827 2101 quasa-entes
859 2021 918 2083 2.
954 2019 1027 2083 dc
1069 2019 1399 2084 Constitut.
1437 2041 1495 2083 n.
1535 2022 1637 2084 52.
1675 2020 1752 2084 ad
1790 2020 2089 2084 dubium:
2137 2045 2171 2077 «
2202 2021 2448 2103 quando
2478 2022 2649 2087 istud
2681 2025 2926 2107 tempus

470 2123 731 2188 duorum
780 2122 1085 2187 mensium
1133 2143 1373 2187 currere
1419 2123 1696 2206 incipiat,
1746 2142 1820 2186 an
1856 2122 1953 2187 die
1999 2123 2434 2207 publicationis
2483 2126 2787 2208 generalis
2833 2126 2927 2191 fa-

473 2227 608 2290 ctae
653 2226 717 2289 in
765 2224 953 2289 Curia
1001 2225 1291 2309 principis
1340 2227 1403 2290 et
1440 2228 1881 2308 consequenter
1917 2226 2191 2290 sufficiat
2239 2246 2362 2290 una
2409 2227 2748 2310 publicatio
2795 2230 2928 2294 tan-

470 2331 607 2392 tum
654 2329 820 2393 facta
852 2330 911 2393 in
945 2331 1135 2407 curia,
1178 2348 1253 2392 an
1312 2349 1455 2394 vero
1507 2329 1766 2412 incipiat
1796 2349 2037 2394 currere
2099 2349 2134 2393 a
2187 2330 2605 2413 publicatione
2649 2331 2815 2396 facta
2860 2334 2923 2397 in

471 2430 784 2514 provincia.
833 2432 896 2495 et
926 2431 1366 2513 consequenter
1397 2432 1603 2514 plures
1637 2431 2086 2514 publicationes
2131 2432 2547 2513 requirantur,
2597 2434 2794 2497 altera
2841 2435 2927 2498 vi-

468 2532 689 2599 delicet
733 2535 795 2598 in
843 2534 1106 2618 singulis
1154 2534 1483 2617 provinciis
1522 2534 1688 2599 ultra
1737 2534 2217 2618 publicationem
2262 2533 2494 2601 factam
2538 2536 2602 2600 in
2649 2536 2820 2601 curia
2858 2562 2919 2612 ι»,

467 2637 794 2721 respondet
839 2637 1318 2720 publicationem
1370 2637 1429 2701 in
1486 2637 1817 2721 provinciis
1879 2656 2008 2701 esse
2068 2637 2410 2702 faciendam
2466 2641 2527 2702 et
2574 2640 2711 2704 dein
2773 2641 2922 2706 haec

467 2740 704 2804 subdit:
753 2764 787 2796 «
818 2739 961 2802 Non
1012 2739 1221 2803 obstat
1252 2739 1415 2821 quod
1448 2738 1691 2803 dicebat
1737 2740 1998 2803 Ioannes
2046 2740 2384 2804 Andreas...
2421 2742 2526 2822 qui
2563 2742 2624 2805 in
2658 2744 2774 2806 hoc
2810 2743 2922 2807 dif-

464 2842 788 2907 ferentiam
836 2842 1103 2906 faciebat
1151 2842 1310 2905 inter
1342 2842 1578 2925 Papam
1625 2842 1687 2905 et
1734 2842 2198 2924 Imperatorem,
2251 2862 2359 2906 seu
2391 2844 2551 2907 inter
2597 2844 2692 2907 ius
2740 2845 2918 2909 civile

466 2948 529 3010 et
575 2946 957 3020 canonicum,
992 2944 1277 3008 videlicet
1308 2944 1471 3025 quod
1504 2944 1818 3027 praedicta
1850 2945 2163 3008 conclusio
2210 2945 2438 3006 habeat
2466 2944 2670 3008 locum
2704 2947 2765 3008 in
2800 2947 2921 3010 Im-

466 3049 765 3131 peratore,
816 3048 920 3111 sed
968 3047 1027 3111 in
1079 3045 1538 3109 Constitutione
1585 3046 1791 3127 Papae
1838 3046 1990 3108 satis
2039 3046 2121 3108 sit
2182 3065 2304 3108 una
2366 3047 2704 3129 publicatio
2754 3048 2918 3113 facta

466 3151 526 3214 in
576 3149 759 3214 Curia
811 3149 885 3214 ad
934 3150 1049 3212 hoc
1088 3151 1159 3212 ut
1207 3166 1415 3212 omnes
1464 3146 1698 3230 obliget
1733 3148 1876 3229 post
1923 3147 2077 3210 duos
2107 3166 2364 3211 menses.
2414 3146 2718 3226 Quoniam
2768 3149 2918 3215 dicit

463 3254 689 3332 Abbas,
728 3255 885 3318 hanc
934 3271 1053 3316 non
1088 3271 1216 3315 esse
1247 3252 1469 3315 bonam
1505 3249 1931 3325 differentiam,
1982 3250 2086 3313 sed
2136 3269 2330 3313 unum
2375 3252 2437 3314 et
2467 3249 2631 3314 idem
2678 3271 2807 3317 esse
2853 3254 2914 3317 in

463 3358 727 3439 utroque
757 3357 954 3421 iure...
990 3381 1051 3419 ».
1087 3355 1167 3418 Et
1191 3353 1339 3418 haec
1370 3354 1550 3436 plane
1582 3352 1870 3416 videntur
1900 3351 2103 3417 favere
2137 3352 2522 3437 regalisticae
2554 3356 2912 3421 sententiae.

554 3462 657 3524 29.
692 3459 927 3524 Verum
959 3479 1101 3523 cum
1135 3458 1364 3541 alleget
1394 3455 1719 3532 Abbatem,
1761 3475 1942 3537 quem
1990 3454 2259 3519 vidimus
2298 3475 2431 3540 sup.
2472 3476 2530 3519 n.
2573 3458 2632 3520 4.
2676 3477 2745 3523 eo
2778 3459 2913 3523 loco

461 3583 579 3627 non
617 3563 819 3627 favere
849 3562 1197 3645 praedictae
1235 3559 1591 3636 sententiaS,
1628 3559 1772 3640 quia
1814 3558 1935 3621 alia
1984 3559 2078 3621 est
2124 3559 2406 3640 quaestio
2441 3560 2518 3623 ab
2565 3579 2635 3625 eo
2669 3561 2754 3624 ibi
2792 3562 2915 3625 tra-

460 3667 665 3741 ctata:
714 3665 838 3728 iam
889 3663 1263 3727 sufficient-er
1307 3680 1647 3731 monemur.
1683 3661 1871 3726 etiam
1910 3659 2334 3745 Augustinum
2381 3662 2670 3726 Beroium
2709 3664 2814 3727 abs
2847 3684 2912 3728 re

462 3766 738 3833 allecrari.

550 3822 632 3934 133}
678 3890 820 3934 sane
873 3890 933 3932 n.
992 3869 1097 3931 49.
1148 3869 1303 3932 hanc
1351 3868 1524 3951 ponit
1571 3867 2051 3930 conclusionem:
2117 3890 2150 3922 «
2185 3865 2414 3945 Quinta
2462 3868 2772 3932 conclusio
2805 3869 2908 3947 sit,

460 3975 623 4057 quod
657 3972 1038 4037 Constitutio
1071 3970 1373 4053 Principis
1420 3985 1637 4032 STATIM
1675 3969 1835 4052 ligat
1866 3969 2123 4033 scientes
2161 3969 2330 4032 illam
2365 3970 2551 4033 etiam
2587 3972 2730 4034 ante
2761 3973 2914 4037 tem-

460 4097 574 4162 pus
622 4076 887 4140 duorum
934 4075 1274 4138 mensium:
1324 4073 1681 4156 ignorantes
1719 4091 1862 4135 vero
1911 4074 2051 4155 post
2098 4071 2254 4136 duos
2299 4091 2538 4138 menses
2587 4093 2622 4137 a
2654 4074 2750 4138 die
2797 4096 2912 4159 pu-

460 4177 811 4242 blicationis
844 4202 903 4240 ».
939 4177 1027 4241 Ex
1075 4176 1299 4259 quibus
1350 4174 1733 4258 apertissime
1781 4175 1953 4257 patet
2000 4175 2426 4258 quaestionem
2473 4177 2720 4242 tantum
2758 4178 2910 4254 fieri,

460 4300 534 4344 an
570 4282 633 4344 et
678 4281 952 4363 quandiu
999 4283 1243 4362 tempus
1291 4278 1489 4354 detur,
1526 4277 1598 4341 ut
1628 4277 1766 4359 quis
1806 4277 1865 4341 in
1914 4278 2140 4342 iudicio
2196 4279 2464 4363 allegare
2501 4282 2698 4363 possit
2745 4284 2915 4368 igno-

461 4383 731 4448 rantiam
765 4381 1262 4446 Constitutionis.
1300 4380 1380 4444 Et
1416 4380 1567 4444 haec
1599 4380 1881 4462 quaestio
1919 4381 2025 4445 abs
2072 4402 2137 4446 re
2172 4385 2283 4446 est.

551 4486 711 4551 Hinc
745 4485 937 4549 thesis
972 4485 1090 4548 alia
1116 4485 1261 4548 ibid.
1305 4505 1362 4548 n.
1394 4485 1534 4548 54:
1582 4507 1618 4542 «
1656 4481 1984 4549 Conclusio
2033 4486 2134 4562 sit,
2172 4487 2334 4569 quod
2369 4488 2646 4573 allegans
2694 4491 2910 4573 proba-

624 4629 909 4677 Bmamunn,
942 4626 1106 4668 Horat.
1139 4625 1287 4666 'roma
1316 4625 1351 4667 l..
2693 4628 2746 4671 45
