3529 5158
310 347 411 426 [90]
851 365 1164 409 mucuns
1201 369 1631 412 nonam-rurs.
1669 370 2201 413 catenum-Annam
2703 361 2774 416 87

310 461 731 526 Veruntamen
777 481 919 527 cum
955 482 1005 528 s.
1048 465 1318 531 Thomas
1374 467 1431 529 1.
1466 468 1526 529 2.
1561 485 1621 548 q.
1660 467 1761 531 18.
1797 487 1854 532 6.
1910 470 2009 532 11.
2050 469 2584 535 circumstantiam
2630 491 2775 535 enu-

307 564 499 628 meret
544 563 741 627 etiam
784 584 1050 646 myrnae
1096 567 1193 631 vel
1225 588 1467 646 parvae
1512 569 1909 649 quantitatiS,
1959 589 2136 652 quae,
2187 575 2261 635 ut
2306 573 2528 654 inquit,
2571 600 2605 630 «
2648 592 2774 637 non

310 666 553 749 respicit
592 666 870 731 ordinem
899 668 1161 734 rationis
1205 670 1272 734 in
1302 670 1462 734 bono
1496 671 1595 735 vel
1624 672 1814 745 malo,
1854 673 1974 736 nisi
2006 676 2476 756 praesupposita
2509 675 2632 739 alia
2664 676 2775 739 cir-

308 767 709 842 cumstantia,
743 787 781 831 a
810 787 934 850 qua
965 772 1144 835 actus
1179 772 1435 835 moralis
1471 773 1661 837 habet
1698 775 1958 856 speciem
1998 776 2143 839 boni
2174 778 2237 839 61
2273 777 2424 840 111611
2457 802 2531 851 »3
2567 779 2775 859 potest

309 871 444 953 quis
491 870 590 933 uti
636 869 754 934 hoc
798 872 983 936 modo
1029 872 1319 954 loquendi
1366 874 1530 955 quod
1575 875 2046 940 circumstantia
2094 898 2356 959 nmquac
2403 880 2499 942 vel
2533 899 2774 959 parvae

309 972 683 1056 quantitatis
719 977 1042 1057 peccatum
1088 995 1159 1039 ex
1196 995 1416 1060 genere
1447 997 1559 1041 suo
1599 979 1866 1042 mortale
1916 982 2209 1045 transfert
2246 1001 2353 1045 seu
2399 983 2666 1046 collocat
2709 983 2775 1045 in

310 1095 528 1161 genere
559 1076 658 1141 vel
694 1077 950 1141 mortali
980 1078 1078 1141 vel
1108 1078 1355 1142 veniali.
1395 1078 1513 1141 Sed
1545 1079 1618 1143 de
1649 1080 1746 1143 his
1783 1082 2025 1155 melius,
2059 1082 2166 1146 ubi
2203 1083 2278 1146 de
2309 1085 2594 1165 peccatis.

486 1180 557 1242 3⁰
602 1178 947 1260 Loquimur
991 1179 1065 1242 de
1108 1182 1555 1260 ayyrcwate'one
1587 1184 1649 1244 61
1696 1182 2108 1246 ᾱὺηίιιιιίτόηε
2147 1185 2310 1247 intra
2358 1187 2639 1267 speciem.
2679 1185 2777 1249 Ad

310 1282 423 1346 hoc
467 1280 826 1362 requiritur,
866 1282 939 1344 ut
984 1298 1106 1344 non
1151 1281 1336 1345 modo
1383 1283 1851 1347 circumstantia
1885 1304 2005 1349 non
2055 1286 2245 1350 addat
2290 1288 2552 1369 speciem
2586 1288 2776 1351 aliam

312 1382 627 1456 moralem,
662 1381 768 1445 sed
815 1384 887 1445 ut
933 1401 1007 1445 ne
1039 1382 1455 1467 theologicam
1493 1385 1739 1466 quidem
1787 1389 2009 1450 mutet.
2045 1387 2180 1466 Quo
2213 1389 2372 1452 circa
2419 1389 2776 1453 imminutio

314 1487 408 1550 vel
455 1486 865 1569 augmentum
895 1484 1074 1548 debet
1109 1486 1440 1550 consistere
1474 1490 1586 1550 aut
1631 1488 1796 1552 intra
1835 1488 1984 1552 fines
2017 1491 2233 1572 culpae
2278 1491 2432 1554 levis
2472 1493 2583 1554 aut
2613 1491 2778 1554 intra

314 1588 460 1652 fines
492 1587 711 1669 culpae
757 1586 986 1670 gravis.
1020 1584 1237 1666 Quoad
1285 1607 1469 1651 usum
1515 1590 1579 1651 et
1626 1590 1864 1671 praxim
1902 1591 2275 1655 considerari
2323 1593 2480 1656 solet
2512 1592 2779 1656 maxime

312 1690 779 1756 circumstantia
825 1688 1186 1752 notabiliter
1230 1711 1608 1772 wyrste-(me,
1642 1711 1801 1773 quae
1841 1693 2075 1757 scilicet
2121 1695 2297 1778 gravi
2345 1695 2561 1776 culpae
2609 1697 2782 1759 nota·

314 1795 501 1858 bilem
532 1794 595 1857 et
633 1791 688 1856 si
723 1791 936 1867 vultis,
976 1810 1289 1856 enormem
1319 1793 1698 1876 gravitatem
1732 1793 1939 1858 addat.
1975 1795 2076 1858 lta
2108 1814 2165 1858 v.
2200 1816 2292 1879 gr.
2327 1796 2568 1859 furtum
2606 1796 2781 1859 bovis

315 1897 406 1960 est
452 1913 672 1980 grave:
707 1882 1176 1959 circumstantia
1208 1894 1569 1958 notabiliter
1600 1914 1951 1979 aggravans
1983 1896 2118 1971 erit,
2154 1897 2205 1959 si
2253 1897 2424 1961 mille
2454 1898 2640 1961 boves
2673 1897 2783 1960 eri-

316 1999 504 2082 piam.
536 1996 916 2061 Notabiliter
948 2015 1299 2081 aggravans
1330 1996 1558 2061 dicitur
1588 1998 1688 2079 (ex
1726 1996 2020 2082 Scavini),
2057 2000 2303 2080 quando
2343 2001 2653 2064 exceditur
2692 2020 2785 2064 or·

315 2099 593 2164 dinarius
645 2098 870 2163 modus
914 2098 1202 2181 peccandi
1255 2119 1313 2162 1.
1361 2120 1454 2183 gr.
1504 2098 1668 2181 quod
1722 2100 1862 2180 quis
1917 2120 2022 2181 per
2075 2120 2345 2164 mensem
2400 2102 2497 2164 vel
2551 2120 2783 2166 annum

318 2200 744 2287 perduraverit
788 2200 852 2263 in
886 2198 1045 2276 odio,
1081 2200 1247 2282 quod
1279 2202 1481 2263 totam
1518 2204 1762 2264 noctem
1800 2201 2017 2265 illicite
2056 2203 2427 2287 transegerit
2465 2223 2606 2266 cum
2652 2221 2784 2267 mu-

316 2305 482 2381 liere,
510 2302 678 2385 quod
710 2301 968 2379 occidat,
994 2302 1390 2366 membratim
1413 2302 1803 2366 concidendo,
1833 2304 1932 2367 Ita
1965 2323 2034 2367 ex
2060 2305 2374 2368 communi
2398 2324 2543 2368 usu:
2571 2324 2785 2368 verum

319 2425 437 2472 non
474 2405 723 2470 constat
762 2422 842 2467 an
879 2404 997 2468 hoc
1028 2422 1210 2468 sensu
1243 2404 1636 2486 usurpaverit
1665 2405 1826 2468 hanc
1860 2423 2070 2469 vocem
2103 2403 2529 2470 Catechismus
2563 2406 2788 2469 Roma-

322 2533 453 2593 nus,
488 2510 736 2596 quando
768 2510 919 2574 dicit
967 2510 1324 2595 aperiendas
1371 2511 1435 2574 in
1481 2510 1860 2576 confessione
1898 2511 2398 2575 circumstantias
2432 2510 2789 2576 notabiliter

324 2618 759 2703 aggravanteS‚
787 2634 938 2679 num
962 2634 1105 2679 vero
1130 2615 1447 2700 intelligat
1472 2635 1595 2692 663,
1621 2635 1780 2698 quae
1804 2635 1876 2679 ex
1898 2616 2022 2679 levi
2045 2616 2226 2699 culpa
2253 2616 2489 2680 faciunt
2511 2634 2785 2700 gravem.

405 2715 531 2789 89.
566 2716 843 2782 Tandem
888 2716 1094 2799 quoad
1130 2717 1631 2781 circumstantias
1670 2719 1986 2781 mutantes
2025 2719 2283 2801 speciem
2333 2718 2454 2781 (1110
2489 2717 2613 2782 6116
2645 2716 2787 2781 addi

322 2823 609 2905 possunt:
652 2821 716 2882 1ο
751 2819 1087 2883 identidem
1126 2819 1391 2883 afferunt
1422 2819 1923 2884 circumstantiae
1970 2821 2278 2884 malitiam
2314 2822 2410 2884 vel
2440 2821 2788 2885 bonitatem

323 2924 490 2989 actui
521 2941 630 3006 per
665 2941 729 2987 se
759 2921 1147 2998 indifferenti,
1176 2941 1232 2984 1.
1259 2943 1352 3006 gr.
1381 2921 1432 2985 si
1465 2921 1819 2986 deambules
1844 2943 2033 2985 measa
2063 2924 2401 2987 sanitatis:
2426 2925 2543 2987 hoc
2576 2923 2787 2987 adiun-

324 3027 493 3090 ctum
516 3023 754 3089 confert
777 3024 946 3088 actui
968 3023 1329 3107 primariam
1352 3024 1716 3099 bonitatem,
1744 3044 1889 3088 nam
1915 3011 2151 3089 nullam
2178 3025 2521 3089 bonitatem
2545 3024 2609 3088 in
2643 3027 2788 3088 actu

326 3126 640 3211 supponit.

502 3229 574 3291 2⁰
619 3226 961 3291 Identidem
998 3226 1362 3309 impediunt,
1404 3228 1476 3289 ut
1506 3225 1753 3290 bonitas
1803 3225 2148 3289 essentialis
2181 3224 2457 3287 exsistat.
2493 3225 2592 3286 Ita
2626 3224 2678 3286 si
2712 3224 2790 3287 ob

326 3348 549 3394 16116111
580 3328 848 3413 gloriam
878 3326 983 3391 des
1020 3328 1505 3411 eleemosynam:
1539 3327 1638 3389 hic
1685 3326 1824 3389 finis
1873 3325 2080 3398 efficit,
2120 3326 2194 3387 ut
2227 3325 2512 3407 depereat
2545 3324 2792 3387 bonitas

326 3432 651 3496 coniuncta
674 3430 794 3513 ipsi
817 3429 1237 3514 eleemosynae
1262 3432 1325 3492 et
1349 3427 1584 3492 confert
1607 3427 1916 3491 malitiam
1941 3427 2285 3490 venientem
2310 3445 2380 3489 ex
2407 3425 2789 3510 vanegloria.

429 3571 579 3624 LVll.
618 3568 708 3622 His
742 3567 808 3622 ita
842 3566 1139 3634 praemissis
1177 3569 1239 3619 ad
1277 3565 1591 3619 iudicandum
1630 3567 1690 3618 de
1730 3563 1946 3617 bonitate
1989 3566 2067 3618 vel
2106 3562 2292 3617 malitia
2319 3570 2531 3626 actuum,
2573 3570 2786 3630 praestat

333 3669 444 3720 prae
482 3653 642 3708 oculis
678 3654 858 3705 habere
894 3666 967 3714 ea,
1004 3665 1129 3717 quae
1168 3655 1454 3715 sequuntur.

428 3744 486 3792 Α.
514 3740 581 3792 Ut
617 3739 777 3790 bonus
814 3735 878 3789 311
916 3743 1069 3797 aetus,
1106 3740 1322 3801 oportet,
1361 3739 1414 3786 ut
1456 3732 1664 3795 bonitas,
1704 3734 2042 3797 undecumque
2081 3732 2160 3795 sit,
2195 3731 2383 3786 directe
2423 3731 2721 3785 intendatur.

412 3839 536 3914 90.
572 3841 821 3906 1)11·6616
864 3839 1243 3904 1111611(11111113
1290 3838 1542 3910 1101111111,
1584 3855 1726 3899 611111
1775 3837 2065 3900 volumus
2112 3836 2345 3899 bonum
2393 3835 2508 3897 sub
2555 3835 2798 3898 ratione

331 3945 488 4022 boni,
522 3962 646 4010 non
694 3946 1002 4026 quatenus
1047 3940 1387 4005 necessaria
1434 3940 1519 4003 sit
1562 3940 1687 4003 ista
1732 3939 1977 4002 reflexio
2026 3938 2088 3999 in
2130 3937 2337 4000 animo
2385 3937 2648 4018 agentiS,
2690 3936 2796 3998 sed

330 4051 633 4131 quatenus
656 4047 891 4110 bonum
914 4045 1205 4109 volumus
1238 4042 1446 4106 allecti
1470 4042 1602 4105 eius
1625 4041 1925 4104 bonitate.
1948 4037 2047 4101 Sic
2072 4038 2179 4118 qui
2204 4038 2343 4101 vult
2376 4036 2637 4110 obedire,
2665 4055 2798 4099 mu-

329 4170 467 4216 nera
505 4150 606 4215 sui
639 4147 829 4213 officii
862 4147 1137 4230 implere,
1178 4143 1547 4216 concionari,
1582 4143 1829 4207 studere
1867 4143 2003 4216 etc.,
2044 4141 2254 4202 motus
2304 4139 2603 4213 bonitate,
2639 4157 2798 4220 quae

330 4253 388 4318 in
430 4254 528 4318 his
576 4250 825 4316 actibus
871 4249 1192 4332 reperitur,
1225 4247 1366 4312 vult
1401 4246 1635 4310 bonum
1672 4245 1789 4308 sub
1825 4243 2067 4307 ratione
2108 4240 2272 4305 boni.
2307 4241 2478 4304 Haec
2516 4259 2662 4324 ergo
2712 4241 2798 4305 di-

332 4359 489 4421 recta
519 4354 793 4420 intentio
824 4351 1259 4436 distinguenda
1290 4351 1385 4413 est
1417 4349 1494 4412 ab
1532 4365 1623 4422 ea,
1658 4346 1731 4410 de
1761 4364 1884 4427 qua
1917 4344 2113 4409 locuti
2152 4363 2386 4418 sumuS,
2414 4362 2556 4405 cum
2594 4343 2802 4424 dispu-

330 4459 598 4523 tavimus
639 4455 717 4519 de
748 4453 1101 4518 voluntario
1126 4452 1358 4516 directo
1397 4453 1460 4515 et
1495 4448 1816 4513 indirecto.
1852 4446 2008 4511 Sane
2048 4465 2095 4509 s.
2124 4445 2395 4509 Thomas
2429 4445 2481 4506 1.
2512 4446 2571 4507 2.
2601 4463 2658 4525 q.
2694 4445 2795 4509 18.

330 4573 379 4618 6.
418 4556 474 4618 7.
522 4553 603 4618 ad
652 4553 717 4615 3.
760 4550 939 4626 illud,
984 4549 1148 4630 quod
1196 4549 1484 4624 diximuS,
1520 4547 1747 4631 exigit:
1796 4571 1830 4602 «
1861 4544 1958 4608 Ad
2003 4543 2120 4606 hoc
2166 4542 2330 4624 quod
2381 4542 2667 4606 voluntas
2717 4541 2802 4606 sit
