3529 5158
342 394 446 468 [57]
1010 406 1390 450 ιαΝοΒΑΝΤῙΑ
1430 410 1510 449 AN
1550 409 1826 452 motism-
1862 410 1902 449 A
1941 409 2157 451 Porrima
2738 396 2808 451 55

343 522 528 589 gnere
564 503 751 567 debet
773 504 935 568 inter
967 506 1167 569 varias
1206 506 1594 589 ignorantias
1627 526 1734 571 seu
1769 525 1861 570 res
1892 506 2233 591 ignoratas
2262 505 2326 571 Si
2359 509 2540 585 enim,
2567 511 2810 591 praeter

342 607 578 671 malum
628 605 1020 689 ignorantiae
1067 608 1129 671 in
1176 628 1258 683 se,
1308 609 1473 672 adsit
1518 609 1862 692 periculum
1909 609 2120 673 damni
2183 629 2240 673 v.
2274 630 2367 693 gr.
2407 611 2471 673 in
2520 595 2808 674 exercitio

344 709 608 773 alicuius
668 709 962 786 maneria,
1014 710 1331 791 poenitens
1377 711 1557 775 <lebet
1613 731 1742 776 esse
1799 714 2057 794 paratus
2119 712 2196 775 ad
2247 713 2680 777 abstinendum
2732 714 2810 777 ab

344 811 633 876 exercitio
681 811 976 888 eiusdem,
1008 812 1198 877 donec
1244 814 1374 877 sine
1421 815 1691 897 periculo
1737 815 2045 897 probabili
2092 834 2362 879 exercere
2399 815 2556 878 illud
2591 815 2807 897 possit.

448 967 681 1019 xxvttt.
722 966 1043 1030 ignorantiam
1083 970 1372 1033 quandoque
1412 968 1651 1022 excusare
1689 969 1833 1022 etiam
1875 972 1934 1022 ab
1973 969 2278 1023 incurrendis
2323 969 2510 1036 poeniS,
2553 984 2637 1036 per
2677 972 2808 1033 leges

352 1053 591 1104 adversus
630 1051 816 1105 crimen
854 1051 1114 1118 quodpiam
1149 1053 1361 1113 statum,
1390 1052 1697 1107 consentiunt
1736 1068 1905 1106 omnes
1945 1060 1992 1106 et
2029 1056 2159 1107 clare
2199 1055 2406 1109 edicitur
2443 1055 2491 1107 in
2535 1069 2640 1120 cap.
2672 1056 2718 1106 2.
2748 1054 2812 1107 de

354 1134 855 1190 Constitutionibus
874 1136 921 1188 in
942 1139 1019 1189 6.:
1051 1158 1074 1184 ι
1097 1146 1146 1190 ut
1172 1138 1440 1191 animarum
1464 1137 1691 1205 perieulis
1712 1136 1954 1202 obvietur,
1983 1138 2234 1192 sententiis
2263 1154 2349 1206 per
2369 1146 2550 1193 statuta
2580 1153 2811 1204 quorum·

351 1234 559 1286 cumque
578 1220 946 1275 ordinariorum
973 1222 1179 1287 prolatis
1203 1222 1346 1287 ligari
1383 1224 1611 1277 nolumus
1636 1222 1943 1287 ignorantes:
1973 1225 2085 1276 dum
2126 1230 2286 1277 tamen
2326 1239 2497 1278 eorum
2538 1223 2812 1288 ignorantia

346 1320 510 1359 crassa
550 1320 645 1358 non
685 1306 835 1360 tuerit
874 1314 956 1359 aut
993 1306 1164 1372 supina
1194 1329 1242 1358 ι.
1275 1310 1461 1362 Verum
1488 1323 1583 1360 non
1611 1322 1764 1373 aeque
1790 1307 2018 1361 convenit
2051 1307 2179 1362 inter
2217 1311 2464 1374 doctoreS,
2498 1311 2558 1363 de
2598 1324 2810 1374 quonam

348 1390 651 1454 ignorantiae
677 1406 764 1444 seu
803 1406 1064 1457 poenarum
1105 1391 1267 1457 specie
1307 1394 1615 1446 statuendum
1655 1396 1748 1445 boc
1787 1392 1866 1445 sit.
1895 1395 2050 1445 Pauca
2081 1397 2200 1447 baec
2236 1392 2283 1446 in
2324 1408 2559 1460 praesens
2593 1392 2813 1446 innuisse

350 1475 470 1528 satis
507 1473 586 1527 sit.

458 1562 503 1611 l.
527 1561 724 1615 Certum
765 1567 858 1621 est,
884 1558 1203 1624 ignorantiam
1241 1560 1573 1615 invincibilem
1614 1561 1735 1614 iuris
1774 1561 1995 1615 cuiusvis
2025 1570 2108 1614 aut
2137 1561 2270 1626 tacti,
2297 1577 2387 1627 qua
2416 1570 2556 1629 parte
2600 1576 2628 1613 a
2668 1563 2813 1627 culpa

348 1652 563 1709 excusat,
584 1660 611 1697 a
639 1659 797 1711 poena
822 1659 1014 1711 quoque
1042 1661 1303 1707 excusam.
1332 1654 1383 1699 ut
1412 1646 1538 1699 enim
1567 1646 1745 1699 dicitur
1772 1649 1944 1699 eodem
1971 1661 2078 1713 cap.
2109 1651 2157 1699 2.
2188 1646 2254 1700 de
2282 1645 2804 1708 Constitutionibus,

366 1751 388 1778 ι
412 1745 528 1789 rem.
553 1744 680 1796 quae
718 1732 861 1797 eulpa
900 1739 1050 1791 caret,
1089 1731 1137 1784 in
1177 1734 1404 1784 damnum
1444 1731 1613 1784 vocari
1646 1746 1741 1784 non
1781 1731 2084 1785 convenit».

458 1820 505 1868 2.
529 1814 744 1881 ldipsum
769 1816 1093 1870 communiter
1117 1819 1347 1870 doctores
1374 1818 1667 1870 servandum
1694 1815 1877 1877 dicunt,
1903 1817 2096 1882 quando
2121 1815 2389 1879 ignorantia
2420 1818 2579 1870 levem
2619 1817 2811 1883 culpam

350 1915 444 1953 non
484 1898 699 1953 excedit.

454 1988 501 2039 3.
532 1984 699 2038 Solius
727 2000 922 2051 quoque
949 2000 1134 2052 poenae
1165 1984 1436 2049 ignorantia
1465 1986 1629 2051 (quam
1658 1991 1818 2039 tamen
1847 1984 1929 2039 alii
1956 1987 2016 2037 ad
2042 1987 2283 2050 quandam
2314 1988 2392 2038 vel
2420 1984 2533 2038 tacti
2563 1986 2639 2038 vel
2667 1984 2813 2038 etiam

354 2068 491 2133 iuriS,
530 2069 779 2135 punientis
809 2069 1010 2134 scilicet,
1035 2070 1356 2133 ignorantiam
1381 2072 1634 2135 revocant)
1654 2084 1715 2123 ex
1742 2069 1987 2122 communi
2014 2071 2271 2122 doctorum
2299 2068 2538 2123 sententia
2568 2070 2626 2121 ab
2655 2067 2816 2122 ineur-

352 2152 499 2208 renda
526 2154 747 2220 qualibet
785 2169 985 2208 censura
1025 2163 1243 2218 excusat,
1282 2154 1374 2208 nisi
1414 2162 1573 2209 tamen
1612 2169 1778 2208 crassa
1819 2154 1960 2208 tuerit
1997 2161 2079 2208 aut
2120 2154 2308 2220 supina.

453 2240 499 2292 4.
530 2238 765 2308 Quinimo
803 2254 861 2292 ex
900 2240 1147 2293 communi
1185 2238 1405 2293 doctrina
1443 2242 1521 2293 vel
1560 2239 1666 2306 ipsa
1704 2253 1869 2291 crassa
1911 2253 1996 2292 seu
2045 2238 2217 2305 supina
2275 2237 2546 2302 ignorantia
2588 2253 2613 2290 a
2659 2252 2812 2304 poena

350 2340 586 2379 censurae
612 2324 885 2388 excusabit,
918 2325 1320 2390 quotiescumque
1353 2323 1572 2391 poenalis
1609 2323 1848 2376 sententia
1888 2323 1935 2376 in
1974 2338 2060 2377 eos
2098 2327 2300 2384 teratur,
2329 2322 2410 2387 qui
2450 2337 2694 2374 scieuran
2735 2324 2815 2375 vel

356 2425 610 2463 Aunacrssn
654 2412 731 2462 vel
771 2424 893 2462 ausu
934 2424 1219 2462 rami-:annio
1258 2411 1335 2462 vel
1377 2424 1785 2462 animuum-tuse
1824 2407 2107 2473 delinquere
2146 2422 2240 2460 non
2280 2406 2633 2459 dubitaverint.

455 2496 504 2547 5.
534 2495 658 2545 Num
697 2507 818 2546 vero
858 2496 988 2559 quod
1028 2496 1089 2546 de
1127 2492 1348 2546 censuris
1386 2492 1707 2546 communiter
1748 2499 1996 2559 receptum
2024 2490 2251 2555 dixirim&
2279 2494 2440 2557 quoad
2471 2491 2591 2544 alias
2618 2506 2816 2557 quoque

352 2594 529 2646 poenas
568 2581 734 2632 valere
763 2579 955 2642 debeat,
985 2577 1095 2632 aliis
1133 2578 1503 2640 affirmantian
1532 2587 1705 2643 negant
1745 2577 1828 2632 alii
1855 2586 1903 2631 et
1929 2576 2122 2644 quidem
2149 2593 2371 2643 quaeque
2411 2591 2541 2643 parS,
2574 2575 2666 2630 etsi
2707 2591 2816 2643 pro·

355 2664 638 2718 habiliorem
679 2679 789 2718 esse
828 2679 965 2718 suam
993 2664 1283 2719 senteutiam
1310 2664 1462 2724 malit,
1490 2666 1742 2718 adversam
1768 2671 1927 2717 tamen
1956 2662 2259 2729 probabilem
2287 2677 2396 2717 esse
2433 2667 2534 2717 tere
2572 2660 2814 2716 concedit.

356 2752 506 2802 Porro
531 2750 610 2816 qui
634 2755 955 2804 affirmantem
995 2756 1182 2816 partem
1223 2756 1507 2815 sequuntur,
1537 2749 1657 2804 scite
1696 2757 1908 2811 monent,
1936 2749 1985 2801 id
2025 2763 2118 2801 nou
2147 2750 2208 2801 de
2235 2763 2388 2814 poena
2425 2748 2644 2814 qnalibet
2684 2748 2814 2801 ordi·

357 2835 490 2887 naria
528 2851 584 2888 ae
621 2834 859 2889 mediocri
884 2834 1160 2900 delictoque
1201 2835 1337 2888 iuxta
1366 2834 1473 2887 eius
1500 2843 1720 2889 naturam
1748 2833 2114 2900 proportionata
2140 2832 2526 2899 intelligendum,
2554 2848 2726 2887 verum
2756 2836 2816 2886 de

352 2918 740 2973 extraordinaria
784 2926 968 2973 tantum
1007 2928 1055 2973 et
1094 2919 1416 2982 exorbitante,
1444 2933 1567 2984 quae
1608 2934 1780 2985 nempe
1822 2921 1945 2972 ultra
1986 2917 2149 2972 delicti
2192 2921 2320 2971 nude
2358 2917 2656 2972 considerati
2686 2933 2814 2970 men·

353 3020 530 3069 suram,
556 3008 621 3057 ob
648 3003 756 3057 eius
782 3004 1099 3070 frequentiam
1120 3010 1204 3057 aut
1224 3003 1345 3056 alias
1372 3007 1433 3055 ob
1462 3004 1864 3064 circumstantias,
1887 3010 2139 3067 angeatur.
2162 3002 2354 3070 Quippe
2381 3003 2626 3055 ordinaria
2658 3017 2814 3067 poena

349 3098 429 3142 aut
467 3098 582 3143 nota
620 3096 698 3143 est
734 3092 905 3142 saltem
943 3093 1144 3142 contuse
1172 3096 1255 3142 aut
1292 3096 1425 3142 certe
1452 3088 1568 3142 sciri
1594 3088 1789 3142 debuit:
1819 3088 1941 3141 aliae
1970 3102 2090 3140 vero
2129 3088 2254 3140 iuste
2292 3087 2597 3150 ignorantur.
2629 3089 2816 3140 Verum

352 3176 412 3226 de
450 3174 528 3227 bis
567 3174 773 3228 uberius
810 3172 944 3226 alibi.

436 3293 556 3366 57.
594 3297 813 3360 Thesis
862 3295 1229 3360 universalis
1263 3294 1562 3376 probatur
1609 3312 1679 3355 ex
1729 3292 1924 3355 allato
1964 3294 2140 3355 textu
2187 3292 2339 3355 iuris
2387 3292 2685 3356 canonici.
2727 3293 2818 3354 De

347 3400 700 3466 extensione
748 3398 935 3462 huius
983 3416 1235 3461 normae
1285 3415 1480 3476 neque
1528 3396 1711 3459 huius
1759 3394 1878 3457 loci
1928 3413 2123 3475 neque
2169 3395 2366 3458 nostri
2414 3393 2694 3459 instituti
2726 3396 2820 3458 est

349 3500 685 3583 disputare.
725 3500 991 3564 Proinde
1038 3520 1233 3582 pauca
1283 3499 1487 3562 solum
1536 3501 1597 3560 et
1646 3497 1908 3561 certiora
1956 3496 2320 3562 delibamus

438 3603 530 3667 Ad
584 3605 668 3666 1¹¹¹
710 3604 1071 3687 Ignorantia
1119 3602 1272 3665 iuris
1319 3601 1454 3664 heie
1501 3618 1620 3663 non
1668 3600 2047 3684 intelligitur
2093 3601 2424 3665 cuiuslibet
2469 3602 2642 3678 iuris,
2694 3600 2818 3678 sed,

350 3709 497 3772 iuris
546 3727 603 3771 v.
638 3727 700 3792 g.
735 3706 1153 3777 ecclesiastici,
1195 3705 1359 3786 quod
1410 3704 1659 3787 speciali
1706 3705 1842 3784 lege
1891 3705 2143 3786 aliquod
2191 3707 2416 3770 crimen
2474 3706 2818 3789 prohibeat.

350 3809 447 3874 Sic
477 3829 622 3874 curn
654 3810 806 3872 nota
854 3808 939 3871 sit
970 3808 1121 3870 furti
1170 3807 1525 3889 prohibitiO,
1555 3809 1621 3870 at
1660 3807 1886 3888 aliquis
1919 3809 2128 3889 posset
2161 3808 2464 3892 ignorare,
2492 3808 2818 3890 specialem

354 3912 658 3976 Ecclesiae
703 3911 906 3992 legem
953 3910 1026 3973 de
1074 3929 1193 3973 non
1245 3909 1642 3990 surripiendis
1681 3910 2042 3974 monasterii
2091 3910 2266 3974 bonis
2313 3912 2411 3973 vel
2459 3909 2816 3974 nosocomii.

350 4013 446 4078 Sic
494 4014 658 4078 alius
706 4016 917 4096 posset
963 4013 1266 4096 ignorare.
1317 4011 1567 4093 speciali
1616 4013 1860 4076 statuto
1909 4012 2243 4094 episcopali
2289 4014 2507 4086 vetari.
2558 4031 2632 4076 ne
2679 4011 2818 4092 quis

351 4117 568 4181 audiat
599 4115 1012 4181 confessiones
1044 4115 1376 4177 mulierum
1408 4114 1724 4177 nocturnis
1758 4114 1925 4177 horis
1952 4117 2064 4177 aut
2097 4115 2225 4178 sine
2259 4115 2424 4179 stola
2455 4115 2515 4178 in
2543 4115 2817 4180 eeclesia.

437 4219 730 4284 Ceterum
779 4218 928 4281 haec
959 4217 1177 4301 regula
1224 4217 1525 4298 aequitati
1576 4216 1852 4279 naturali
1899 4218 2147 4281 omnino
2195 4237 2462 4282 consona
2510 4222 2622 4283 est.
2656 4219 2821 4283 Nam

352 4325 425 4386 ut
468 4322 677 4403 inquit
725 4339 774 4383 s.
810 4318 1083 4382 Thomas
1137 4320 1193 4382 l.
1236 4321 1293 4382 2.
1336 4341 1392 4401 q.
1436 4319 1541 4382 46.
1577 4339 1633 4382 a.
1670 4320 1730 4382 6.
1773 4318 1850 4382 ad
1892 4321 1973 4393 2..
2016 4322 2110 4384 est
2156 4319 2228 4384 de
2278 4321 2518 4386 ratione
2567 4342 2819 4404 poenae,

350 4425 513 4507 quod
561 4424 644 4488 sit
684 4422 998 4486 contraria
1043 4422 1357 4485 voluntati
1396 4425 1458 4486 et
1505 4422 1668 4503 quod
1702 4421 1786 4484 sit
1826 4422 2122 4486 afflictiva
2164 4426 2226 4487 et
2263 4424 2428 4506 quod
2468 4445 2577 4508 pro
2613 4426 2824 4507 aliqua

348 4528 529 4610 culpa
578 4526 903 4591 inferatur.
952 4525 1142 4589 Porro
1191 4524 1299 4588 ubi
1346 4525 1609 4588 habetur
1656 4524 2029 4589 invincibilis
2090 4526 2448 4610 ignorantia
2496 4529 2624 4593 sive
2671 4529 2824 4592 iuris

346 4630 477 4692 sive
525 4628 697 4704 facti,
734 4627 912 4690 abest
958 4627 1210 4707 quaevis
1257 4627 1475 4709 eulpa:
1527 4646 1673 4710 ergo
1722 4628 1933 4690 abesse
1980 4627 2161 4692 debet
2210 4632 2275 4692 et
2324 4649 2539 4711 poena.
