3529 5158
348 366 484 442 [196]
851 382 1231 425 ARGUMENTA
1269 383 1314 426 s.
1357 387 1659 427 Anpnoxsr
1698 388 1815 428 nno
1852 387 2301 429 PROBAmmsuo
2701 374 2810 429 2⁴23

1537 598 1644 662 VI.

1149 730 1518 811 Exponitar
1547 732 1772 812 quinta
1818 733 2003 795 ratio,

742 923 904 1003 Quia
937 921 1234 1004 oblssiyatio
1272 922 1570 1003 sequendi
1589 922 2025 1003 probabiliora·
2055 925 2116 987 si
2143 924 2405 998 adesset,

1063 1028 1224 1088 essct
1258 1023 1552 1089 benna-nis
1587 1026 1829 1090 tat-ibas
1866 1027 2091 1105 impar.

444 1226 477 1259 «ι
516 1199 580 1266 Si
613 1200 856 1264 adesset
879 1200 975 1263 lex
1008 1198 1300 1281 sequendi
1339 1199 1656 1282 opiniones
1689 1200 2153 1283 probabilioreS,
2190 1201 2407 1283 utique
2440 1201 2680 1266 adesset
2712 1222 2812 1266 ne

363 1330 393 1362 «
423 1303 684 1369 cessario
725 1302 913 1366 simul
963 1301 1263 1386 obligatio
1298 1302 1614 1385 opiniones
1647 1302 2091 1385 probabiliores
2123 1302 2489 1384 inquirendi,
2538 1305 2612 1367 ut
2659 1304 2810 1368 bene

362 1433 393 1466 ‹
425 1408 698 1492 arguunt
731 1404 979 1483 Suarez‚
1020 1402 1309 1481 Sanchez‚
1350 1404 1692 1488 Laymann,
1727 1404 1993 1468 Terillus
2028 1405 2090 1468 et
2124 1405 2251 1468 alii.
2293 1406 2427 1469 Imo
2462 1408 2810 1470 teneremur

362 1536 392 1568 «
423 1510 728 1591 inquirere
765 1508 829 1571 in
865 1506 1255 1590 opinionibus
1300 1507 1507 1570 minus
1540 1506 1697 1570 tutis
1730 1507 1907 1570 illam
1953 1507 2295 1571 notabilem
2328 1509 2812 1593 praeponderan-

361 1638 392 1669 «
423 1613 596 1689 tiam,
633 1630 821 1692 quam
871 1609 1064 1690 aliqui
1112 1628 1182 1672 ex
1232 1608 1599 1673 adversariis
1639 1609 1907 1691 amplius
1946 1609 2236 1694 exigunt;
2271 1610 2430 1674 unde
2464 1611 2811 1675 teneremur

359 1739 391 1771 «ι
422 1714 522 1795 (ut
566 1715 730 1777 recte
779 1711 870 1775 ait
902 1709 1169 1774 Sanchez
1208 1710 1250 1773 l.
1291 1711 1346 1773 1.
1375 1731 1425 1773 c.
1461 1712 1520 1772 9.
1558 1731 1617 1773 n.
1663 1710 1796 1793 14.)
1846 1711 2015 1793 prius
2064 1711 2429 1794 perpendere
2464 1731 2671 1777 omnes
2719 1733 2813 1777 ra-

361 1841 393 1873 «
425 1817 622 1880 tiones
668 1814 1032 1878 intrinsecas
1064 1813 1362 1894 cuiusque
1398 1812 1720 1895 opinionis
1757 1813 1908 1876 item
1940 1813 2213 1877 conferre
2253 1815 2658 1879 auctoritates
2691 1817 2812 1880 Do-

361 1943 393 1973 «
423 1921 665 1982 ctorum
697 1916 859 1979 inter
905 1934 968 1979 se
1016 1914 1309 1987 diversas,
1349 1914 1502 1978 item
1533 1915 1806 1979 conferre
1839 1916 2107 1980 rationes
2146 1917 2321 1981 nobis
2369 1918 2810 1999 probabiliores

361 2045 393 2077 «
425 2038 564 2083 cum
603 2017 1085 2081 auctoritatibus
1136 2015 1429 2085 aliorum:
1480 2017 1849 2099 quandoque
1912 2018 2075 2081 enim
2138 2018 2406 2083 aliorum
2469 2021 2811 2084 auctoritas

363 2147 394 2180 ι
423 2121 706 2205 propriae
751 2119 982 2183 rationi
1019 2118 1312 2201 praeferri
1336 2119 1534 2192 debet,
1569 2121 1641 2183 ut
1673 2120 1824 2183 dicit
1857 2119 1914 2183 d.
1950 2121 2220 2185 Thomas
2262 2124 2321 2185 2.
2364 2124 2423 2185 2.
2459 2142 2517 2205 q.
2554 2124 2613 2186 4.
2651 2144 2685 2186 a
2725 2125 2808 2201 3.,

362 2247 394 2282 «ι
425 2223 562 2287 ubi:
598 2221 861 2302 Aliquis
880 2240 1120 2300 parvae
1167 2220 1463 2283 scientiae
1511 2222 1715 2303 mayis
1760 2222 2145 2301 certificatur
2191 2221 2264 2285 de
2313 2244 2380 2286 eo
2426 2225 2593 2305 qaod
2633 2225 2817 2287 audit

364 2349 396 2383 «
425 2324 502 2388 ab
523 2323 737 2405 aliquo
770 2323 1129 2401 scientifico,
1171 2343 1356 2403 qaam
1389 2322 1462 2386 cle
1487 2344 1553 2387 eo
1578 2323 1746 2405 quod
1778 2324 1904 2387 sibi
1931 2324 2264 2387 secandam
2296 2346 2476 2389 suam
2506 2328 2813 2390 rat-ionem

364 2451 396 2484 «
427 2425 686 2490 videtur.
723 2425 804 2489 Et
836 2424 922 2489 sic
948 2424 1163 2489 deinde
1191 2425 1395 2489 omnia
1422 2426 1572 2490 haec
1608 2426 1911 2503 librando,
1941 2446 2156 2511 nempe
2196 2428 2465 2492 rationes
2505 2430 2567 2492 et
2605 2432 2815 2493 aucto·

364 2556 394 2588 «
425 2529 663 2604 states,
697 2526 963 2592 formare
1000 2526 1357 2591 deberemus
1399 2526 1696 2593 iudicium
1734 2530 1995 2606 certum,
2034 2530 2194 2595 hanc
2232 2530 2327 2595 vel
2360 2530 2535 2595 illam
2584 2530 2814 2614 opinio·
2869 2556 2873 2560 >

364 2658 397 2691 ‹
428 2652 563 2697 nem
610 2650 742 2696 esse
779 2632 955 2695 nobis
987 2631 1466 2714 probabiliorem
1500 2633 1562 2696 et
1594 2634 1820 2698 tutam.
1863 2634 1949 2698 At
1980 2635 2119 2717 quis
2157 2654 2279 2699 non
2312 2634 2499 2712 videt,
2536 2636 2652 2699 hoc
2684 2655 2814 2702 esse

364 2762 398 2794 ‹
430 2755 581 2801 onus
629 2734 950 2799 moraliter
988 2733 1395 2808 intolerabile,
1437 2735 1654 2818 utpote
1702 2736 2042 2801 innumeris
2090 2737 2417 2821 scrupulis,
2451 2739 2816 2822 perplexita-

364 2863 400 2894 «
431 2839 593 2902 tibus
642 2839 705 2901 et
749 2837 1037 2920 periculis
1075 2836 1318 2900 errandi
1367 2838 1747 2902 obnoxium?
1792 2839 1882 2902 Ac
1928 2839 2181 2922 proinde
2227 2859 2348 2905 non
2397 2842 2815 2923 praesumitur

363 2966 400 2998 «ι
431 2941 904 3026 benignissimus
937 2941 1124 3014 Deus
1174 2940 1349 3003 cuius
1397 2941 1815 3005 misericordia
1854 2942 2273 3025 superexaltat
2320 2941 2638 3018 iudicium,
2675 2945 2814 3006 tan-

362 3068 397 3100 «
429 3046 566 3107 tum
613 3041 852 3126 pondus
889 3042 1065 3106 nobis
1097 3043 1409 3124 imponere
1441 3043 1730 3117 voluisse,
1773 3043 2094 3106 moraliter
2132 3043 2509 3125 impossibile
2558 3044 2635 3106 ad
2673 3062 2815 3126 por·

361 3173 394 3204 «
430 3146 707 3211 tandum.
759 3145 1004 3209 Dicitur
1041 3144 1419 3225 impossibile
1439 3167 1460 3222 ,·
1506 3166 1655 3210 nam
1702 3145 2011 3226 sapienter
2050 3145 2140 3207 ait
2187 3144 2243 3206 d.
2295 3145 2590 3207 Antonin.
2641 3164 2699 3226 p.
2756 3146 2812 3207 1.

361 3275 392 3305 «
427 3248 528 3312 tit.
569 3250 624 3310 1.
666 3267 716 3310 c.
757 3247 858 3310 10.
896 3246 951 3328 g.
1001 3247 1099 3310 10.
1135 3266 1260 3332 reg.
1306 3249 1364 3311 7.
1397 3248 1654 3330 loquens
1703 3245 1987 3328 equidem
2034 3245 2106 3309 de
2145 3245 2385 3308 delectu
2425 3245 2813 3327 opinionum:

359 3377 392 3407 α
426 3350 579 3413 Non
609 3347 812 3412 solum
855 3350 1058 3410 autem
1109 3348 1341 3412 dicitnr
1372 3347 1772 3428 impossibile,
1806 3345 1974 3428 qnod
2014 3344 2291 3410 absolate
2329 3367 2454 3410 non
2494 3350 2589 3410 est
2615 3349 2819 3427 possi-

358 3478 392 3510 «
427 3452 571 3526 bile,
603 3449 717 3515 sed
744 3450 927 3512 etiam
977 3450 1221 3512 2225detur
1256 3449 1800 3532 interpretandam
1844 3448 2177 3513 secundam
2211 3450 2503 3513 virtatem
2549 3449 2818 3529 epilreiae

355 3580 389 3613 «
428 3556 496 3617 in
537 3553 666 3636 leye
697 3572 856 3616 nova
904 3573 1032 3616 esse
1083 3552 1479 3632 impossibile,
1513 3552 1681 3634 quod
1723 3554 1830 3615 eia·
1877 3556 1971 3616 est
2002 3552 2323 3632 possibile,
2372 3557 2579 3633 utpote
2610 3555 2818 3638 (nota)

354 3684 388 3716 α
425 3658 692 3720 nimiam
723 3654 955 3718 habens
992 3654 1445 3736 difficultatem.
1481 3655 1677 3720 Alias
1715 3655 2012 3738 quomodo
2043 3655 2397 3720 salvaret-m·
2427 3656 2623 3720 illud:
2663 3678 2820 3722 onus

354 3786 389 3820 ‹
422 3781 628 3824 meam
669 3758 850 3821 leve?
896 3757 1057 3822 Hinc
1095 3780 1152 3842 p.
1193 3757 1419 3823 Suarez
1457 3760 1520 3824 in
1565 3761 1622 3824 1.
1664 3762 1723 3824 2.
1764 3761 1845 3824 tr.
1882 3761 1941 3823 3.
1983 3759 2040 3823 d.
2086 3761 2187 3824 12.
2225 3779 2308 3826 Se.
2342 3761 2403 3825 6.
2444 3762 2628 3827 dicit:
2666 3762 2821 3843 Quo-

354 3888 389 3922 «
424 3865 803 3942 ticscumque
834 3860 1040 3939 opinio
1055 3860 1407 3940 probabilis
1438 3865 1548 3934 est,
1576 3865 1788 3942 potest
1806 3861 2044 3943 aliquis
2077 3860 2350 3941 formare
2381 3865 2819 3926 conscientiam

355 3991 391 4025 α
424 3969 683 4040 certam,
719 3961 1086 4040 conformem
1126 3962 1243 4026 tali
1279 3964 1578 4043 opinioni.
1618 3963 1895 4028 Praeter
1929 3984 2030 4027 aa.
2067 3964 2289 4027 citatos
2315 3962 2530 4043 favent
2570 3965 2821 4028 Navar-

351 4094 387 4128 ‹
418 4089 557 4142 rus,
608 4064 875 4148 Sylvest.
927 4066 1156 4148 Anyel.
1201 4066 1540 4149 Siynificat
1581 4067 1893 4130 Antoni-n.
1934 4087 1993 4149 p.
2040 4067 2096 4129 1.
2132 4066 2231 4130 tit.
2268 4067 2327 4130 3.
2378 4086 2429 4130 c,
2476 4070 2575 4131 10.
2627 4068 2820 4133 Ratio

349 4198 383 4230 «
417 4174 533 4244 est,
565 4170 726 4251 quia
757 4170 917 4230 esset
935 4167 1327 4232 intolerabile
1351 4189 1528 4243 onas,
1562 4169 1839 4251 obliyare
1863 4166 2138 4232 homines
2161 4166 2252 4230 ad
2268 4167 2674 4248 conferendas
2696 4173 2822 4235 sin-

350 4300 384 4333 «
415 4272 610 4356 qulas
642 4270 985 4352 opiniones,
1025 4270 1118 4334 Ad
1157 4271 1272 4335 hoc
1306 4272 1495 4335 etiam
1534 4270 1684 4335 facit
1715 4271 1905 4335 illud:
1946 4268 2106 4333 Noli
2136 4289 2265 4334 esse
2302 4272 2507 4335 iustus
2537 4271 2818 4347 maltam,

349 4400 384 4434 α
419 4393 623 4455 neque
631 4370 790 4452 plus
820 4373 1069 4451 sapiens
1110 4394 1296 4453 quma
1321 4393 1561 4437 neeesse
1599 4377 1708 4447 est,
1745 4392 1821 4436 ue
1852 4373 2261 4452 obstupescas
2301 4371 2509 4437 Eccle.
2536 4373 2679 4438 VII.
2719 4374 2819 4439 17.

349 4503 384 4537 α
419 4478 616 4542 Recte
643 4473 745 4537 ait
765 4471 1107 4538 Malderus:
1144 4475 1219 4538 Si
1239 4474 1328 4538 ad
1355 4475 1732 4555 operandum
1753 4474 2177 4555 probabilitas
2210 4496 2333 4540 non
2357 4477 2690 4558 sufficeret,
2716 4478 2829 4541 sed

347 4604 382 4638 «
413 4573 738 4643 certitudo
762 4575 1203 4655 requireretur,
1231 4575 1406 4640 bomo
1430 4577 1673 4659 quidem
1702 4578 2166 4658 obstupesceret,
2191 4580 2261 4642 in
2276 4577 2447 4641 mille
2470 4579 2820 4660 mamistam,
