3529 5158
683 443 753 495 54
1201 454 1411 497 mac-r.
1452 455 1491 493 1.
1528 454 1613 493 mr
1651 452 1908 494 acrinus
1944 451 2240 495 nunnus.
2280 450 2479 492 capua·
2522 452 2612 491 111.
3038 437 3148 513 [56]

679 557 945 617 mentem
979 552 1452 635 applicationem
1490 551 1714 614 mentis
1764 549 1841 613 ad
1873 550 2127 632 aliquid.
2162 550 2338 613 Mens
2377 552 2589 613 autem
2621 568 2743 614 non
2792 551 3146 632 applicatur

681 654 758 718 ad
790 654 1042 735 aliquid,
1088 654 1204 717 nisi
1251 653 1669 737 cognoscendo
1700 652 1877 716 illud.
1911 651 2088 717 Unde
2117 671 2224 734 per
2254 651 2424 733 prius
2454 670 2629 716 mens
2668 652 3015 734 applicatus
3065 653 3144 717 ad

679 757 1115 839 cognitionem,
1151 755 1505 819 secundarie
1543 758 1753 818 autem
1801 755 2148 837 applicatur
2194 753 2272 817 ad
2317 772 2409 829 ea,
2441 753 2507 817 in
2538 754 2763 834 quibus
2793 754 2981 819 homo
3033 775 3139 837 per

679 859 1095 944 cognitionem
1132 857 1424 943 dirigitur
1449 884 1510 922 ».
1538 859 1618 921 Et
1648 857 1860 921 subdit
1890 877 1946 921 a.
1975 859 2035 921 2.
2070 857 2148 920 ad
2178 858 2276 920 3.:
2318 882 2352 914 ‹
2385 857 2533 937 quia
2570 876 2640 920 ex
2673 859 2849 939 parte
2880 861 3144 922 naturae

676 962 1010 1044 corporalis
1064 960 1250 1025 homo
1295 960 1630 1024 inclinatur
1677 959 1755 1023 ad
1801 959 1918 1023 hoc
1970 961 2043 1023 ut
2088 960 2363 1023 laborem
2419 959 2770 1041 inquirendi
2816 960 3143 1024 scientiam

680 1066 922 1143 vitet...,
948 1066 1087 1129 laus
1125 1064 1377 1128 virtutis
1417 1064 1773 1128 huiusmodi
1804 1062 2090 1128 consistit
2119 1063 2182 1126 in
2221 1063 2490 1144 quadam
2523 1064 2912 1127 vehementia
2947 1064 3151 1128 inten-

679 1169 868 1232 tionis
901 1169 977 1231 ad
1002 1168 1323 1232 scientiam
1352 1186 1559 1231 rerum
1590 1166 2039 1249 percipiendam
2058 1190 2092 1223 »
2116 1168 2178 1229 et
2201 1164 2411 1246 (adde)
2436 1164 2516 1229 ad
2540 1165 2984 1229 attendendum
3013 1165 3144 1239 his,

679 1290 837 1353 quae
870 1273 1160 1355 aguntur.
1196 1271 1430 1334 Beatus
1462 1289 1607 1353 ergo
1643 1270 1854 1333 adesse
1887 1270 2092 1351 potest
2121 1268 2184 1331 in
2216 1267 2436 1332 habitu
2468 1268 3041 1344 inconsiderantiae,
3072 1288 3148 1333 ex

679 1394 822 1457 qua,
857 1375 1109 1439 confusa
1149 1374 1357 1455 aliqua
1404 1373 1662 1448 ratione,
1696 1372 2088 1455 praevidetur
2133 1370 2452 1452 quidpiam
2482 1371 2858 1436 incommodi
2889 1373 3147 1436 secutu-

677 1496 817 1540 rum
848 1495 996 1540 esse.
1036 1476 1269 1539 Verum
1306 1476 1407 1539 vix
1439 1475 1604 1538 tradi
1640 1474 1855 1558 regula
1894 1473 2104 1554 aliqua
2150 1474 2375 1554 potest,
2409 1492 2535 1553 qua
2566 1475 2776 1537 reatus
2808 1474 2995 1538 huius
3041 1474 3148 1538 vel

680 1579 943 1643 actualis
980 1578 1076 1641 vel
1114 1577 1453 1641 habitualis
1499 1576 2053 1640 inconsiderantiae
2088 1576 2513 1647 mensuretur;
2556 1576 2724 1638 Deus
2761 1575 2927 1639 enim
2971 1576 3146 1640 solus

680 1683 775 1744 est
819 1680 1103 1764 cognitor
1147 1680 1333 1743 huius
1365 1681 1569 1743 status
1599 1679 1846 1742 mentis.
1887 1676 2053 1741 Illud
2083 1680 2293 1740 tamen
2343 1676 2809 1752 advertendum,
2842 1676 3005 1757 quod
3050 1678 3144 1741 in-

681 1783 983 1847 tercedere
1021 1782 1083 1845 in
1112 1784 1377 1862 utroque
1409 1800 1556 1845 casu
1603 1782 1811 1862 potest
1841 1780 2049 1863 gravis
2080 1780 2263 1860 culpa
2295 1799 2352 1841 v.
2390 1799 2486 1861 gr.
2516 1778 2582 1841 in
2612 1797 2705 1856 eo,
2738 1779 2848 1859 qui
2879 1778 3146 1844 admini-

682 1888 841 1949 strat
871 1886 1032 1949 bona
1066 1886 1342 1957 alteriUS,
1378 1886 1438 1947 in
1472 1884 1844 1947 confessario
1883 1886 1999 1946 etc.

772 1985 836 2049 Si
876 2005 1016 2049 vero
1065 2004 1262 2062 sermo
1311 1986 1394 2049 sit
1439 1985 1512 2048 de
1558 1986 1933 2067 ignorantia,
1968 2004 2157 2066 quam
2201 1984 2469 2048 diximus
2513 1984 2919 2059 habitualem,
2969 1984 3142 2048 affir-

681 2088 840 2151 mari
885 2089 1110 2169 potest,
1150 2086 1312 2169 quod
1361 2087 1752 2169 culpabiliter
1782 2087 1870 2150 sic
1900 2087 2191 2170 ignorans
2224 2106 2295 2150 ea
2341 2106 2500 2168 quae
2546 2087 2699 2152 scire
2745 2089 3009 2163 tenetur,
3043 2092 3143 2151 est

681 2190 1134 2271 quodammodo
1172 2190 1234 2252 in
1274 2188 1584 2251 habituali
1612 2193 1784 2252 statu
1801 2190 2063 2267 peccati,
2097 2189 2308 2253 eodem
2340 2208 2589 2272 prorsus
2625 2189 2810 2254 modo
2844 2209 2916 2254 ac
2946 2190 3030 2255 sit
3073 2190 3144 2255 in

682 2292 989 2356 habituali
1019 2294 1191 2355 statu
1223 2292 1458 2374 peccati
1480 2292 1604 2368 ille,
1631 2291 1737 2372 qui
1776 2291 1875 2354 vel
1904 2309 2025 2354 non
2048 2291 2328 2355 restituit
2352 2290 2572 2366 aliena,
2600 2292 2699 2355 vel
2720 2292 2953 2356 iniuste
2976 2293 3140 2357 vivit

680 2395 994 2459 seiunctus
1028 2413 1063 2456 a
1094 2394 1354 2477 coniuge
1387 2395 1451 2457 et
1495 2393 1837 2477 generatim
1885 2393 1991 2473 qui
2037 2411 2160 2456 non
2207 2392 2516 2456 satisfacit
2553 2393 2941 2477 obligationi,
2981 2413 3144 2475 quae

677 2496 907 2579 iugiter
938 2498 1178 2579 urgeat.
1210 2495 1424 2576 Neque
1456 2498 1665 2559 tamen
1703 2495 1994 2568 dicemuS,
2028 2494 2190 2557 hunc
2220 2495 2510 2558 continue
2556 2512 2822 2577 peccare,
2861 2495 3143 2576 quandiu

677 2601 742 2663 in
775 2600 1129 2683 ignorantia
1160 2601 1479 2681 permanet
1506 2598 1763 2680 (Suarez
1799 2599 1864 2662 in
1902 2600 1959 2662 1.
1988 2600 2048 2661 2.
2075 2601 2255 2662 tract.
2285 2600 2345 2661 5.
2379 2597 2536 2681 disp.
2566 2601 2627 2662 5.
2662 2600 2809 2663 sect.
2847 2601 2905 2662 2.
2932 2620 2991 2662 11.
3018 2600 3145 2682 4.);

679 2701 783 2764 sed
821 2702 1008 2765 toties
1046 2720 1117 2765 ex
1153 2700 1507 2784 ignorantia
1544 2702 1839 2783 peccabit,
1875 2701 2117 2783 quoties
2150 2701 2498 2765 voluntarie
2527 2701 2813 2784 ignorare
2846 2701 2986 2766 vult
3013 2701 3144 2767 for-

678 2805 926 2868 maliter
956 2805 1054 2869 vel
1089 2805 1460 2880 virtualiter,
1495 2805 1656 2868 idest
1702 2825 1843 2868 cum
1893 2823 1957 2868 se
2001 2804 2098 2866 illi
2146 2805 2323 2868 offert
2369 2805 2605 2869 occasio
2654 2804 2874 2869 idonea
2910 2805 3142 2871 sciendi

679 2925 787 2970 seu
825 2906 1163 2988 depellendi
1209 2907 1630 2990 ignorantiam
1663 2909 1724 2971 et
1755 2909 1886 2990 ipse
1918 2906 2187 2970 advertit
2218 2906 2313 2970 vel
2355 2906 2534 2971 facile
2572 2906 2888 2971 advertere
2933 2910 3147 2989 potest

679 3028 742 3072 se
774 3009 965 3072 teneri
998 3010 1061 3072 et
1093 3011 1301 3074 tamen
1337 3009 1621 3093 negligit.

767 3113 938 3176 Haec
969 3113 1331 3195 applicanda
1371 3112 1741 3196 obligationi
1789 3112 2101 3176 communi
2149 3113 2433 3176 omnibus
2470 3113 2753 3177 fidelibus
2784 3113 3012 3177 sciendi
3039 3133 3136 3190 ea,

678 3235 836 3298 quae
860 3217 1005 3278 sunt
1029 3214 1170 3279 fidei
1193 3217 1257 3279 et
1279 3216 1389 3278 illa
1412 3234 1571 3295 quae
1595 3217 1878 3297 spectant
1902 3214 1978 3278 ad
2002 3217 2241 3278 statum
2265 3233 2374 3278 seu
2405 3215 2819 3280 conditionem
2843 3216 3147 3297 cuiusque

678 3338 735 3381 v.
770 3339 862 3402 gr.
897 3317 1382 3399 patrisfamilias,
1423 3318 1728 3401 magistri,
1763 3317 2193 3400 magistratuS,
2234 3317 2504 3399 parochi,
2540 3318 2761 3382 iudicis
2799 3321 2914 3382 etc.

769 3415 886 3488 56.
924 3418 1085 3480 Illud
1132 3421 1339 3482 tamen
1387 3419 1849 3496 advertendum,
1884 3439 2207 3484 commune
2254 3438 2384 3483 esse
2431 3422 2682 3501 peccato
2719 3420 3144 3504 ignorantiae,

676 3520 840 3602 quod
887 3520 959 3584 de
1005 3520 1208 3584 causis
1255 3524 1646 3604 peccatorum
1694 3522 2036 3604 generatim
2084 3521 2355 3585 dicemus
2415 3522 2803 3599 servandum,
2859 3524 3152 3589 videlicet

676 3641 852 3706 posse
899 3642 1134 3687 cessare
1180 3626 1423 3688 reatum
1460 3643 1567 3705 per
1604 3624 2069 3705 poenitentiam,
2110 3623 2299 3685 etiam
2337 3626 2628 3688 manente
2675 3624 3030 3709 ignorantia
3077 3627 3148 3691 in

674 3727 1013 3805 intellectu,
1040 3747 1197 3809 quae
1228 3731 1377 3792 tunc
1400 3728 1518 3792 erit
1548 3730 1869 3808 peccatum
1894 3726 2233 3790 materiale.
2260 3727 2403 3791 Dixi
2433 3730 2758 3810 peccatum
2779 3730 3144 3806 materiale;

677 3849 821 3894 nam
865 3831 1220 3914 ignorantia
1266 3832 1587 3912 praecepto
1637 3828 1946 3891 contraria
1993 3830 2088 3891 est
2136 3848 2241 3910 per
2287 3848 2351 3892 se
2395 3831 2562 3893 mala
2611 3831 2929 3907 obiective,
2976 3832 3150 3897 sicut

678 3934 876 3998 omnis
902 3933 1153 3998 omissio
1181 3935 1356 3995 actus
1379 3930 1714 4013 praecepti:
1736 3933 2012 3993 attamen
2045 3930 2388 3995 formaliter
2419 3933 2568 3996 etin
2600 3934 2906 4010 exercitio,
2930 3935 3152 4017 ipsum

676 4036 959 4119 ignorare
998 4035 1093 4097 est
1128 4033 1365 4096 malum
1396 4033 1635 4095 ratione
1672 4032 2037 4107 voluntatiS,
2063 4033 2163 4096 cui
2194 4034 2290 4096 vel
2328 4034 2554 4098 directe
2587 4035 2686 4099 vel
2715 4035 3008 4101 indirecte
3040 4040 3150 4102 est

676 4137 1034 4199 voluntaria
1066 4135 1443 4218 ignorantia.

764 4238 926 4318 Ergo
951 4237 1195 4317 quoties
1221 4237 1449 4300 sincere
1477 4238 1832 4320 quempiam
1863 4239 2178 4321 poeniteat
2200 4240 2615 4324 negligentiae
2648 4244 2711 4306 et
2741 4243 3141 4325 propositum

674 4339 803 4421 ipse
850 4338 1076 4402 habeat
1135 4338 1471 4420 depellendi
1532 4340 1972 4424 ignorantiam,
2022 4341 2257 4405 absolvi
2321 4345 2528 4424 potest
2573 4347 2637 4408 et
2682 4345 2862 4409 debet
2908 4365 2946 4409 a
2991 4365 3147 4409 con-

672 4442 946 4506 fessario.
996 4441 1077 4504 Et
1122 4441 1221 4505 hic
1265 4442 1640 4507 iustificatus
1688 4444 1961 4507 manebit
2007 4443 2107 4524 (ex
2153 4444 2270 4508 hoc
2314 4445 2543 4527 capite)
2590 4465 2913 4530 quousque
2957 4449 3148 4530 igno-

672 4545 876 4609 rantia
906 4544 1016 4608 illa
1047 4549 1298 4610 maneat
1326 4546 1766 4611 involuntaria.
1795 4545 1862 4610 Si
1891 4565 2105 4610 rursus
2137 4548 2492 4612 voluntaria
2529 4549 2641 4612 fiat
2674 4551 2752 4614 ob
2782 4551 3150 4634 neglectam

673 4647 1052 4713 occa-sionem
1100 4649 1345 4725 sciendi,
1394 4668 1607 4714 rursus
1654 4650 1773 4714 erit
1818 4651 2158 4732 peccatum.
2200 4647 2626 4714 Confessarius
2673 4654 2882 4716 tamen
2915 4652 3158 4718 distin-
