3529 5158
653 312 763 367 720
1454 326 1769 367 APPENDIX
1807 328 1871 369 11.
1911 327 2335 404 ωεειΕιιτΑΊ-ιο.

646 423 837 499 bitur,
888 424 939 488 si
988 424 1134 487 talis
1166 424 1337 488 bulla
1386 423 1611 487 ibidem
1659 424 1977 507 publicata
2024 428 2087 489 et
2116 428 2362 509 recepta
2409 446 2532 492 non
2581 427 2699 504 sit3
2734 447 2881 493 nam
2926 429 3115 494 stilus

647 522 868 589 Curiae
914 544 1038 590 non
1061 526 1125 589 in
1161 526 1446 591 omnibus
1484 526 1835 590 extenditur
1866 527 2039 590 extra
2064 525 2339 605 Curiam,
2373 529 2641 593 maxime
2671 549 2814 594 cum
2839 532 3114 595 naturali

646 628 951 710 aequitati
999 629 1083 693 sit
1129 629 1513 706 convenienS,
1564 630 1639 692 ut
1682 629 1851 713 leges
1882 648 2004 693 non
2053 630 2404 713 publicatae
2443 631 2719 713 adeoque
2765 633 3112 717 ignoratae,

643 748 767 794 non
813 727 1011 815 ligent
1058 732 1121 795 et
1165 730 1449 795 Pontifex
1499 751 1605 814 per
1650 731 1967 815 generales
2015 732 2182 816 leges
2228 751 2352 796 non
2397 732 2666 798 intendit
2704 752 2942 818 semper
2978 754 3116 818 par-

643 831 1012 897 ticularibus
1077 834 1356 898 locorum
1427 832 1688 897 statutis
1751 835 1814 897 et
1875 834 2425 899 consuetudinibus
2488 834 2804 920 derogare,
2852 836 2973 902 nisi
3017 857 3116 903 ex-

641 935 874 1016 primat
904 962 964 999 ».

736 1039 839 1102 25.
875 1039 1083 1103 Etiam
1131 1039 1517 1124 suffragium,
1558 1037 1723 1120 quod
1757 1038 2157 1104 Reiffenstnel
2190 1039 2501 1121 quaesivit
2535 1060 2607 1104 ex
2643 1041 2922 1127 Pirhing,
2955 1043 3113 1107 levis

643 1142 738 1204 est
768 1143 1104 1217 momenti;
1157 1143 1294 1206 tum
1342 1142 1488 1223 quia
1543 1142 1806 1225 Pirhing
1853 1160 1924 1205 ex
1970 1143 2146 1223 parte
2194 1142 2398 1206 solum
2444 1141 2725 1207 concedit
2769 1144 3112 1209 sententiae

641 1243 1034 1333 regalisticae
1067 1243 1341 1325 aliquam
1375 1243 1898 1325 probabilitatem,
1934 1246 2071 1307 tum
2096 1243 2242 1325 quia
2274 1244 2338 1307 in
2369 1244 2486 1308 hoc
2515 1244 2650 1327 ipso
2681 1243 2977 1311 innititur
3008 1265 3114 1310 au-

643 1345 925 1409 ctoritati
956 1345 1115 1409 falso
1150 1345 1533 1409 aestimatae.

733 1445 832 1511 Sic
861 1448 1095 1529 itaque,
1136 1450 1469 1530 postquam
1517 1448 1589 1510 de
1635 1448 1878 1532 legibus
1919 1448 2334 1532 imperatoriis
2371 1467 2482 1513 ceu
2513 1468 2635 1514 non
2684 1449 3108 1534 obligantibus

641 1548 762 1612 nisi
808 1550 952 1632 post
997 1548 1152 1613 duos
1184 1569 1424 1613 menses
1464 1569 1497 1612 a
1546 1550 2050 1634 promulgatione
2085 1551 2250 1615 facta
2281 1551 2343 1614 in
2378 1552 2708 1634 provinciis
2741 1552 2998 1631 dixerat,
3033 1554 3108 1618 de

640 1650 983 1716 Pontificiis
1010 1651 1256 1715 disserit
1279 1652 1386 1715 lib.
1427 1652 1482 1714 1.
1518 1653 1618 1715 tit.
1650 1653 1708 1716 2.
1736 1673 1796 1715 n.
1826 1654 1962 1716 33.:
1999 1677 2033 1711 «
2067 1653 2344 1717 Tametsi
2375 1653 2540 1735 quod
2578 1653 2651 1718 de
2688 1655 3108 1737 imperatoriis

642 1750 1212 1819 Constitutionibus
1276 1754 1513 1818 dictum
1567 1757 1682 1831 est,
1747 1754 2049 1818 nonnulli
2110 1771 2236 1818 NON
2285 1771 2824 1834 mPRoBAssm1T1-21z,
2884 1757 3108 1822 saltem

642 1855 851 1936 quoad
888 1855 1097 1934 forum
1143 1858 1571 1946 conscientiae,
1614 1856 1949 1921 extendant
1995 1856 2183 1921 etiam
2234 1857 2312 1921 ad
2359 1855 2852 1923 Constitutiones
2899 1860 3110 1924 Ponti-

641 1958 831 2035 ficiaS‚
881 1978 1097 2042 nempe
1130 1961 1203 2023 ut
1234 1959 1349 2023 hae
1404 1978 1649 2041 quoque
1696 1978 1818 2024 non
1876 1960 2172 2043 obligent,
2206 1958 2327 2023 nisi
2374 1960 2583 2042 elapso
2639 1960 2920 2024 bimestri
2964 1964 3108 2044 post

641 2062 1207 2146 promulgationem
1254 2061 1318 2126 in
1358 2062 1623 2146 singulis
1670 2062 2016 2144 provinciis·
2042 2061 2140 2125 vel
2172 2061 2550 2126 dioecesibus
2583 2061 2844 2126 factam:
2893 2063 3111 2145 proba-

641 2163 827 2227 bilius
866 2166 1075 2229 tamen
1109 2166 1221 2240 est,
1255 2164 1423 2247 leges
1457 2184 1563 2227 seu
1597 2162 2091 2228 Constitutiones
2124 2163 2505 2237 PontificiaS‚
2545 2164 2764 2228 statim
2795 2165 2951 2228 acin
2984 2166 3109 2230 Ro-

639 2285 825 2330 mana
874 2264 1062 2331 Curia
1109 2267 1543 2350 promulgatae
1594 2267 1760 2342 sunt,
1795 2266 2060 2349 incipere
2091 2265 2386 2350 obligare,
2420 2266 2613 2330 etiam
2643 2266 2805 2330 intra
2835 2265 3102 2330 duorum

639 2369 947 2432 mensium
994 2369 1332 2451 spatium...
1369 2394 1429 2431 ».
1460 2369 1624 2453 Ergo
1676 2368 1853 2432 valde
1905 2368 2109 2432 tenuis
2142 2369 2236 2431 est
2267 2367 2393 2431 ista
2424 2368 2811 2452 suffragatio,
2847 2368 2924 2431 ob
2953 2388 3107 2431 non-

639 2470 850 2535 nullos
898 2474 960 2535 et
1007 2471 1211 2552 quoad
1257 2470 1466 2550 forum
1510 2471 1924 2534 conscientiae
1973 2473 2036 2534 et
2081 2469 2376 2554 negativa
2421 2468 2533 2533 illa
2596 2470 2935 2534 assertione
2977 2491 3108 2534 non

638 2572 1155 2654 improbabiliter,
1190 2592 1348 2655 quae
1394 2572 1677 2655 aliq-uam
1723 2572 2228 2657 probabilitatem
2281 2573 2532 2636 tantum
2570 2570 2742 2637 dicit.

732 2677 847 2742 Sed
896 2678 1109 2741 deinde
1141 2677 1299 2742 falso
1335 2678 1486 2741 haec
1534 2679 1822 2741 nituntur
1867 2676 2292 2752 fundamentO,
2344 2676 2826 2760 allegationibus
2873 2678 3110 2743 scilicet

640 2801 797 2864 quas
845 2780 1105 2865 Pirhing
1150 2780 1571 2863 imprudenter
1624 2782 1961 2844 mutuatus
2018 2780 2114 2843 est
2161 2797 2197 2842 a
2245 2777 2490 2843 Suarez.
2541 2777 2641 2842 Sic
2685 2779 2849 2843 enim
2896 2779 3105 2863 (ibid.)

640 2883 861 2967 pergit.
910 2909 943 2940 ‹<
982 2882 1259 2947 Priorem
1308 2882 1678 2946 sententiam
1712 2882 1883 2945 tenet
1914 2882 2124 2945 Abbas
2157 2881 2221 2944 in
2252 2881 2356 2944 cit.
2391 2899 2523 2963 cap.
2552 2882 2613 2945 2.
2657 2879 3105 2963 Οορηοεοεηέεε

637 3006 697 3050 11.
745 2987 801 3050 7.
839 2987 899 3050 in
934 2986 1035 3049 fin.
1064 2986 1350 3068 quamvis
1398 2986 1611 3067 postea
1648 2985 2020 3048 sententiam
2047 2983 2389 3047 mutaverit
2417 2983 2482 3046 in
2514 2980 2664 3067 Cap.
2702 2984 2966 3048 Noverit
2991 2986 3095 3048 49.

638 3087 712 3152 de
747 3086 1022 3152 Smitevzt.
1051 3087 1486 3163 Excommun,·
1511 3088 1575 3150 et
1597 3087 1804 3169 plures
1828 3086 1956 3149 Alii
1980 3087 2119 3149 DD.
2164 3086 2326 3169 apud
2352 3084 2578 3151 Suarez
2603 3085 2710 3151 lib.
2737 3089 2800 3152 4.
2841 3087 2914 3151 de
2946 3086 3098 3169 Ley.

634 3210 767 3274 cap.
808 3193 909 3255 15.
943 3211 1002 3254 11.
1045 3192 1100 3254 1.

729 3293 832 3357 26.
882 3293 1117 3357 Verum
1148 3312 1270 3356 non
1304 3293 1453 3356 bene
1484 3311 1580 3356 res
1618 3292 1856 3355 homini
1888 3293 2091 3356 cessit.
2126 3290 2351 3355 Suarez
2399 3292 2562 3356 enim
2593 3291 2700 3355 lib.
2727 3292 2789 3356 4.
2838 3289 2913 3354 de
2945 3290 3099 3374 Ley.

636 3417 768 3480 cap.
817 3398 916 3459 15.
950 3416 1010 3458 n.
1053 3397 1108 3458 1.
1160 3395 1354 3459 allata
1403 3394 1709 3459 sententia
1742 3394 1853 3457 illa
1890 3394 2267 3478 regalistiea,
2301 3412 2444 3458 mox
2483 3393 2684 3458 addit:
2732 3419 2768 3452 ‹<
2799 3395 2899 3458 Ita
2930 3397 3102 3458 tenet

635 3499 1118 3564 Panormitanus
1148 3500 1212 3563 in
1245 3518 1377 3581 cap.
1417 3499 1474 3561 7.
1510 3497 1584 3560 de
1626 3495 2068 3561 C’onstitution.
2108 3517 2167 3560 n.
2223 3497 2302 3572 7.,
2353 3495 2600 3561 Felinas
2632 3517 2690 3561 n.
2745 3497 2825 3573 7.,
2873 3497 3100 3561 Decius

633 3603 775 3666 1661.
818 3604 878 3664 2.
912 3622 970 3664 11.
1008 3603 1091 3674 6.,
1124 3601 1445 3666 Navarrus
1490 3603 1554 3664 in
1593 3600 1852 3664 Summa
1886 3619 2018 3682 cap.
2055 3600 2162 3662 23.
2189 3620 2248 3662 11.
2292 3599 2419 3675 44.,
2453 3598 2729 3683 Angelus
2769 3598 2934 3663 verb.
2963 3598 3103 3662 Lex

635 3725 695 3768 11.
750 3706 874 3781 13.,
915 3704 1185 3780 Medina,
1221 3706 1328 3786 qui
1359 3705 1535 3768 illam
1567 3703 1796 3768 tribuit
1828 3701 2191 3767 Caietano...
2229 3728 2289 3765 ».

725 3808 922 3890 Atqui
967 3807 1031 3871 id
1077 3807 1235 3872 falso
1283 3807 1401 3870 dici
1441 3805 1513 3869 de
1565 3805 2010 3871 Panormitano
2060 3826 2119 3868 n.
2157 3805 2336 3880 2.-6.,
2371 3804 2444 3868 (16
2491 3804 2706 3869 Felino
2752 3825 2814 3869 n.
2854 3805 2978 3880 16„
3028 3805 3103 3870 (16

632 3909 938 3982 Navarro,
988 3929 1173 3991 quem
1219 3908 1444 3973 Suarez
1480 3929 1539 3971 n.
1585 3909 1645 3971 3.
1680 3908 1844 3971 male
1895 3907 2046 3971 dicit
2091 3908 2368 3971 mutasse
2417 3907 2808 3983 sententiam,
2857 3926 2917 3970 n.
2972 3908 3096 3985 13„

633 4012 706 4077 de
737 4013 976 4096 Angelo
1027 4031 1062 4076 a
1109 4010 1395 4076 Clavasio
1434 4031 1493 4075 n.
1535 4012 1659 4083 12.,
1693 4010 1822 4074 iam
1862 4009 2266 4074 ostendimus,

726 4115 831 4177 27.
863 4114 989 4178 Nec
1020 4114 1223 4198 magis
1268 4115 1429 4178 recte
1478 4111 1704 4176 Suarez
1753 4112 1990 4196 allegat
2021 4111 2302 4175 Decium.
2341 4110 2527 4175 Nam.
2581 4110 2647 4174 1ο
2687 4111 2912 4175 Decius
2955 4110 3097 4174 Phi-

630 4218 836 4300 lippus
875 4218 940 4282 in
972 4236 1106 4300 cap.
1143 4219 1201 4280 2.
1262 4214 1709 4298 Coqnoscentes
1753 4216 1896 4279 lect.
1949 4217 2008 4278 2.
2065 4235 2124 4278 n.
2166 4215 2271 4278 44.
2322 4213 2627 4297 duplicem
2677 4232 2870 4296 aeque
2913 4213 3100 4278 refert

634 4319 1001 4402 opinionem.
1052 4321 1151 4384 Ita
1198 4319 1345 4383 ille:
1388 4345 1422 4377 «
1454 4319 1663 4383 Abbas
1695 4317 2028 4392 concludit,
2068 4317 2232 4400 quod
2280 4316 2460 4381 debet
2490 4315 2830 4399 publicatio
2855 4316 2986 4381 fieri
3033 4316 3096 4379 in

634 4423 949 4505 provincia
983 4426 1044 4487 et
1076 4440 1198 4487 non
1241 4421 1493 4498 sufficit,
1528 4421 1693 4502 quod
1725 4422 1888 4485 facta
1926 4422 2009 4484 sit
2039 4419 2104 4483 in
2137 4418 2325 4483 Ornia
2362 4418 2710 4484 Romana...
2744 4416 2926 4483 Card.
2960 4418 3099 4483 Ale-

634 4529 844 4593 xandr.
887 4529 1057 4591 tenet
1087 4528 1532 4592 contrarium...
1565 4527 1694 4592 Nec
1742 4528 1970 4603 obstat,
2021 4526 2183 4608 quod
2234 4525 2569 4590 absurdum
2618 4523 2883 4599 videtur,
2933 4520 3098 4604 quod
