3529 5158
1119 364 1204 404 119
1240 348 1449 403 annm
1486 361 1533 404 s.
1573 360 1876 403 ALPBONSI
1916 360 2044 402 mc.
2709 347 2811 402 681

350 459 675 525 dicendum
722 461 795 525 de
843 463 1230 545 argumento,
1266 460 1431 542 quod
1462 480 1523 524 n.
1559 460 1664 523 47.
1699 479 1746 523 3.
1784 460 2018 523 Doctor
2065 459 2258 523 sumit
2307 478 2376 523 ex
2408 458 2813 525 incommodis

350 564 697 628 contrariae
743 563 1103 628 sententiae.
1152 562 1398 627 Etenim
1446 561 1706 645 (inquit)
1744 587 1780 619 ‹
1819 563 1870 625 si
1921 562 2162 626 adesset
2206 563 2303 627 1911
2350 562 2640 645 sequendi
2689 562 2815 644 opi-

349 666 561 729 niones
586 664 1048 748 probabiliores,
1068 665 1284 747 utique
1317 664 1557 728 adesset
1590 664 1929 729 necessario
1955 665 2144 729 simul
2169 665 2470 750 obligatio
2496 664 2812 747 opiniones

349 768 791 851 probabiliores
827 766 1296 850 199111199111ζ1115
1329 767 1478 831 bene
1518 768 1795 851 arguunt
1831 765 2077 843 suarez,
2106 766 2395 843 Sanchez,
2421 768 2807 852 Laymann...

345 870 433 934 At
464 866 602 952 quis
635 890 756 935 non
804 870 990 945 videt,
1025 871 1141 935 1100
1186 888 1315 933 9339
1357 889 1511 933 011113
1558 868 1880 949 moraliter
1925 870 2336 943 intolerabile,
2375 870 2596 954 utpote
2634 871 2811 934 innu-

344 973 530 1038 meris
563 974 888 1056 scrupuIiS,
924 972 1432 1056 perplexitatibus
1464 974 1527 1037 et
1558 972 1846 1055 periculis
1877 972 2121 1037 errandi
2153 973 2532 1037 obnoxium?
2564 999 2600 1032 »

432 1076 561 1139 Abs
608 1096 672 1140 re
703 1075 940 1151 itidem,
976 1075 1093 1140 nisi
1124 1076 1408 1156 quaestio
1442 1077 1603 1139 esset
1639 1073 1712 1139 de
1750 1075 2054 1158 probabili
2086 1076 2149 1139 in
2190 1094 2491 1141 concursu
2529 1076 2810 1159 probabi·

341 1176 535 1253 110113,
564 1197 612 1242 3.
638 1178 874 1242 Doctor
904 1177 991 1242 310
1023 1179 1304 1242 uteretur
1328 1178 1696 1261 argumento
1728 1177 1870 1241 inde
1902 1179 2151 1259 sumpto
2185 1198 2244 1241 n.
2272 1178 2409 1240 44.:
2437 1201 2472 1235 «
2497 1177 2657 1256 Quia
2687 1177 2805 1242 nisi

339 1279 550 1343 licitus
598 1282 758 1344 esset
806 1298 954 1344 usus
1003 1278 1301 1363 benignae
1355 1278 1715 1355 sententiae,
1769 1280 2016 1344 omnino
2065 1280 2427 1344 turbaretur
2474 1280 2621 1344 ordo
2671 1281 2807 1345 obe-

335 1379 606 1446 dientiae
653 1381 1071 1464 superioribus
1118 1380 1361 1447 debitae
1394 1407 1454 1445 ».
1491 1381 1579 1446 Ut
1612 1382 1776 1445 enim
1808 1379 2020 1446 subdit
2049 1402 2108 1445 n.
2151 1383 2288 1446 45.:
2323 1406 2357 1439 «
2393 1381 2480 1446 Ut
2516 1382 2805 1447 subditus

335 1483 536 1567 possit
567 1484 829 1561 obedire,
857 1504 997 1549 cum
1033 1484 1237 1568 opinio
1270 1483 1358 1548 rei
1384 1485 1744 1567 praeceptae
1777 1484 2024 1548 videtur
2056 1484 2173 1567 ipsi
2204 1485 2411 1549 minus
2445 1485 2801 1567 probabiIiS,

333 1606 578 1651 necesse
611 1588 705 1651 est
740 1589 811 1650 ut
840 1588 1070 1663 teneat,
1104 1586 1481 1668 superiorem
1529 1604 1707 1667 posse
1737 1587 1963 1668 (licite)
1996 1587 2343 1668 praecipere
2380 1588 2442 1649 et
2473 1587 2806 1669 prudenter

330 1691 702 1774 praecipere,
730 1690 973 1771 quoties
999 1689 1295 1772 praecipit
1321 1708 1389 1753 ex
1422 1688 1530 1752 illa
1565 1689 1850 1772 opinione
1880 1689 2086 1753 minus
2118 1687 2422 1771 probabili
2456 1708 2526 1753 ac
2549 1690 2803 1771 proinde

330 1791 606 1857 iudicare
654 1791 852 1867 debet,
900 1790 1143 1857 licitum
1192 1810 1321 1856 esse
1367 1790 1542 1854 illam
1588 1791 1763 1873 sequi
1810 1790 2000 1854 etiam
2047 1791 2111 1854 in
2156 1807 2456 1855 concursu
2512 1790 2802 1873 probabi-

327 1895 506 1959 lioris
546 1920 608 1959 ».

419 1996 492 2060 Id
537 1997 744 2080 ipsum
791 1995 980 2061 dicito
1029 1996 1101 2059 de
1150 1997 1536 2081 argumente,
1572 1991 1832 2076 quod‘s.
1871 1996 2104 2059 Doctor
2149 1994 2291 2058 hinc
2338 1995 2508 2059 elicit
2555 2015 2613 2060 n.
2650 1998 2792 2060 42.:

334 2125 369 2157 α
409 2099 557 2182 quia
605 2097 657 2162 si
714 2101 875 2162 esset
930 2097 1231 2183 obligatio
1288 2096 1578 2180 sequendi
1625 2097 2062 2181 probabiliora,
2112 2117 2342 2180 magna
2397 2098 2798 2163 interveniret
2865 2148 2870 2151 .

323 2199 697 2266 difformitas
743 2200 807 2264 in
856 2200 1269 2265 observantia·
1293 2201 1450 2284 legis
1481 2224 1542 2264 11.
1594 2199 1796 2278 Quam
1843 2199 1905 2263 in
1953 2219 2082 2264 rem
2130 2199 2485 2283 subiungit:
2529 2224 2565 2258 «
2604 2199 2668 2264 Si
2717 2201 2792 2264 ad

328 2303 788 2368 observantiam
835 2303 990 2388 legis
1038 2304 1253 2387 regula
1300 2303 1554 2368 maioris
1602 2302 2063 2386 probabilitatis
2112 2301 2370 2366 tenenda
2410 2303 2548 2380 erit,
2589 2323 2795 2368 neces-

324 2405 492 2470 sario
537 2405 695 2489 legis
745 2405 1134 2469 observantia
1183 2405 1479 2470 difformis
1514 2404 1768 2469 evadere
1801 2404 2008 2481 debet;
2043 2424 2183 2470 cum
2216 2406 2380 2470 enim
2411 2406 2622 2469 variae
2667 2407 2794 2470 sint

324 2510 562 2573 mentes
608 2508 931 2574 hominum
978 2509 1169 2573 etiam
1215 2510 1584 2591 sapientum,
1635 2526 1817 2592 saepe
1865 2507 2106 2585 accidit,
2140 2508 2306 2590 qnod
2355 2508 2582 2592 opini0‚
2634 2528 2792 2592 quae

322 2611 432 2676 uni
480 2612 859 2695 probabilior
906 2613 1019 2688 est,
1057 2612 1237 2675 alteri
1270 2612 1474 2676 minus
1521 2610 1860 2694 probabilis
1892 2611 2221 2688 videbitur,
2257 2612 2346 2676 ita
2390 2614 2463 2676 ut
2510 2613 2609 2677 hic
2654 2614 2789 2698 lege

321 2713 772 2798 adstringatur,
815 2714 973 2778 alter
1004 2733 1159 2778 non:
1195 2715 1321 2778 imo
1356 2714 1567 2778 eadem
1603 2733 1860 2797 persona
1893 2713 2074 2779 hodie
2119 2715 2256 2800 lege
2293 2733 2415 2780 non
2453 2717 2785 2795 tenebitur,

318 2836 456 2881 cras
489 2815 613 2892 sic;
648 2815 793 2897 quia
827 2815 1037 2880 eadem
1074 2815 1237 2881 actio
1285 2816 1465 2880 hodie
1514 2815 1825 2880 videbitur
1855 2817 1976 2900 ipsi
2008 2817 2390 2900 probabilius
2422 2818 2615 2894 licita,
2651 2839 2785 2884 cras

318 2919 701 3003 probabilius
748 2918 966 2982 illicita
1000 2945 1060 2982 ».

412 3021 515 3084 78.
549 3020 693 3085 Dixi
723 3022 973 3104 insuper
1020 3040 1090 3084 ea
1138 3040 1382 3103 quoque
1433 3025 1822 3104 argumenta,
1858 3041 2015 3102 quae
2057 3022 2330 3102 alioquin
2380 3023 2506 3085 vim
2553 3023 2784 3087 habent

315 3123 510 3187 etiam
548 3124 761 3187 contra
796 3123 1150 3188 tutioristas
1183 3126 1245 3186 et
1278 3125 1491 3187 contra
1540 3122 2077 3205 probabilioristas
2124 3122 2232 3186 ubi
2267 3122 2371 3186 isti
2403 3124 2783 3189 contendunt

314 3224 694 3306 sequendam
739 3226 1034 3291 tutiorem
1082 3227 1145 3289 in
1193 3243 1491 3290 concursu
1533 3224 1895 3306 opinionum
1944 3242 2135 3305 aeque
2181 3225 2615 3307 probabilium,
2667 3227 2782 3291 hoc

313 3327 527 3391 tamen
574 3327 710 3392 1000
759 3349 793 3392 9
842 3347 889 3392 3.
927 3329 1193 3392 Doctore
1238 3325 1675 3390 tantummodo
1709 3345 1820 3409 pro
1853 3326 2012 3390 thesi
2061 3325 2135 3388 de
2161 3326 2484 3406 probabdi
2527 3328 2599 3391 in
2644 3347 2783 3392 con-

310 3449 502 3493 cursu
520 3428 977 3509 probabrliore's
1009 3429 1302 3494 adhiberi.

400 3532 724 3598 Eiusmodi
748 3535 840 3597 est
866 3534 1064 3616 prima
1089 3532 1251 3597 ratio
1285 3551 1394 3617 pro
1418 3531 1581 3596 thesi
1605 3550 1718 3596 3119
1744 3552 1802 3596 9.
1836 3532 1959 3608 18.,
1987 3550 2236 3616 nempe:
2275 3532 2436 3613 Quia,
2462 3532 2565 3596 lex
2587 3533 2779 3598 dubia

309 3655 435 3698 non
462 3633 717 3718 obliyat.
731 3634 894 3699 Nam
912 3637 1247 3719 postquam
1269 3634 1347 3699 ad
1369 3635 1810 3699 stabiliendum
1836 3636 1954 3699 hoc
1977 3636 2347 3719 principium
2372 3638 2574 3702 multa
2596 3657 2643 3702 3.
2659 3639 2780 3704 Do-

307 3740 444 3803 ctor
474 3738 803 3824 congessit,
838 3739 955 3804 hoc
986 3757 1151 3803 mere
1198 3739 1647 3804 consectarium
1694 3757 1804 3822 pro
1838 3759 1903 3803 re
1934 3758 2044 3803 sua
2079 3739 2327 3804 deducit
2358 3761 2417 3803 n.
2454 3743 2594 3803 20.:
2630 3767 2664 3798 «
2697 3742 2778 3807 Et

310 3841 459 3906 tunc
505 3859 765 3923 sequens
815 3842 1163 3926 opinionem
1210 3859 1321 3925 pro
1368 3840 1675 3917 libertate,
1711 3842 1830 3905 etsi
1874 3842 2083 3904 minus
2116 3840 2528 3920 probabilem,
2565 3845 2777 3926 ageret

308 3961 429 4008 non
462 3946 679 4009 contra
712 3943 932 4029 legem,
967 3944 1073 4008 sed
1105 3945 1317 4009 contra
1353 3946 1723 4009 sententiam
1750 3946 2143 4022 asserentem,
2172 3942 2383 4009 adesse
2412 3944 2633 4029 legem.
2660 3945 2776 4010 De-

306 4047 491 4128 nique
529 4046 762 4110 vellent
807 4046 1083 4111 fautores
1130 4045 1365 4132 rigidae
1415 4047 1756 4111 sententiae
1796 4045 2096 4110 mundum
2131 4047 2513 4132 obstringere
2547 4048 2624 4111 ad
2672 4048 2774 4112 ob-

305 4147 638 4212 servandas
676 4151 979 4231 tanquam
1031 4148 1199 4233 leges
1250 4168 1458 4213 omnes
1513 4148 1656 4213 illas
1701 4150 2181 4214 innumerabiles
2229 4149 2562 4236 opinioneS‚
2613 4171 2772 4232 quas

293 4247 755 4329 probabiliores
804 4252 926 4332 ipsi
978 4250 1396 4315 arbitrantur.
1447 4250 1752 4316 Fautores
1809 4252 2019 4316 autem
2083 4250 2381 4336 benignae
2428 4252 2770 4319 sententiae

304 4353 525 4417 volunt
554 4354 724 4438 leges
756 4354 989 4417 servari
1022 4356 1093 4418 ut
1124 4354 1309 4438 19893,
1347 4353 1663 4438 opiniones
1703 4355 1913 4417 autem
1945 4354 2021 4417 ut
2053 4353 2386 4436 opinioneS,
2422 4373 2580 4435 quae
2611 4375 2770 4421 nun-

300 4473 490 4537 quam
523 4457 652 4520 vim
684 4456 839 4542 legis
876 4456 1101 4521 habere
1133 4458 1392 4540 possunt
1423 4483 1484 4520 ».

390 4558 562 4622 Idem
595 4561 871 4642 apparet,
907 4557 1011 4622 ubi
1061 4577 1108 4622 s.
1148 4559 1379 4624 Doctor
1426 4560 1756 4624 secundam
1800 4559 2031 4624 evolvit
2063 4561 2366 4624 rationem
2399 4581 2459 4624 11.
2494 4563 2622 4638 37.,
2659 4563 2769 4626 301-
