3529 5158
399 399 540 475 [600]
922 417 1009 457 Dm
1043 416 1458 459 onmeArmun
1493 417 1830 461 commum
1866 421 2066 463 morus
2103 422 2324 463 camus
2747 408 2852 463 541

486 512 821 578 Mittamus
852 514 1234 591 Tamburini,
1273 514 1382 595 qui
1412 533 1523 578 nec
1552 533 1688 579 eam
1727 535 1791 580 se
1830 519 2034 582 tenere
2065 518 2217 582 dicit
2260 536 2370 583 nec
2405 519 2738 600 quicquam
2776 517 2850 580 de

396 616 531 698 ipsa
575 615 806 680 statuit
851 617 964 680 aut
1006 615 1271 693 disserit,
1321 615 1426 680 sed
1471 616 1677 681 solum
1708 636 1906 699 pauca
1936 619 2241 701 quaedam
2286 620 2350 683 in
2397 618 2617 683 Decal.
2658 619 2746 683 lib
2781 620 2845 682 9.

398 737 529 800 cap.
580 719 639 782 2.
688 717 840 781 dicit
885 737 956 783 ex
1000 718 1308 783 sententia
1353 718 1603 783 Ioannis
1650 717 1920 783 Sanchez
1976 724 2040 786 et
2084 719 2495 804 Castropalai.
2545 719 2845 801 Quocirca

396 822 648 906 cognita
692 821 917 886 horum
960 822 1185 898 mente,
1234 820 1597 886 Tamburini
1643 840 1890 903 quoque
1934 825 2203 889 mentem
2242 842 2660 906 assequemur.

483 923 678 988 Porro
709 923 941 987 Palaus
970 923 1153 989 tract.
1189 925 1250 987 2.
1289 922 1444 1005 disp.
1486 924 1547 986 2.
1582 925 1791 1006 punct.
1833 926 1935 988 10.
1964 926 2022 1007 g.
2050 926 2110 989 5.
2138 945 2198 990 n.
2233 928 2294 989 4.
2330 926 2642 1009 supponit,
2687 925 2852 1008 quod

402 1050 437 1084 «
468 1026 530 1090 in
562 1026 678 1089 tali
709 1025 1023 1109 appetitus
1054 1024 1462 1089 delectatione
1492 1025 1865 1109 (voluntati)
1888 1025 2218 1106 displiceat
2238 1053 2299 1092 ».
2325 1029 2408 1092 Et
2436 1048 2653 1093 rursus
2685 1028 2851 1111 quod

401 1154 435 1187 «
466 1130 539 1192 in
582 1127 897 1193 voluntate
941 1126 1121 1193 adest
1161 1127 1558 1208 displicentia
1608 1127 1900 1208 formalis
1943 1129 2018 1194 de
2067 1130 2185 1194 tali
2227 1129 2648 1206 delectatione,
2695 1151 2853 1213 quae

390 1231 778 1315 displicentia
808 1230 1139 1295 efficaciter
1168 1230 1403 1294 detinet
1434 1230 1844 1308 voluntatem,
1877 1251 1952 1296 ne
1997 1232 2363 1309 consentiat,
2399 1235 2533 1297 esto
2564 1233 2848 1298 inefficax

391 1335 477 1398 sit
512 1334 590 1398 ad
626 1352 850 1416 pravos
871 1333 1015 1398 illos
1037 1334 1248 1398 motus
1285 1333 1753 1415 compescendos
1786 1359 1849 1398 ».
1888 1335 2044 1399 Post
2073 1354 2232 1417 quae
2264 1336 2474 1399 tamen
2513 1334 2663 1399 ibid.
2689 1355 2749 1398 n.
2786 1335 2846 1398 6.

391 1437 661 1513 subiicit,
711 1435 959 1501 omnino
1005 1434 1389 1500 retinendam
1434 1455 1825 1501 communem
1878 1438 2271 1514 sententiam,
2328 1436 2494 1519 quod
2542 1438 2676 1502 scil.
2725 1456 2854 1520 per-

392 1540 641 1604 mittere
669 1539 785 1603 hos
814 1539 1025 1603 motus
1048 1539 1260 1619 turpes
1297 1539 1363 1601 et
1390 1537 1865 1603 delectationem
1897 1538 2210 1621 appetitus
2248 1539 2531 1604 sensitivi
2562 1539 2647 1603 sit
2669 1539 2851 1621 culpa

391 1641 674 1707 venialis

482 1744 571 1807 At
601 1744 764 1808 enim
794 1761 938 1806 cum
967 1741 1231 1806 habetur
1266 1739 1384 1804 illa
1414 1739 1831 1820 displicentia,
1879 1759 2078 1806 nonne
2110 1761 2182 1806 ex
2213 1761 2263 1805 s.
2296 1742 2600 1826 Alphonsi
2644 1746 2853 1808 aucto·

390 1847 584 1909 ritate
620 1845 785 1928 (sup.
818 1865 877 1908 n.
912 1844 1093 1924 201.)
1123 1842 1251 1907 iam
1280 1842 1545 1907 habetur
1579 1843 1934 1908 resistentia
1964 1843 2282 1926 positiva?
2312 1843 2473 1924 Quid
2505 1863 2653 1929 ergo
2686 1864 2847 1910 com·

391 1947 708 2012 mittimus
740 1946 1002 2010 invicem
1034 1946 1216 2009 hosce
1246 1945 1563 2022 Doctores,
1595 1945 1778 2026 quasi
1812 1947 2092 2011 monstra
2125 1946 2485 2029 opinionum
2516 1950 2808 2029 promant
2825 1952 2853 2010 *Ρ

482 2048 998 2113 Salmanticenses
1042 2047 1463 2112 defensoribus
1509 2047 1817 2130 opinionis
1862 2049 2053 2124 illius,
2100 2067 2290 2130 quam
2343 2049 2515 2114 reiici
2583 2050 2661 2114 ab
2726 2069 2852 2114 om-

388 2153 574 2217 nibus
619 2151 852 2226 dicunt,
886 2150 1209 2214 accensent
1250 2148 1572 2214 Oviedum.
1605 2148 1804 2232 Atqui
1833 2150 2101 2216 Oviedus
2139 2152 2514 2217 sententiam
2549 2171 2729 2217 suam
2763 2152 2850 2216 sic

387 2254 680 2337 exprimit
714 2254 778 2317 in
802 2253 845 2316 1.
871 2252 933 2316 3.
959 2254 1038 2317 tr.
1074 2251 1133 2315 6.
1168 2254 1363 2317 contr.
1404 2253 1465 2314 4.
1498 2253 1709 2334 punct.
1750 2254 1811 2316 3.
1852 2274 1912 2318 n.
1953 2255 2062 2318 19:
2103 2279 2140 2313 «
2170 2252 2400 2318 Posita
2446 2254 2846 2334 displicentia

386 2357 552 2422 circa
586 2355 745 2419 tales
776 2355 988 2419 motus
1016 2354 1393 2419 naturaliter
1418 2353 1810 2440 insurgentes
1841 2357 1905 2420 et
1935 2357 2173 2421 secluso
2206 2357 2375 2421 omni
2399 2357 2672 2440 periculo
2709 2376 2848 2422 con-

385 2478 623 2535 sensus,
649 2457 966 2541 probabile
991 2459 1106 2532 est,
1130 2457 1521 2521 voluntatem
1545 2476 1665 2522 non
1690 2477 1939 2540 peccare
1971 2460 2171 2525 adhuc
2194 2460 2564 2539 mortaliter,
2596 2461 2845 2526 etiamsi

385 2563 655 2646 positive
678 2579 783 2626 eos
804 2578 1117 2625 removere
1139 2577 1263 2624 non
1285 2562 1592 2642 procuret,
1619 2560 1725 2625 sed
1755 2581 1907 2644 pure
1937 2557 2225 2647 negative
2249 2582 2313 2628 se
2337 2563 2566 2629 habeat
2589 2589 2652 2627 ».
2677 2563 2843 2648 Ergo

386 2667 451 2729 et
498 2662 766 2728 Oviedus
811 2662 1106 2745 supponit
1151 2660 1611 2741 displicentiam
1639 2663 1837 2740 illam,
1886 2684 2009 2746 qua
2053 2666 2230 2730 iuxta
2268 2685 2317 2730 s.
2351 2666 2538 2748 Alph.
2576 2667 2848 2745 positive

385 2770 519 2834 iam
555 2769 887 2834 resistitur.

479 2871 735 2935 Addunt
779 2868 1294 2935 Salmanticenses
1339 2873 1523 2936 tract.
1564 2873 1669 2935 20.
1702 2889 1836 2955 cap.
1874 2873 1976 2935 13.
2008 2892 2070 2936 n.
2125 2873 2226 2938 14.
2277 2874 2626 2957 opinionem
2670 2874 2847 2940 illam

374 2972 770 3054 probabilem
815 2972 937 3036 dici
973 2973 1050 3037 ab
1094 2973 1336 3038 Adamo
1383 2973 1645 3038 Tanner.

477 3076 675 3158 Atqui
697 3074 1028 3141 Tannerde
1051 3073 1304 3139 Pecoat.
1330 3075 1486 3157 disp.
1514 3077 1574 3139 8.
1594 3096 1651 3156 q.
1672 3076 1732 3138 4.
1755 3075 1901 3139 dub.
1929 3076 1990 3138 4.
2019 3096 2077 3138 n.
2107 3077 2211 3141 82.
2238 3077 2452 3141 eodem
2473 3077 2630 3153 loco,
2659 3096 2844 3159 quem

385 3178 902 3245 Salmanticenses
932 3178 1228 3261 allegant,
1262 3178 1350 3241 sic
1379 3177 1671 3241 describit
1704 3177 1864 3240 hanc
1901 3176 2306 3241 sententiam:
2348 3202 2384 3235 ‹
2415 3178 2538 3241 Eos
2571 3178 2839 3261 (motus)

387 3266 794 3362 undequaqffe
817 3281 1108 3345 caverein
1132 3280 1406 3344 humano
1424 3279 1711 3342 convictu
1727 3278 2166 3342 difficillimum
2181 3280 2364 3352 est...,
2382 3278 2845 3358 displicentiam

385 3382 465 3447 de
496 3382 714 3447 iisdem
735 3382 980 3456 habere,
1003 3401 1128 3446 non
1148 3382 1302 3446 item
1328 3407 1388 3444 2».
1421 3381 1503 3444 Et
1524 3380 1665 3444 infr.
1699 3401 1759 3444 n.
1803 3381 1938 3444 83.:
1972 3405 2008 3439 ‹
2032 3380 2433 3446 Resistentia.
2456 3400 2615 3463 quae
2639 3384 2838 3465 requi·

380 3486 548 3550 ritur
571 3485 648 3551 ad
671 3485 997 3550 vitandum
1017 3485 1339 3567 peccatum
1354 3484 1705 3558 mortale...
1724 3500 1849 3548 non
1867 3482 2155 3548 consistit
2178 3484 2244 3548 in
2259 3484 2494 3549 efficaci
2513 3486 2840 3552 voluntate

384 3607 489 3652 eos
519 3591 730 3652 motus
758 3585 1149 3670 impediendi,
1174 3584 1278 3650 sed
1302 3587 1373 3649 in
1402 3605 1784 3667 quacumque
1814 3585 2003 3649 etiam
2044 3585 2319 3665 simplici
2338 3586 2738 3668 displicentia
2769 3590 2842 3652 de

386 3690 609 3754 iisdem
623 3716 685 3754 ».
706 3690 776 3753 In
800 3690 1026 3771 quibus
1048 3689 1175 3752 imo
1198 3706 1476 3770 expresse
1501 3688 1712 3770 aliqua
1730 3688 2091 3752 resistentia
2114 3690 2484 3772 supponitur
2508 3694 2573 3756 et
2596 3693 2843 3773 quidem

384 3793 518 3870 illa,
551 3811 740 3875 quam
771 3812 819 3856 s,
854 3792 1060 3874 Alph.,
1093 3793 1168 3856 ut
1196 3791 1484 3867 diximus,
1510 3792 1848 3870 positivam
1879 3793 2174 3874 appellat.

475 3896 738 3960 Ioannes
782 3912 1028 3976 quoque
1073 3892 1341 3957 Sanchez
1372 3892 1510 3975 (qui
1555 3896 1619 3958 et
1664 3892 1922 3959 Saucius
1953 3894 2208 3975 dicitur)
2241 3891 2482 3957 Selecta
2513 3893 2588 3958 de
2621 3895 2845 3960 Sacra»

388 3999 612 4062 mentis
656 3998 813 4080 disp.
849 3998 952 4060 21.
992 4017 1052 4060 n.
1092 3997 1153 4060 3.
1189 3996 1275 4061 sic
1311 4014 1492 4060 suam
1523 3996 1874 4078 opinionem
1912 3996 2179 4078 promit:
2223 4021 2259 4055 ‹
2295 3996 2543 4062 Habens
2575 3998 2843 4064 delecta-

386 4101 622 4166 tionem
642 4118 984 4175 veneream,
1017 4099 1294 4163 cessante
1316 4100 1525 4162 tamen
1558 4098 1829 4179 periculo
1860 4116 2158 4163 consensu
2181 4099 2246 4162 in
2274 4118 2431 4176 eam,
2459 4100 2630 4164 nullo
2656 4101 2840 4167 modo

385 4203 684 4285 peccabit,
716 4222 791 4266 ne
829 4201 1151 4266 venialiter
1170 4200 1440 4281 quidem,
1465 4199 1519 4264 si
1543 4201 1747 4264 solum
1772 4200 2114 4280 permittat,
2150 4202 2498 4284 appetitum
2527 4202 2839 4281 delectari,

387 4306 675 4390 negative
699 4323 763 4369 se
787 4302 1086 4378 habend0,
1118 4302 1490 4381 praesertim
1511 4302 1571 4365 si
1603 4304 1809 4365 teneat
1844 4299 2303 4381 displicentiam
2331 4304 2404 4367 in
2431 4302 2751 4369 voluntate
2776 4334 2839 4384 »‚

384 4427 548 4490 quae
591 4407 738 4472 licet
784 4407 1088 4488 quantum
1136 4404 1212 4469 ad
1257 4404 1713 4487 reprimendum
1768 4405 2135 4487 appetitum,
2185 4408 2362 4470 actus
2407 4406 2689 4473 inefficax
2736 4410 2840 4486 sit,

386 4512 697 4591 quantum
733 4508 813 4572 ad
842 4505 1247 4572 cohibendum
1284 4509 1494 4571 tamen
1524 4506 1789 4572 liberum
1822 4506 2166 4571 voluntatis
2205 4526 2591 4588 consensum,
2627 4511 2842 4576 efficax

381 4612 648 4687 exsistit,
668 4614 743 4676 ut
763 4611 945 4675 acute
968 4609 1121 4673 satis
1144 4609 1334 4689 (sicut
1353 4610 1588 4691 omnia)
1613 4608 2055 4674 animadvertit
2077 4608 2346 4675 Sanchez
2372 4610 2606 4677 Summ.
2635 4614 2742 4678 lib.
2778 4615 2836 4677 1.

385 4732 520 4796 cap.
558 4715 618 4777 2.
654 4732 713 4778 n.
752 4713 855 4776 13.
