3529 5158
700 372 776 426 50
1149 383 1364 424 ‘truc-r.
1403 383 1442 424 1.
1484 382 1569 421 nn
1605 381 1863 424 Aca-mus
1899 381 2191 424 3011111110.
2230 383 2429 424 CAPUT
2465 384 2530 422 11.
2570 370 2621 439 g.
2659 368 2712 422 3.
3051 366 3164 443 [33]

710 482 1081 558 omissionis,
1130 481 1249 545 nisi
1311 480 1420 561 qui
1465 499 1537 544 ea
1600 479 1756 552 vult,
1807 483 2141 563 cognoscat
2186 481 2325 545 inde
2372 484 2726 545 secuturam
2773 480 3169 545 omissionem

711 604 970 667 eamque
1002 582 1253 667 proinde
1285 582 1579 646 indirecte
1624 582 1796 646 velit.
1832 581 1996 665 Ergo
2030 582 2295 647 habetur
2325 603 2562 666 semper
2592 583 2819 664 aliquis
2851 584 3030 646 actus
3054 584 3168 665 (a).

1857 802 1913 883 g.
1965 802 2025 863 3.

1645 922 1747 987 Dc
1794 922 2051 987 involem
2059 924 2239 987 tario.

819 1085 925 1138 Xll.
953 1087 1361 1138 Invonunrmuuu
1388 1081 1505 1135 licet
1530 1079 1691 1134 latiori
1716 1093 1866 1133 sensu
1893 1078 2084 1132 dicatur
2110 1078 2345 1144 quidquid
2373 1092 2470 1131 non
2502 1084 2576 1131 est
2607 1078 2952 1146 voluntarium,
2983 1080 3181 1148 proprie

712 1175 871 1223 tamen
913 1170 975 1221 de
1011 1182 1071 1221 00
1111 1170 1326 1229 effertur,
1366 1179 1475 1229 erga
1525 1166 1657 1230 quod
1715 1166 1943 1218 voluntas
1995 1161 2234 1216 contrarie
2274 1177 2327 1215 se
2365 1164 2528 1215 habet.
2568 1164 2710 1229 Quod
2764 1162 2807 1216 si
2844 1166 3075 1218 voluntas
3112 1166 3177 1219 ad

716 1252 900 1318 aliquid
940 1267 993 1305 se
1031 1253 1208 1305 habeat
1245 1248 1487 1315 negative,
1513 1251 1635 1302 adeo
1665 1247 1864 1302 utillud
1892 1246 2154 1300 efficaciter
2195 1262 2282 1299 nec
2309 1254 2626 1313 prosequatur
2665 1261 2752 1300 nec
2791 1249 3098 1311 adversetur,
3127 1248 3178 1302 id

718 1351 882 1402 neque
919 1334 1251 1390 voluntarium
1289 1332 1489 1401 proprie
1524 1340 1600 1386 est
1640 1347 1796 1398 neque
1849 1330 2243 1394 involuntarium,
2283 1333 2369 1384 sed
2416 1330 2590 1384 melius
2643 1330 2824 1384 dicitur
2862 1347 2959 1385 11οΝ
2999 1348 3181 1386 11011111-

720 1435 928 1474 111111111.
953 1421 1092 1476 Conr.
1117 1434 1158 1473 s.
1180 1421 1417 1472 ‘rhomam
1446 1416 1511 1472 de
1536 1416 1699 1481 Malo,
1730 1432 1777 1482 q.
1805 1418 1854 1470 3.
1880 1431 1924 1469 a.
1953 1419 2000 1469 8.

801 1535 931 1609 33.
968 1537 1164 1602 Plana
1200 1537 1295 1601 est
1326 1535 1607 1601 doctrina
1641 1533 1804 1617 apud
1853 1553 1900 1597 S.
1935 1534 2260 1609 Thomam,
2296 1534 2405 1616 qui
2434 1534 2690 1615 loquens
2725 1534 2797 1598 de
2828 1535 3184 1619 ignorantia

718 1641 807 1706 sic
837 1640 1084 1705 disserit
1113 1640 1155 1703 l.
1184 1659 1258 1703 c.:
1293 1664 1327 1697 «
1352 1637 1649 1718 Quamvis
1683 1655 1920 1719 semper
1951 1635 2304 1719 ignorantia
2337 1638 2550 1699 causet
2582 1656 2702 1700 non
2735 1637 3180 1715 voluntarium,

719 1763 844 1807 non
890 1746 1099 1807 tamen
1147 1761 1388 1824 semper
1432 1740 1652 1805 causat
1699 1738 2209 1803 involuntarium.
2243 1738 2384 1803 Non
2430 1739 2853 1803 voluntarium
2902 1739 3065 1803 enim
3099 1739 3186 1802 di-

720 1844 884 1907 citur
930 1863 1036 1926 per
1080 1843 1281 1908 solam
1326 1842 1733 1906 remotionem
1783 1842 1957 1904 actus
2007 1840 2385 1904 voluntatis:
2421 1841 2524 1905 sed
2570 1841 3062 1907 involuntarium
3100 1842 3188 1905 di-

728 1946 892 2009 citur
939 1964 1045 2026 per
1092 1946 1225 2021 hoc,
1276 1943 1441 2025 quod
1489 1943 1781 2007 voluntas
1829 1943 2247 2007 contrariatur
2293 1943 2368 2019 ei,
2418 1943 2584 2024 quod
2629 1943 2720 2018 fit,
2769 1942 2929 2008 unde
2978 1943 3056 2008 ad
3100 1945 3189 2008 in-

722 2046 1150 2111 voluntarium
1197 2045 1478 2126 sequitur
1539 2044 1820 2121 tristitia,
1870 2062 2028 2125 quae
2076 2046 2284 2108 tamen
2332 2063 2452 2109 non
2507 2046 2905 2128 consequitur
2950 2065 3189 2129 semper

723 2149 800 2213 ad
847 2168 970 2213 non
1002 2148 1447 2213 voluntarium.
1476 2144 1801 2230 Contingit
1833 2148 1996 2211 enim
2029 2146 2415 2229 quandoque,
2443 2147 2608 2230 quod
2641 2148 2866 2230 aliquis
2899 2148 3188 2214 accedens

723 2252 801 2316 ad
834 2270 955 2316 non
989 2271 1186 2328 suam,
1222 2269 1411 2333 quam
1458 2248 1650 2314 credit
1696 2268 1877 2313 suam
1909 2268 2058 2323 esse,
2108 2250 2393 2330 quamvis
2425 2269 2547 2314 non
2594 2251 2746 2315 velit
2778 2252 2923 2315 actu
2955 2250 3034 2315 ad
3065 2270 3188 2316 11011

727 2374 908 2420 suam
954 2355 1255 2431 accedere,
1306 2354 1452 2436 quia
1499 2353 1694 2417 nescit
1741 2371 1879 2416 eam
1927 2371 2056 2416 esse
2104 2371 2224 2415 non
2274 2371 2485 2428 suam3
2536 2354 2746 2417 tamen
2792 2354 2932 2416 vult
2968 2353 3190 2417 habitu

728 2460 792 2522 et
838 2458 1028 2523 vellet
1089 2459 1235 2521 actu
1283 2456 1337 2521 si
1383 2455 1607 2519 sciret:
1657 2454 1818 2519 unde
1865 2473 2007 2518 cum
2069 2456 2282 2536 postea
2332 2453 2589 2536 percipit
2650 2473 2785 2518 eam
2831 2473 2953 2519 non
2999 2454 3191 2520 fuisse

733 2579 932 2639 suam,
981 2578 1105 2624 non
1159 2558 1471 2634 tristatur,
1523 2556 1628 2622 sed
1674 2555 1926 2641 gaudet,
1977 2556 2095 2619 nisi
2141 2555 2479 2621 mutaverit
2526 2556 2915 2622 voluntatem
2943 2583 3005 2622 ».

816 2662 1113 2746 Exempla
1160 2661 1345 2724 huius
1392 2679 1513 2725 non
1546 2659 1886 2723 voluntarii
1917 2660 2150 2741 passim
2197 2659 2377 2723 obvia
2425 2660 2591 2722 sunt.
2627 2658 2725 2723 Sic
2772 2659 2879 2740 qui
2924 2662 3089 2724 errat
3126 2660 3190 2724 in

729 2762 1049 2827 afferendis
1073 2762 1346 2827 numeris
1377 2780 1487 2844 pro
1519 2761 1668 2824 ludo
1702 2760 2003 2824 aleatorio
2036 2763 2098 2825 et
2131 2761 2385 2825 errando
2413 2761 2630 2825 vincit:
2659 2761 2746 2826 sic
2770 2762 2878 2844 qui
2903 2763 3191 2826 aberrans

728 2882 765 2928 a
812 2864 913 2928 via
960 2865 1123 2928 vitat
1165 2864 1440 2928 latrones
1487 2865 1602 2927 etc.

830 3004 959 3057 Χ111.
988 3001 1117 3069 Quid
1156 3001 1252 3055 dici
1291 3003 1468 3054 debeat
1509 3014 1914 3054 lNVOLUNTAthJu
1952 3015 2258 3054 srmucnnn
2283 3015 2378 3053 Aur
2403 3015 2663 3054 sncuxnuu
2689 3015 2821 3062 Quin,
2845 3014 2910 3054 ex
2932 2999 2995 3055 iis
3034 3003 3176 3057 doeu·

730 3093 906 3150 matur,
932 3100 1058 3154 quae
1098 3090 1225 3153 (sup.
1256 3101 1302 3140 11.
1333 3086 1438 3150 17.)
1475 3087 1536 3138 de
1572 3083 1812 3137 eiusmodi
1850 3082 2158 3138 distinctione
2191 3083 2453 3138 voluntarii
2489 3083 2717 3137 diximus.

830 3174 954 3226 Sunt
989 3179 1167 3236 tamen,
1198 3170 1280 3237 qui
1305 3168 1689 3224 involuntarium
1717 3167 2003 3235 simpliciter
2029 3168 2077 3221 id
2102 3170 2363 3235 appellant,
2388 3184 2414 3220 a
2442 3184 2541 3234 quo
2564 3167 2630 3222 ita
2658 3173 2886 3223 voluntas
2926 3172 3178 3238 abhorret,

728 3264 782 3312 ut
819 3271 1023 3325 prorsus
1049 3265 1098 3311 et
1122 3255 1430 3323 quantumin
1456 3268 1510 3308 se
1536 3260 1625 3316 est,
1655 3252 1919 3306 efficaciter
1943 3252 2065 3307 illud
2092 3254 2314 3320 repellat.
2341 3256 2528 3307 Verum
2555 3256 2648 3307 1100
2673 3253 2754 3307 aiii
2793 3254 2969 3309 melius
2996 3262 3175 3309 vocant

728 3357 1045 3407 amfractum
1085 3355 1436 3395 rurnnrncruzu
1474 3353 1595 3393 vero
1631 3337 2014 3392 involuntarium
2049 3337 2230 3401 dicunt,
2269 3337 2312 3391 si
2349 3353 2445 3392 non
2494 3345 2719 3406 prompte
2757 3352 2813 3393 ac
2852 3346 2958 3394 toto
3001 3342 3181 3395 affectu

723 3427 846 3480 illud
886 3427 1114 3480 voluntas
1150 3425 1355 3479 reiiciat.

829 3525 958 3599 34.
1007 3527 1374 3607 Perfectum
1420 3527 1615 3609 (quod
1662 3529 1772 3592 alji
1818 3528 2211 3611 appellarunt
2255 3527 2622 3607 sinmliciter
2672 3528 3195 3615 involuntarium)

726 3630 886 3695 illud
933 3632 1047 3707 est,
1082 3629 1247 3712 quod
1293 3629 1385 3694 ita
1433 3630 1746 3695 voluntati
1793 3631 2165 3696 deliberatae
2212 3629 2513 3712 displicet,
2562 3631 2635 3694 ut
2679 3631 2854 3695 nullo
2901 3633 3085 3714 pacto
3133 3632 3197 3698 id

740 3733 911 3810 velit,
946 3732 1051 3797 sed
1097 3734 1236 3798 toto
1285 3733 1341 3797 ei
1387 3735 1614 3798 conatu
1647 3732 1898 3797 resistat
1944 3735 2007 3796 et
2055 3735 2359 3813 quantum
2403 3731 2469 3796 in
2514 3751 2579 3796 se
2624 3735 2738 3808 est,
2772 3732 3104 3800 efficaciter
3135 3737 3200 3800 et

736 3840 912 3905 nullo
959 3839 1075 3903 sub
1105 3841 1386 3922 respectu
1434 3839 1776 3904 consentire
1808 3839 1865 3904 ei
1910 3839 2062 3902 velit
2110 3841 2171 3902 et
2218 3838 2291 3902 de
2320 3839 2486 3903 facto
2532 3858 2655 3905 non
2702 3841 3071 3906 consentiat.
3099 3841 3200 3906 Sic

733 3965 791 4009 v.
826 3965 919 4029 gr.
969 3942 1167 4007 fidelis
1214 3942 1500 4007 subditus
1547 3942 1830 4007 exhorret
1877 3940 1955 4005 ad
2001 3942 2185 4006 verba
2233 3942 2632 4024 provocantia
2678 3962 2821 4009 eum
2866 3943 2946 4008 ad
3005 3945 3201 4010 rebel·

738 4047 984 4112 lionem.
1035 4043 1473 4124 Imperfectum
1518 4063 1681 4120 vero,
1716 4044 1818 4107 cui
1865 4043 2156 4108 voluntas
2201 4063 2322 4109 non
2369 4047 2506 4109 toto
2554 4063 2678 4127 quo
2724 4047 2923 4129 possit
2966 4050 3203 4114 conatu

738 4149 1101 4224 reluctatur,
1149 4166 1274 4212 non
1323 4151 1624 4231 prompte,
1675 4165 1797 4212 non
1858 4145 2189 4212 efficaciter
2234 4148 2387 4212 satis
2435 4148 2787 4231 opponitur,
2835 4149 2941 4214 sed
2986 4152 3202 4233 potius

813 4398 875 4448 (0)
907 4395 960 4439 si
987 4395 1187 4439 omissio
1206 4398 1283 4440 est
1312 4393 1622 4444 voluntaria,
1643 4393 1792 4437 homo
1820 4396 1901 4438 vel
1924 4394 2036 4438 vult
2068 4408 2168 4440 non
2187 4396 2365 4448 facere,
2388 4397 2471 4441 vel
2498 4409 2601 4441 non
2630 4397 2744 4441 vult
2773 4398 2961 4441 faceret
2989 4399 3032 4441 01
3053 4400 3201 4454 prius

733 4464 887 4508 habes
914 4466 1086 4509 actum
1114 4462 1411 4518 positivum:
1442 4461 1486 4505 si
1514 4461 1753 4516 alterum,
1782 4462 1950 4517 ipsum
1979 4462 2114 4507 110110
2148 4467 2292 4507 actus
2322 4467 2398 4508 ent
2424 4465 2691 4519 positivus,
2724 4476 2824 4520 quo
2859 4476 2910 4508 00
2948 4465 3200 4512 volunta·

735 4531 800 4574 nd
822 4543 982 4574 unum
1000 4528 1451 4574 contradictorium
1470 4528 1795 4572 determinat.
1819 4530 1886 4573 Et
1904 4543 2023 4574 00110
2044 4532 2280 4575 voluntas
2300 4532 2355 4575 in
2375 4535 2494 4576 actu
2513 4533 2678 4588 primo
2697 4534 2977 4577 constituta
2995 4546 3202 4580 11000ωο

730 4601 809 4644 est
837 4601 896 4641 ut
923 4600 1050 4653 aqat,
1079 4596 1236 4642 libere
1262 4595 1470 4650 quidem
1499 4595 1671 4640 volem
1698 4599 1793 4641 aut
1820 4597 2013 4648 11010110,
2043 4598 2210 4642 volens
2240 4598 2333 4642 hoo
2359 4602 2452 4643 0111
2480 4598 2630 4643 illud.
2659 4600 2716 4643 E.
