3529 5158
814 363 1301 406 PROPOSITIONUM
1342 367 1795 407 DAMNATARUM.
1842 367 1917 404 AB
1959 366 2134 405 ALssx.
2178 366 2304 404 vul.
2652 365 2836 404 xxxlx

388 461 677 522 secundo
724 462 886 538 quia
930 480 1062 523 non
1111 470 1216 525 est
1261 466 1427 525 adeo
1474 465 1768 538 humilis,
1818 465 2018 525 tertio
2067 465 2225 539 quia
2269 482 2402 523 non
2437 464 2601 523 adeo
2648 468 2839 524 curat

389 552 719 626 propriam
760 553 1065 631 salutem,
1100 560 1342 629 quarto
1389 554 1551 630 quia
1582 558 1787 630 caput
1824 554 2142 614 refertum
2181 555 2380 614 habet
2411 554 2837 628 phantasma·

387 640 588 717 tibus,
629 641 997 717 speciebus,
1048 644 1475 718 opinionibus
1524 649 1594 703 et
1625 644 2199 718 speculationibus
2232 648 2300 702 et
2331 661 2461 703 non
2498 646 2721 717 potest
2766 642 2834 702 in

387 729 575 788 illum
610 729 872 806 ingredi
906 747 1137 791 verum
1170 734 1415 792 lumen.

475 822 577 878 65.
637 820 1049 894 Praepositis
1080 822 1526 882 obediendum
1574 826 1677 882 est
1725 823 1796 881 in
1846 822 2194 897 exteriore,
2245 826 2314 880 et
2360 820 2647 881 latitudo
2694 823 2836 882 voti

387 907 808 968 obedientiae
852 909 1311 983 religiosorum
1368 912 1833 971 tantummodo
1882 912 1966 971 ad
2015 912 2310 970 exterius
2357 911 2703 985 pertingit.
2757 912 2837 970 In

385 996 700 1057 interiore
755 1015 914 1058 vero
967 999 1165 1058 aliter
1216 1018 1287 1059 se
1343 1017 1448 1060 res
1503 1002 1723 1077 babet,
1784 1017 1918 1075 quo
1973 1002 2154 1059 solus
2203 1001 2387 1059 Deus
2434 1006 2502 1059 et
2549 1000 2838 1061 director

386 1086 660 1146 intrant.

473 1177 575 1233 66.
606 1176 771 1235 Risu
797 1177 1006 1253 (ligna
1027 1184 1130 1238 est
1155 1195 1330 1237 nova
1354 1180 1683 1253 quaedam
1707 1178 2014 1238 doctrina
2048 1179 2115 1236 in
2150 1177 2449 1237 Ecclesia
2481 1179 2627 1257 Dei,
2653 1178 2834 1254 quod

382 1263 605 1322 anima
649 1266 870 1339 quoad
919 1266 1251 1326 internum
1311 1269 1670 1343 gubernari
1719 1269 1962 1328 debeat
2007 1268 2092 1327 ab
2139 1267 2498 1342 Episcopo:
2549 1267 2730 1342 quod
2776 1268 2833 1327 si

386 1352 753 1429 Episcopus
801 1372 934 1415 non
983 1356 1074 1416 sit
1118 1374 1346 1432 capax,
1381 1357 1605 1417 anima
1643 1357 1864 1432 ipsum
1897 1374 2044 1417 cum
2086 1372 2207 1416 suo
2240 1356 2568 1416 directore
2615 1358 2830 1417 adeat.

384 1442 637 1501 Novam
668 1443 820 1503 dico
843 1444 1244 1523 doctrinam,
1280 1447 1439 1520 quia
1472 1464 1594 1506 nec
1626 1464 1814 1507 sacra
1847 1447 2195 1521 Scriptura
2227 1463 2345 1505 nec
2380 1446 2680 1505 Concilia
2709 1462 2833 1505 nec

381 1546 662 1592 canones
695 1549 817 1592 nec
849 1534 1072 1593 bullae
1108 1551 1231 1594 nec
1277 1536 1491 1595 sancti
1528 1552 1651 1595 nec
1682 1540 1989 1596 auctores
2026 1553 2167 1595 eam
2204 1552 2502 1610 unquam
2541 1535 2833 1595 tradide-

381 1626 537 1680 runt
569 1638 691 1682 nec
737 1623 1000 1682 tradere
1045 1629 1353 1699 possunt3
1392 1625 1551 1700 quia
1585 1626 1884 1685 Ecclesia
1931 1642 2060 1684 non
2102 1625 2354 1683 iudicat
2402 1624 2484 1683 (le
2532 1625 2828 1700 occultis,

380 1714 447 1767 et
475 1710 701 1770 anima
731 1711 837 1769 ius
868 1712 1073 1772 habet
1103 1713 1397 1789 eligendi
1432 1731 1920 1788 quemcumque
1954 1714 2082 1771 sibi
2117 1714 2285 1771 bene
2321 1713 2561 1771 visum.

468 1800 571 1858 67.
601 1799 839 1860 Dicere
865 1802 1044 1875 quod
1078 1801 1415 1861 internum
1442 1803 2007 1862 manifestandum
2034 1808 2138 1861 est
2159 1800 2472 1860 exteriori
2507 1801 2829 1861 tribunali

380 1889 903 1962 praepositorum
943 1896 1013 1949 et
1045 1892 1222 1966 quod
1258 1898 1603 1966 peccatum
1645 1892 1736 1951 sit
1772 1891 1839 1950 id
1883 1909 2014 1951 non
2066 1892 2299 1968 facere,
2340 1895 2445 1950 est
2475 1890 2832 1950 manifesta

378 1976 706 2054 deceptio;
758 1979 919 2053 quia
964 1980 1267 2040 Ecclesia
1313 1998 1446 2040 non
1495 1980 1748 2040 iudicat
1796 1982 1879 2039 de
1917 1979 2198 2039 occultis
2245 1985 2315 2039 et
2360 1979 2651 2054 propriis
2686 1980 2830 2038 ani—

378 2066 611 2126 mabus
643 2068 1110 2141 praeiudicant
1148 2070 1253 2127 his
1285 2070 1796 2145 deceptionibus
1828 2076 1898 2129 et
1929 2069 2492 2129 simulationibus.

468 2157 571 2215 68.
608 2157 686 2215 Ι11
717 2158 965 2217 mundo
990 2175 1122 2217 non
1157 2165 1263 2218 est
1286 2159 1571 2219 facultas
1606 2176 1729 2219 nec
1764 2158 2141 2218 iurisdictio
2166 2158 2250 2216 ad
2284 2158 2827 2234 praecipiendum

374 2248 454 2302 ut
498 2246 1015 2307 manifestentur
1060 2249 1384 2322 epistolae
1431 2249 1782 2309 directoris
1830 2249 2049 2322 quoad
2082 2248 2417 2305 internum
2455 2249 2716 2307 animae
2761 2251 2831 2307 et

373 2331 523 2393 ideo
554 2350 723 2410 opus
755 2340 861 2396 est
890 2336 1442 2413 animadvertere,
1472 2339 1647 2411 quod
1691 2338 1818 2397 hoc
1849 2341 1955 2396 est
1987 2337 2280 2395 insultus
2313 2343 2589 2396 satanae
2612 2343 2735 2396 etc.

470 2423 828 2483 Damnatae
850 2430 1169 2500 tanquam
1196 2428 1591 2501 haereticae,
1622 2432 1992 2501 suspectae,
2022 2441 2355 2499 erroneae,
2377 2426 2824 2502 scandalosae,

372 2513 814 2590 blasp’hemae,
844 2515 1103 2590 piarum
1130 2516 1393 2574 aurium
1427 2516 1811 2592 offensivae,
1847 2515 2260 2594 temerariae,
2297 2515 2702 2574 christianae
2726 2514 2826 2572 ‹li-

372 2602 693 2677 sciplinae
730 2605 1140 2665 relaxativae
1171 2611 1241 2664 et
1270 2607 1614 2665 eversivae
1647 2610 1717 2664 et
1748 2605 2104 2664 seditiosae
2141 2605 2530 2680 respective.

1397 2804 1455 2862 N
1466 2804 1617 2864 UM.
1666 2803 1791 2862 XI.

378 2945 844 3023 Repositiones
869 2952 928 3007 2.
956 2949 1297 3007 damnatae
1321 2948 1398 3006 ab
1430 2949 1806 3007 Alexandro
1841 2946 2043 3006 VIII.
2071 2949 2311 3007 decreto
2345 2947 2822 3009 Sanctis-simus

548 3037 880 3096 Dominus
918 3043 1148 3097 noster
1180 3044 1289 3096 ete.
1325 3041 1409 3096 24
1448 3039 1614 3114 Any.
1646 3040 1833 3097 1690.

455 3239 515 3293 1.
544 3235 821 3294 Bonitas
842 3235 1173 3294 obiectiva
1198 3234 1507 3294 consistit
1537 3235 1600 3292 in
1630 3233 2104 3292 convenientia
2127 3233 2367 3290 obiecti
2404 3250 2548 3290 cum
2579 3238 2821 3292 natura

367 3324 709 3383 rationali:
745 3323 1042 3384 formalis
1074 3341 1235 3384 vero
1268 3325 1335 3382 in
1371 3323 1840 3383 conformitate
1874 3326 2062 3378 aetus
2097 3337 2243 3378 cum
2274 3321 2509 3392 regula
2543 3338 2815 3380 morum.

374 3413 481 3472 Ad
514 3414 637 3472 hoc
674 3415 938 3490 sufficit,
978 3420 1057 3473 ut
1103 3418 1294 3473 actus
1344 3413 1612 3471 moralis
1644 3411 1882 3470 tendat
1933 3410 2000 3468 in
2034 3409 2234 3469 finem
2272 3410 2583 3470 ultimum
2617 3411 2818 3470 inter·

362 3503 721 3577 pretative:
758 3516 961 3563 HUNO
988 3516 1197 3562 nomo
1222 3516 1371 3562 NON
1396 3514 1743 3562 TENE'PUR
1772 3512 2030 3559 AMARE
2055 3511 2305 3570 NEQUE
2333 3513 2408 3558 ῐΝ
2435 3512 2814 3560 PiuNou‘lo

371 3603 615 3662 NEQUE
649 3605 729 3650 IN
761 3605 1107 3652 DECURSU
1131 3605 1357 3654 VITAE
1392 3604 1582 3651 SUAE
1613 3603 2009 3650 MORTALIS.

456 3680 806 3740 Declarata
838 3687 896 3739 ct
929 3682 1235 3740 danmata
1266 3681 1366 3741 uti
1406 3681 1758 3740 haeret-ica.

452 3773 510 3828 2.
545 3770 907 3830 Peccatum
932 3770 1484 3848 philosophicum,
1514 3787 1632 3830 seu
1664 3770 1932 3844 morale,
1962 3773 2063 3828 est
2095 3773 2286 3828 aetus
2317 3769 2648 3828 humanus
2681 3767 2814 3828 dis-

368 3859 774 3919 conveniens
812 3867 1102 3921 ·naturae
1134 3861 1446 3919 rationali
1493 3865 1565 3919 et
1610 3863 1833 3918 rectae
1866 3859 2140 3917 rationi:
2177 3857 2621 3932 theologicum
2661 3875 2817 3917 vero

366 3954 433 4007 et
476 3950 756 4009 mortale
803 3953 908 4009 est
953 3950 1394 4025 transgressio
1442 3950 1650 4009 libera
1699 3949 1969 4007 divinae
2011 3949 2196 4023 legis.
2251 3946 2810 4025 Philosopliicum‚

368 4039 798 4110 quantumvis
839 4055 1064 4114 grave,
1099 4038 1169 4097 in
1202 4039 1319 4098 illo
1361 4039 1473 4113 qui
1526 4040 1741 4098 Deum
1777 4038 1887 4097 vel
1925 4037 2192 4108 ignorat
2223 4036 2328 4094 vel
2366 4034 2447 4093 de
2485 4037 2628 4094 Deo
2659 4040 2812 4095 actu

368 4143 495 4184 non
528 4128 801 4205 cogitat,
851 4133 956 4187 est
988 4144 1193 4203 grave
1240 4133 1607 4204 peccatum,
1649 4127 1763 4186 sed
1815 4145 1946 4185 non
1984 4131 2087 4185 est
2131 4126 2384 4185 offensa
2427 4124 2549 4183 Dei
2601 4141 2818 4201 neque

367 4219 704 4289 peccatum
740 4219 1040 4294 mortale,
1075 4217 1451 4276 dissolvens
1490 4217 1849 4275 amicit-iam
1891 4216 2012 4274 Dei
2050 4231 2264 4289 neque
2300 4219 2570 4273 aeterna
2603 4231 2818 4288 poena

368 4304 658 4380 dignum.

456 4393 805 4453 Dec-laram
843 4399 902 4452 et
934 4394 1236 4453 damnata
1273 4395 1371 4453 uti
1407 4394 1816 4472 scandalosa,
1853 4394 2223 4466 temeraria,
2259 4392 2517 4467 piarum
2552 4393 2811 4453 aurium

367 4482 683 4543 offensiva
714 4488 787 4543 et
824 4499 1117 4543 erronea.
1159 4482 1353 4543 Illam
1405 4485 1726 4560 cffinoeerat
1764 4500 1888 4558 pro
1938 4501 2049 4541 suo
2095 4482 2269 4540 libito
2305 4484 2636 4540 Awmaldus
2683 4481 2814 4538 sicis

370 4571 746 4632 adversariis
778 4573 1161 4632 calumniose
1192 4573 1265 4632 de
1299 4590 1468 4630 oreore
1506 4572 1902 4631 attributam.
