3529 5158
328 360 468 435 [164]
836 374 1235 416 conseram-m
1273 371 1463 413 nunu
1502 368 1938 411 SPECULATIVE.
1977 364 2275 406 Pnac'rrcm
2686 352 2790 406 159

327 473 409 538 sit
441 471 769 555 suspensio
801 470 1033 544 iudicii,
1068 470 1132 534 in
1171 469 1358 533 dubio
1391 468 1566 531 nulla
1611 466 1808 549 igitur
1840 466 1934 528 651
1965 461 2358 527 conscientia.
2393 462 2491 525 Ita
2524 462 2789 544 philoso-

330 575 473 658 phia
511 573 838 638 recentior.

410 675 796 759 Responderi
832 676 931 739 his
962 677 1169 758 potest
1207 674 1272 737 1ο
1298 671 1471 737 Sicut
1496 670 1826 746 certitud0‚
1859 670 1952 734 ita
1977 669 2166 734 etiam
2200 668 2458 731 dubium
2483 687 2589 751 per
2620 668 2790 750 prius

321 779 441 844 dici
471 779 545 844 de
584 780 813 853 mente,
848 796 977 854 sen,
1010 778 1084 841 ut
1122 777 1310 841 habet
1342 795 1391 839 s.
1426 775 1647 839 Thom.
1674 772 1748 837 de
1792 772 1981 838 Ver-it.
2008 792 2068 853 q.
2100 771 2200 836 14.
2229 774 2346 835 art.
2379 772 2458 846 1.,
2486 769 2560 833 de
2593 768 2793 848 dispo-

320 882 546 945 sitione
576 881 783 944 animi
800 901 820 955 ,-
859 899 967 963 per
999 879 1306 963 posterius
1346 879 1558 942 autem
1595 876 1668 941 de
1713 875 1962 950 iudiciO,
2001 875 2129 938 imo
2178 876 2239 939 et
2286 874 2360 937 de
2407 892 2471 938 re
2516 872 2790 937 iudicata

322 987 384 1050 et
428 984 505 1048 de
552 982 902 1047 rationibus
949 982 1077 1046 sive
1117 980 1502 1065 argumentis
1534 983 1651 1044 616.
1691 977 1949 1058 Quando
1997 980 2208 1042 autem
2256 976 2576 1059 quidpiam
2613 994 2790 1059 prae-

321 1087 568 1151 dicatur
614 1085 688 1149 de
736 1086 858 1150 alio
894 1105 1017 1164 ‚per
1051 1084 1389 1163 posterius,
1423 1082 1669 1147 nonnisi
1700 1082 1905 1164 inepte
1938 1081 2260 1162 quaeritur
2293 1079 2647 1144 omnimoda
2678 1078 2788 1142 1116

321 1188 691 1273 proprietas,
718 1206 876 1269 (11166
900 1186 1272 1270 supponitur
1296 1186 1361 1249 in
1392 1184 1847 1268 praedicatione
1859 1204 1980 1262 per
1999 1184 2206 1262 prins.
2242 1182 2340 1245 Ita
2379 1200 2557 1245 nemo
2583 1182 2785 1263 putat,

324 1290 661 1374 improprie
707 1289 829 1354 dici
872 1288 1108 1369 factum
1135 1289 1411 1362 dubium,
1446 1308 1587 1352 cum
1633 1290 1844 1351 tamen
1894 1286 2100 1351 omnia
2147 1286 2313 1350 facta
2361 1288 2474 1350 aut
2504 1286 2630 1349 sint
2678 1287 2790 1349 aut

321 1411 443 1456 non
475 1392 605 1456 sint
643 1393 706 1455 et
744 1392 938 1456 stulte
971 1391 1109 1473 quis
1149 1391 1459 1467 obiiceret,
1492 1389 1729 1469 factum
1776 1389 2034 1452 dubium
2080 1407 2210 1453 &sse
2245 1388 2480 1467 factu-m
2527 1408 2652 1451 non
2698 1386 2791 1465 fa-

322 1498 505 1558 ctum.
548 1495 648 1557 Ita
686 1493 948 1557 dicimus
981 1493 1289 1557 dictamen
1336 1492 1611 1565 dubium,
1652 1492 1908 1554 dubiam
1938 1493 2327 1554 sententiam.

505 1598 577 1659 2⁰
610 1596 886 1659 Dubium
918 1595 1165 1679 perinde
1203 1598 1299 1659 est
1335 1598 1523 1676 atque
1556 1595 1860 1658 incertum
1892 1613 2000 1658 seu
2038 1594 2373 1669 1166511605,
2407 1593 2567 1657 1111116
2601 1596 2662 1657 61
2693 1613 2792 1657 su—

324 1718 620 1778 spensum
656 1697 903 1762 dicitur.
939 1698 1132 1780 Atqui
1178 1716 1474 1761 assensus
1518 1716 1856 1776 suspensus
1893 1695 2312 1778 propriissime
2350 1694 2595 1771 dicitur,
2632 1695 2794 1760 sicut

324 1800 569 1884 proprie
607 1798 838 1863 dicitur
878 1799 1069 1863 etiam
1100 1819 1436 1863 consensus
1472 1803 1755 1880 negatus.

506 1904 578 1965 3⁰
612 1901 891 1982 Denique
928 1901 1157 1966 falsum
1193 1903 1308 1980 est,
1348 1902 1591 1966 nullum
1629 1901 1842 1966 haberi
1878 1901 2196 1965 iudicium.
2237 1900 2340 1963 Fit
2378 1900 2542 1964 enim
2577 1899 2642 1962 in
2680 1899 2795 1962 hoc

325 2024 473 2070 casu
511 2022 639 2069 non
676 2022 851 2068 secus
890 2023 961 2068 66
1008 2005 1252 2085 quando
1292 2004 1473 2069 iudex
1505 2004 1623 2068 fert
1663 2003 2053 2078 sententiam,
2094 2022 2252 2084 quae
2298 2002 2548 2084 utrique
2585 2001 2796 2066 adver-

325 2109 488 2173 sario
542 2126 676 2172 rem
713 2125 892 2171 suam
926 2106 1261 2172 adiudicat.
1295 2108 1377 2171 Et
1414 2106 1637 2190 duplex
1673 2107 1877 2189 reipsa
1924 2106 2249 2171 intercedit
2294 2105 2611 2181 iudicium,
2652 2124 2794 2169 cum

327 2211 589 2275 dubium
612 2211 708 2275 est
732 2209 1093 2292 positivum,
1119 2228 1243 2292 quo
1268 2229 1381 2273 sua
1413 2210 1507 2273 vis
1531 2209 1880 2273 rationibus
1906 2209 2229 2289 utriusque
2256 2207 2574 2290 oppositae
2597 2207 2794 2290 partis

327 2313 650 2377 tribuitur.
686 2310 872 2376 Secus
903 2311 1285 2395 impossibile
1315 2312 1476 2376 foret
1505 2332 1636 2376 rem
1673 2312 1928 2375 dubiam
1960 2309 2218 2376 decerni.
2253 2310 2513 2393 Insuper
2546 2309 2796 2373 additur

327 2415 632 2480 iudicium
679 2434 790 2479 seu
834 2415 970 2497 ipsa
1017 2415 1342 2489 sententia,
1393 2434 1517 2497 (1116
1563 2415 1928 2493 decernitur,
1979 2433 2109 2478 rem
2156 2432 2285 2477 esse
2332 2413 2586 2477 dubiam
2633 2414 2696 2476 et
2731 2412 2794 2476 in

278 2525 283 2531 ’
330 2517 517 2582 dubio
550 2516 845 2602 negativo
876 2516 940 2581 id
977 2517 1182 2582 solum
1212 2516 1286 2581 fit
1317 2519 1505 2600 atque
1538 2517 1653 2582 hoc
1683 2536 1898 2582 rursus
1929 2516 2321 2582 verissimum
2352 2517 2447 2579 est
2477 2515 2794 2579 iudicium.

331 2621 611 2686 Dubium
659 2620 825 2684 enim
871 2639 995 2684 non
1041 2621 1247 2684 solum
1294 2621 1389 2684 est
1434 2621 1752 2703 suspensio
1817 2639 2121 2694 6556115115,
2172 2618 2277 2683 5611
2330 2621 2425 2683 651
2478 2619 2796 2702 suspensio

331 2725 581 2806 propter
623 2725 1007 2806 perspectam
1043 2723 1361 2786 rationum
1398 2723 1900 2787 insufficientiam
1949 2723 2026 2786 ad
2065 2722 2437 2786 sententiam
2483 2741 2594 2805 pro
2642 2723 2800 2787 alte·

331 2828 507 2889 rutra
554 2826 733 2909 parte
781 2824 1095 2888 ferendam
1129 2844 1201 2889 ac
1232 2823 1484 2908 proinde
1533 2824 1704 2889 addit
1749 2825 2050 2889 iudicium
2096 2824 2169 2889 de
2217 2825 2331 2888 hac
2375 2825 2511 2909 ipsa
2558 2825 2799 2890 insuffi-

331 2930 577 3006 cientia,
614 2930 804 3010 atque
842 2927 999 2991 adeo
1033 2927 1105 2992 de
1137 2927 1225 2991 rei
1256 2946 1500 3009 quoque
1538 2927 1972 2991 incertitudine
2011 2947 2119 2991 seu
2154 2928 2552 2993 obscuritate.

416 3031 586 3115 Ergo
619 3031 684 3093 1⁰
708 3029 927 3093 inscite
952 3030 1254 3093 Doctores
1279 3032 1649 3094 accusantur
1673 3030 2007 3095 locutionis
2030 3030 2432 3112 impropriae:
2462 3032 2530 3093 2⁰
2555 3031 2801 3094 etiamsi

334 3132 570 3215 aliquid
600 3131 844 3196 adesset
891 3132 1401 3214 improprietatiS,
1435 3132 1708 3214 profecto
1756 3133 1818 3194 in
1867 3131 2031 3194 hisce
2069 3131 2319 3212 ineptiis
2359 3129 2646 3192 notandis
2678 3149 2804 3193 non

332 3234 558 3300 residet
596 3233 911 3317 profectus
942 3235 1006 3297 in
1041 3234 1300 3299 scientia
1339 3253 1447 3298 seu
1479 3232 1907 3316 philosophica
1944 3250 2054 3295 seu
2084 3231 2456 3313 theologica.

435 3376 568 3428 Vlll.
591 3374 741 3440 Resp.
763 3376 812 3427 2.
833 3374 928 3441 Qui
962 3389 1071 3428 cum
1099 3373 1395 3428 conscientia
1417 3373 1629 3440 practice
1656 3372 1802 3426 dubia
1830 3379 2080 3439 operatur,
2104 3377 2272 3438 peccat
2303 3377 2350 3424 et
2378 3370 2571 3437 quidem
2601 3377 2801 3437 peccato

338 3458 553 3512 eiusdem
583 3458 789 3513 rationis
813 3474 869 3513 ac
908 3459 1104 3526 speciei,
1131 3459 1272 3514 cuius
1297 3466 1373 3513 cst
1412 3465 1679 3526 peccatum,
1709 3461 1770 3512 de
1803 3475 1898 3524 quo
1938 3458 2142 3512 dubitat.
2184 3460 2250 3511 lta
2293 3460 2433 3512 Sanc.
2463 3459 2496 3512 l.
2537 3472 2581 3512 6.
2622 3460 2798 3511 Bonae.

338 3550 373 3598 t.
395 3549 443 3598 2.
464 3547 514 3597 d.
538 3548 588 3596 2.
609 3559 657 3609 q.
680 3544 728 3597 4.
751 3560 796 3611 p.
813 3545 864 3596 7.
895 3543 1037 3597 Ratio
1078 3544 1258 3612 prioris
1285 3551 1376 3607 est,
1404 3551 1506 3597 tum
1532 3544 1642 3610 quia
1670 3544 1713 3596 is
1739 3544 1940 3610 exponit
1980 3560 2032 3598 se
2075 3543 2294 3611 periculo
2333 3543 2535 3610 peccati,
2562 3550 2662 3597 tum
2690 3543 2801 3609 quia

338 3627 481 3699 quod
516 3642 633 3683 non
672 3631 751 3683 est
788 3643 860 3683 ex
895 3628 1014 3699 fide,
1058 3634 1136 3684 est
1188 3633 1490 3700 peccatum,
1529 3628 1655 3682 idest
1701 3632 1831 3695 quod
1871 3645 1966 3683 non
2005 3632 2058 3683 nt
2095 3644 2203 3682 cum
2259 3628 2580 3682 determinato
2619 3628 2803 3682 iudicio

340 3712 666 3766 conscientiae
706 3719 781 3766 cst
837 3712 1075 3767 illicitum.
1119 3716 1264 3780 ldque
1316 3728 1485 3767 verum
1527 3721 1616 3774 est,
1657 3714 1851 3767 etiamsi
1903 3715 2208 3781 speculative
2248 3729 2342 3767 non
2383 3714 2604 3767 dubitet:
2643 3729 2689 3766 v.
2729 3730 2801 3780 gr.

341 3807 502 3852 certus
539 3812 666 3860 sum,
693 3799 919 3852 absolute
958 3799 1146 3854 licitum
1173 3814 1282 3853 6556
1305 3799 1384 3852 dic
1414 3804 1534 3852 sesto
1574 3801 1763 3864 docere,
1798 3800 1969 3853 dubito
2013 3808 2189 3866 tamen,
2215 3815 2275 3852 an
2318 3799 2426 3852 heic
2453 3807 2500 3852 et
2533 3814 2660 3852 nunc
2686 3798 2804 3853 mihi

340 3883 496 3946 liceat,
525 3897 678 3950 pecco
719 3884 958 3937 docendo.
988 3884 1131 3938 Ratio
1176 3883 1466 3951 posterioris
1505 3891 1636 3951 patet
1663 3890 1761 3937 tum
1791 3900 1852 3937 ex
1881 3885 2068 3937 ratione
2095 3884 2249 3950 prima
2289 3885 2416 3946 data,
2447 3890 2545 3936 lum
2573 3899 2633 3937 ex
2663 3885 2808 3938 dictis

343 3969 401 4022 de
437 3967 738 4022 conscientia
776 3981 1007 4036 erronea;
1051 3968 1164 4035 quia
1205 3971 1350 4022 habet
1392 3973 1617 4022 affectum
1656 3970 1716 4021 ad
1756 3976 2005 4036 peccatum
2045 3968 2263 4021 eiusdem
2307 3967 2532 4021 rationis.
2571 3969 2725 4037 Unde,
2766 3970 2807 4022 si

344 4052 552 4119 dubitcS,
590 4067 651 4104 an
690 4051 755 4106 sit
795 4054 1018 4114 mortale,
1045 4067 1219 4119 peccas
1257 4053 1553 4106 mortaliter:
1596 4068 1655 4106 an
1689 4053 1751 4105 sit
1793 4057 1993 4114 furtum,
2020 4051 2282 4106 committis
2311 4055 2492 4104 furtum
2524 4057 2616 4105 etc.
2644 4053 2696 4105 Si
2723 4055 2807 4108 du-

350 4135 485 4197 bites,
514 4136 643 4189 sitne
683 4145 940 4202 peccatum
979 4136 1108 4202 (sive
1135 4139 1356 4200 mortale,
1385 4137 1490 4190 sive
1517 4135 1729 4206 veniale)
1754 4137 1823 4189 ita
1863 4144 1914 4189 ut
1956 4135 2136 4190 malitia
2173 4136 2221 4190 in
2254 4141 2457 4190 confuso
2492 4144 2806 4204 proponatur,

348 4218 458 4272 dicit
490 4222 645 4285 Vasq.
673 4222 715 4271 l.
738 4223 786 4273 2.
807 4222 859 4273 d.
879 4222 999 4273 529.
1027 4237 1067 4273 6.
1093 4224 1142 4274 3.
1165 4228 1214 4274 et
1241 4221 1338 4285 alii,
1367 4237 1474 4274 esse
1522 4224 1742 4284 mortale,
1783 4224 1910 4288 quod
1953 4228 2128 4285 negant
2166 4223 2343 4274 Navar.
2381 4221 2530 4276 Μαη.
2553 4223 2729 4293 prael.
2759 4229 2807 4280 9.

352 4318 391 4356 n,
422 4307 469 4357 9.
496 4306 695 4359 Valent.
723 4302 772 4357 in
808 4306 880 4356 ⁴¹¹¹
905 4309 995 4358 2⁸0
1019 4304 1143 4372 disp.
1173 4309 1222 4358 2.
1250 4321 1296 4372 q.
1320 4306 1402 4359 rt.
1432 4307 1591 4361 tertio
1620 4307 1917 4377 quaeritur
1942 4314 2033 4360 ctc.
2057 4306 2156 4359 vid.
2183 4309 2363 4360 Bonae.
2390 4308 2423 4361 1.
2444 4322 2487 4361 c.
2511 4311 2680 4374 Laym.
2703 4313 2734 4364 l.
2761 4314 2808 4363 l.

357 4390 765 4445 mzmssmffl

439 4499 594 4573 184.
629 4501 932 4588 Synopsis
978 4504 1292 4569 doctrinae
1338 4506 1627 4571 Auctoris
1676 4507 1824 4570 haec
1871 4510 1983 4571 est.
2039 4509 2106 4571 1⁰
2138 4507 2259 4588 Qui
2305 4511 2439 4595 agit
2486 4530 2627 4574 cum
2675 4531 2814 4576 con-

355 4604 603 4670 scientia
658 4604 932 4688 practice
977 4605 1165 4670 dubia
1212 4610 1449 4689 peccat:
1501 4605 1571 4672 2⁰
1616 4611 1830 4692 peccat
1875 4630 1946 4674 ea
2001 4612 2236 4695 peccati
2298 4614 2514 4696 specie,
2565 4614 2639 4678 de
2686 4634 2809 4697 qua
