3529 5158
321 380 460 458 [196]
825 394 1206 437 Annonam-ra
1245 396 1293 436 s.
1334 394 1640 436 Ara-noim
1676 394 1797 436 Pno
1833 393 2284 437 Pnonantmsuo
2683 377 2789 433 2OE

331 521 362 551 «ε
397 493 685 559 omnibus
717 492 859 556 aliis
893 492 1404 575 oppositionibus,
1439 510 1598 573 quae
1620 491 1781 555 fiunt
1805 492 2019 556 contra
2044 489 2373 573 benignam
2398 489 2787 555 sententiam.

330 624 364 655 «ι
397 598 569 660 Duas
599 596 665 659 in
701 595 831 659 Deo
866 596 1112 677 oportet
1142 595 1310 677 leges
1344 596 1624 658 aeternas
1654 593 2055 677 distinguere,
2085 610 2275 656 unam
2308 591 2661 656 absolutam
2686 609 2791 671 per

329 725 362 755 «
395 717 478 773 se,
506 697 774 762 alteram
797 716 905 778 per
929 696 1226 771 accidenS,
1255 698 1328 760 ut
1351 696 1685 781 distinguit
1708 695 2104 760 doctissimus
2129 694 2395 759 Terillns
2414 693 2487 755 de
2512 692 2789 757 Probab.

331 826 362 857 «
395 801 636 881 quaest.
666 800 772 863 28.
805 818 864 862 n.
905 799 1007 862 18.
1034 818 1176 882 pag.
1207 798 1377 867 557..
1405 799 1534 863 sive
1565 818 1754 862 unam
1788 798 2267 871 antecedentem,
2296 798 2558 861 alteram
2590 796 2795 860 subse-

332 928 364 959 «
395 904 707 982 quentem,
747 902 824 964 ut
869 900 978 964 alii
1023 899 1439 985 distinguunt.
1477 900 1604 964 Lex
1638 899 2026 972 antecedens,
2065 899 2194 963 sive
2228 920 2350 978 per
2394 919 2479 972 sc,
2522 897 2795 980 disponit

334 1029 366 1060 α
402 1004 565 1068 circa
601 1022 699 1067 res
730 1002 1204 1085 independenter
1238 1003 1314 1065 ab
1345 1021 1548 1067 errore
1583 1001 1810 1066 mentis
1856 1002 2184 1066 humanae.
2233 1000 2358 1066 Lex
2405 1018 2549 1064 vero
2590 1000 2796 1064 subse-

334 1132 365 1162 «
397 1124 594 1186 quens
625 1105 754 1169 sive
780 1124 902 1183 per
923 1103 1230 1176 accidens,
1259 1104 1506 1168 ordinat
1527 1105 1686 1168 circa
1713 1123 1809 1168 res
1834 1102 2241 1186 dependenter
2267 1103 2343 1166 ab
2368 1121 2588 1167 errore.
2620 1102 2795 1167 Unde

335 1234 366 1264 α
398 1206 744 1282 dicendum,
785 1206 951 1288 quod
981 1208 1149 1271 Deus
1187 1225 1294 1289 per
1330 1207 1532 1290 legem
1566 1205 2025 1271 antecedentem
2058 1205 2356 1287 praecipit
2393 1205 2547 1268 talia
2596 1204 2797 1268 obser-

338 1336 367 1366 «
401 1310 554 1386 vari,
595 1328 704 1392 per
725 1309 1198 1390 subsequentem
1233 1328 1374 1374 vero
1409 1328 1529 1373 non
1562 1309 1701 1373 vult
1731 1327 1835 1373 eos
1869 1306 2175 1390 adstringi
2204 1325 2314 1371 nec
2344 1305 2792 1389 comprehendi.

339 1438 372 1467 «
406 1410 514 1492 qui
550 1411 616 1474 111
651 1410 996 1475 invincibili
1042 1411 1396 1493 ignorantia
1442 1411 1599 1494 legis
1646 1412 1991 1474 versantur.
2030 1410 2101 1472 In
2148 1428 2412 1483 summa,
2450 1408 2588 1472 vult
2627 1408 2795 1472 Deus

341 1538 373 1569 α
401 1512 680 1576 homines
727 1512 921 1577 teneri
968 1511 1046 1576 ad
1093 1531 1238 1577 suas
1283 1513 1471 1595 leges,
1512 1512 1849 1577 secundum
1882 1510 2045 1593 quod
2093 1513 2243 1575 sunt
2286 1512 2351 1575 111
2398 1528 2613 1574 eornm
2658 1530 2798 1574 con-

341 1644 373 1673 «
404 1614 678 1679 scientia.
713 1613 1007 1697 Exemplo
1040 1634 1135 1679 res
1168 1615 1426 1698 patebit.
1463 1614 1586 1678 Lex
1617 1614 1827 1679 divina
1875 1614 2159 1696 prohibet
2189 1613 2340 1678 viris
2373 1632 2686 1678 accessum
2719 1611 2795 1676 ad

343 1744 374 1773 «
406 1735 524 1781 11011
562 1734 743 1787 suas:
779 1715 1080 1797 numquid
1113 1716 1262 1780 haec
1293 1716 1390 1781 lex
1422 1715 1885 1798 comprehendit
1917 1715 2142 1789 virum,
2175 1714 2284 1796 qui
2322 1714 2545 1778 dubius
2582 1713 2656 1777 de
2694 1733 2799 1777 va-

343 1845 373 1875 «
405 1820 533 1883 lore
556 1818 654 1882 sui
683 1818 1047 1883 matrimoni
1078 1818 1384 1882 contracti
1408 1817 1608 1882 reddit
1640 1817 1920 1882 debitum
1951 1816 2196 1880 mulieri
2230 1816 2484 1898 petenti,
2511 1814 2797 1898 quamvis

344 1948 376 1977 «
407 1920 708 1985 reddendo
739 1939 951 1985 revera
992 1920 1245 1984 accedat
1289 1920 1365 1984 ad
1414 1920 1727 1984 alienam?
1773 1937 2198 2001 nequaquam:
2248 1919 2373 1984 imo
2420 1919 2526 1983 ille
2572 1919 2635 1982 in
2682 1918 2797 1982 tali

344 2050 376 2079 α
406 2023 591 2088 dubio
625 2024 874 2087 tenetur
897 2022 1197 2099 accedere,
1225 2025 1296 2086 ut
1320 2023 1584 2087 habetur
1608 2042 1657 2086 c.
1683 2020 2021 2094 Dominus,
2045 2022 2120 2084 de
2146 2020 2408 2086 Secund.
2436 2024 2610 2101 nupt.
2637 2021 2798 2085 Hinc

343 2152 376 2181 <a
407 2125 568 2189 clare
605 2124 888 2198 infertur,
937 2124 1099 2205 quod
1150 2123 1295 2189 licet
1343 2124 1506 2189 adsit
1552 2124 1648 2188 lex
1697 2124 1985 2188 absoluta
2034 2124 2163 2187 sive
2209 2122 2590 2200 antecedens,
2640 2142 2797 2203 quae

344 2254 376 2283 α
409 2226 707 2310 praecipit
738 2244 861 2290 non
901 2226 1181 2289 accedere
1214 2225 1292 2289 ad
1331 2226 1617 2301 ahenam,
1653 2225 1831 2289 adest
1861 2228 2070 2289 tamen
2109 2225 2231 2289 alia
2278 2226 2374 2288 lex
2421 2226 2797 2307 subsequens

344 2356 376 2385 «
407 2330 534 2393 sive
582 2347 688 2411 per
735 2327 1032 2397 accidens,
1083 2328 1316 2391 scilicet
1362 2346 1433 2391 ex
1482 2327 1907 2410 suppositione
1953 2325 2143 2402 dubii,
2196 2326 2482 2390 ordinans
2531 2345 2601 2390 eo
2652 2345 2800 2389 casu

344 2457 376 2489 ‹
407 2430 814 2496 redditionem
852 2429 1043 2493 debiti
1091 2429 1337 2494 mulieri
1384 2430 1639 2512 petenti,
1674 2429 1960 2511 quamvis
2007 2447 2127 2492 non
2175 2447 2343 2493 suae.
2382 2428 2558 2493 Unde
2604 2429 2796 2511 patet.

346 2560 378 2592 «
409 2533 575 2616 quod
601 2533 853 2598 tametsi
878 2550 1158 2598 accessus
1193 2532 1298 2597 ille
1329 2531 1409 2596 ad
1437 2550 1562 2597 non
1593 2550 1775 2600 suam
1798 2550 1921 2598 non
1945 2531 2229 2598 videatur
2252 2551 2358 2615 per
2381 2551 2444 2598 se
2469 2531 2800 2599 conformis

344 2637 532 2722 «legi
581 2635 987 2710 antecedenti,
1023 2637 1232 2700 tamen
1282 2636 1496 2717 utique
1533 2635 1866 2700 conformis
1914 2637 2010 2699 est
2052 2636 2178 2720 legi
2224 2636 2643 2718 subsequenti,
2677 2655 2799 2718 qua

346 2765 378 2796 ι
411 2741 578 2804 Deus
608 2738 787 2803 iubet
824 2737 995 2801 reddi
1034 2736 1330 2802 debitum.
1366 2738 1448 2802 Et
1493 2738 1630 2802 ideo
1663 2738 1757 2801 vir
1786 2737 2111 2803 formando
2144 2738 2264 2802 sibi
2308 2738 2616 2804 dictamen
2664 2759 2803 2822 pru-

349 2868 382 2900 «
413 2842 579 2908 dens,
616 2859 834 2922 nempe
865 2839 1031 2921 quod
1061 2858 1133 2905 eo
1171 2859 1320 2904 casu
1353 2841 1639 2905 teneatur
1670 2839 1937 2918 reddere,
1973 2840 2274 2905 reddendo
2308 2859 2417 2904 nec
2454 2841 2645 2905 etiam
2675 2861 2803 2906 ma-

346 2970 379 3004 «
410 2943 715 3010 terialiter
745 2945 959 3025 peccat
986 2944 1203 3007 contra
1233 2943 1433 3026 1686111
1466 2941 1946 3018 antecedentem,
1981 2961 2139 3024 quae
2172 2960 2281 3024 pro
2328 2943 2438 3008 illo
2486 2963 2633 3008 casu
2679 2963 2801 3008 non

346 3072 379 3107 ‹
409 3051 504 3114 est
549 3048 719 3122 lata;
769 3065 916 3110 nam
969 3063 1216 3129 peccare
1270 3047 1486 3110 contra
1541 3045 1742 3130 1686111
1797 3049 1892 3110 est
1946 3045 2371 3110 contravenire
2424 3046 2801 3128 legislatoris

347 3177 378 3208 ‹
410 3149 746 3224 voluntati,
779 3167 939 3230 quae
977 3149 1071 3212 est
1103 3149 1310 3211 anima
1354 3148 1545 3232 legis3
1596 3148 1704 3210 ubi
1749 3165 1898 3230 ergo
1946 3166 2068 3211 non
2115 3149 2209 3210 est
2257 3147 2548 3209 voluntas
2594 3147 2802 3210 divina

347 3279 378 3311 ‹
409 3253 760 3336 prohibens,
803 3270 996 3332 neque
1027 3252 1123 3314 est
1147 3250 1276 3326 lex;
1312 3269 1454 3314 cum
1485 3249 1867 3331 impossibile
1912 3249 2015 3323 sit,
2052 3247 2322 3328 aliquem
2355 3265 2531 3329 posse
2565 3250 2806 3329 operari

346 3380 378 3412 ‹
408 3353 809 3421 conformiter
840 3355 902 3417 et
947 3352 1316 3417 difformiter
1352 3351 1431 3415 ad
1470 3350 1726 3415 eandem
1764 3350 1881 3414 Dei
1912 3351 2132 3433 legem,
2168 3348 2265 3412 vel
2297 3348 2695 3414 conformiter
2727 3349 2805 3414 ad

352 3482 385 3515 «
414 3476 604 3522 unam
650 3460 714 3520 et
745 3455 1112 3520 difformiter
1160 3453 1238 3518 ad
1277 3453 1485 3518 aliam.
1521 3452 1588 3518 Si
1635 3452 1831 3537 igitur
1877 3453 1972 3516 vir
2016 3452 2123 3516 ille
2167 3452 2338 3516 licite
2383 3452 2585 3518 reddit
2629 3454 2804 3520 iuxta

349 3584 383 3616 ς
411 3559 612 3644 1686111
636 3557 1133 3638 subsequentem,
1159 3575 1282 3621 non
1300 3558 1506 3639 potest
1530 3574 1604 3619 ne
1627 3554 2037 3620 materialiter
2060 3553 2309 3636 quidem
2331 3555 2572 3620 laedere
2603 3557 2804 3642 legem

348 3684 385 3719 <
415 3660 895 3726 antecedentem.
922 3659 1005 3723 Et
1040 3661 1129 3733 sic
1160 3660 1393 3742 pariter
1414 3659 1524 3741 qui
1544 3678 1617 3724 ex
1649 3658 1935 3742 opinione
1973 3658 2277 3742 probabili
2316 3659 2582 3742 prudens
2618 3661 2809 3726 dicta-

350 3789 383 3822 «
416 3784 552 3829 111611
593 3763 713 3827 sibi
753 3762 1001 3838 format,
1035 3762 1202 3844 quod
1247 3762 1417 3826 licite
1466 3765 1771 3845 operetur,
1805 3782 1880 3826 ne
1926 3761 2333 3827 materialiter
2378 3763 2626 3844 quidem
2674 3766 2809 3850 agit

349 3890 386 3924 ‹
415 3871 630 3932 contra
662 3866 865 3949 legem
897 3867 1248 3940 aeternam3
1283 3866 1592 3947 sapienter
1624 3865 1789 3929 enim
1821 3865 1911 3929 ait
1943 3862 2359 3929 Continuator
2391 3865 2702 3951 Tournely
2735 3867 2809 3930 de

349 3994 387 4028 «
417 3969 546 4032 Act
573 3967 741 4031 hum.
776 3987 826 4032 c.
859 3968 916 4030 7.
943 3985 999 4031 a.
1030 3969 1089 4030 5.
1117 3967 1311 4031 concl.
1341 3968 1400 4031 3.
1429 3968 1715 4049 quamvis
1752 3967 1853 4032 hic
1891 3968 2108 4031 auctor
2139 3968 2222 4031 sit
2268 3969 2805 4049 probabiliorista:

345 4096 383 4130 «
413 4069 618 4134 Nulla
634 4072 731 4134 est
751 4067 854 4131 lex
883 4066 1172 4149 obliyans
1195 4070 1264 4132 in
1288 4070 1796 4143 circumstantiis
1824 4071 1894 4132 in
1917 4069 2143 4150 quibus
2155 4067 2503 4149 prudenter
2534 4071 2811 4137 creditur

345 4199 381 4232 ‹
413 4193 488 4237 ea
524 4192 650 4236 non
681 4172 1018 4248 exsistere,·
1050 4169 1153 4234 lex
1183 4171 1349 4235 enim
1371 4192 1530 4253 quae
1547 4169 1899 4252 prudenter
1921 4170 2199 4235 creditur
2221 4191 2348 4234 non
2379 4192 2528 4250 esse,
2543 4174 2811 4252 perinde

349 4302 383 4335 «
416 4279 510 4339 est
535 4296 608 4338 ac
639 4275 700 4339 si
732 4294 856 4337 non
890 4277 1052 4337 esset
1080 4275 1150 4338 in
1185 4273 1406 4338 ordin-e
1435 4274 1525 4338 ad
1550 4273 1956 4356 obliyandum
1988 4300 2048 4339 ».

439 4405 476 4437 ‹
509 4377 626 4444 Sed
671 4378 946 4443 instant:
983 4378 1036 4442 si
1074 4378 1170 4442 lex
1220 4380 1468 4444 aeterna
1518 4379 1612 4444 est
1643 4378 1844 4462 prima
1890 4378 2108 4462 regula
2156 4379 2468 4462 operandi,
2502 4383 2812 4464 quomodo

349 4506 383 4538 ‹
420 4499 698 4562 unquam
744 4478 865 4544 dici
912 4481 1118 4562 potest
1166 4499 1346 4564 agere
1385 4481 1716 4564 prudenter
1745 4481 1856 4562 qui
1890 4481 2094 4546 utitur
2125 4482 2409 4566 opinione
2442 4485 2647 4550 minus
2680 4505 2816 4569 pro-

349 4608 386 4641 «
419 4582 711 4647 habiliter
735 4581 1034 4647 conformi
1060 4584 1343 4647 aeternae
1367 4584 1537 4668 legi?
1567 4583 1925 4649 Adversarii
1948 4583 2071 4650 duo
2104 4585 2203 4649 hic
2226 4586 2644 4652 confundunt:
2676 4608 2817 4654 con·
