3529 5158
377 352 522 428 [110]
678 370 761 409 AN
798 369 1006 411 nmmz
1042 369 1233 412 acm-us
1271 371 1696 413 mon-*manns
1735 372 1820 412 AN
1858 370 2097 412 omssro
2135 371 2543 412 morrrssnms
2729 359 2832 412 10ss

471 462 606 536 110.
642 464 935 548 Superest
979 468 1188 530 tamen
1219 467 1283 530 in
1322 467 1601 531 doctrina
1648 488 1697 531 s.
1747 467 2023 532 Thomae
2069 469 2358 532 diluenda
2398 468 2682 541 obiectio,
2731 488 2841 532 6111·

383 588 499 633 666
535 567 732 650 possit
762 568 895 631 dari
928 569 1179 632 omissio
1215 568 1584 633 indifferens,
1620 569 1867 633 Etenim
1900 570 1953 633 si
1986 571 2236 636 omissio
2270 571 2581 652 quaelibet
2613 571 2709 635 vel
2744 572 2841 635 est

380 672 537 736 bona
571 671 669 734 vel
701 671 796 734 est
825 671 1010 747 mala,
1052 671 1296 735 videtur
1328 672 1521 753 sequi,
1549 672 1711 753 quod
1751 673 1960 754 peccet
1989 672 2196 739 1161116.
2237 673 2343 753 qui
2377 674 2606 738 bonum
2633 674 2838 738 minus

381 771 646 854 praefert
675 772 917 844 maiori,
956 771 1200 853 quoties
1229 791 1351 837 non
1385 773 1560 837 adest
1589 773 1730 836 finis
1762 773 2150 838 rationabilis
2182 774 2367 838 huius
2402 775 2836 857 praelationis;

378 891 521 937 nam
566 892 678 936 cur
724 872 961 936 dicetur
1008 876 1183 937 actus
1230 873 1474 938 bonus?
1512 874 1598 937 At
1644 875 1699 937 si
1746 876 1975 956 peccat,
2009 894 2385 956 consequens
2424 878 2520 940 est
2566 876 2706 940 tolli
2755 876 2840 940 di-

379 976 637 1039 scrimen
661 976 823 1039 inter
846 975 1077 1039 bonum
1102 994 1173 1039 ex
1197 976 1520 1058 praecepto
1546 977 1610 1040 et
1632 976 1864 1040 bonum
1896 996 1966 1040 ex
2006 977 2297 1051 consilio:
2326 979 2378 1041 si
2411 979 2573 1042 enim
2605 980 2836 1061 peccat,
2933 994 2936 995 ’

377 1079 772 1161 praeceptum
819 1077 1069 1159 aliquod
1117 1077 1316 1141 violat
1360 1079 1423 1141 et
1469 1078 1555 1141 sic
1601 1078 1757 1141 illud
1800 1079 1934 1141 erat
1982 1097 2135 1161 opus
2183 1082 2614 1162 praeceptum:
2666 1079 2840 1145 tolle-

378 1182 590 1249 rentur
637 1199 783 1263 ergo
832 1178 1080 1243 tandem
1128 1179 1335 1243 omnia
1384 1198 1567 1261 opera
1614 1181 2171 1263 supererogatoria.
2207 1181 2342 1244 Hac
2380 1180 2453 1244 de
2486 1201 2549 1244 re
2582 1181 2645 1245 et
2676 1182 2837 1245 Mal-

376 1282 554 1346 derus
586 1281 743 1364 disp.
777 1281 880 1344 cit.
920 1281 1021 1344 77.
1056 1300 1198 1365 pag.
1241 1282 1387 1345 139.

462 1384 606 1448 Huc
637 1383 878 1446 faciimt
921 1382 1106 1446 verba
1154 1401 1203 1446 s.
1263 1382 1555 1460 Thomae,
1606 1402 1675 1446 ex
1724 1383 1950 1464 quibus
1998 1384 2156 1447 solvi
2203 1385 2484 1465 quaestio
2533 1387 2741 1466 potest
2775 1387 2835 1449 2.

376 1487 532 1550 Dist.
570 1486 676 1549 39.
713 1505 770 1566 q.
807 1485 867 1547 3.
904 1503 958 1548 a.
996 1485 1055 1547 3.
1093 1484 1164 1547 ad
1202 1485 1261 1548 6.
1305 1510 1339 1541 «
1373 1484 1437 1548 Si
1470 1484 1654 1564 (illud
1687 1484 1853 1567 quod
1893 1484 2054 1548 ratio
2082 1485 2307 1567 dictat)
2340 1486 2839 1567 apprehendatur

378 1591 445 1651 ut
489 1607 612 1652 non
662 1587 888 1650 directe
934 1585 1153 1649 cadens
1186 1585 1301 1649 sub
1333 1588 1656 1668 praecepto
1698 1586 1796 1649 vel
1828 1586 2262 1667 prohibitione,
2298 1588 2445 1649 tunc
2493 1606 2612 1651 non
2646 1587 2718 1649 fit
2751 1587 2837 1649 di-

373 1692 529 1754 recte
555 1692 773 1755 contra
804 1689 1261 1765 conscientiam,
1291 1689 1394 1753 sed
1420 1691 1663 1771 praeter
1695 1709 1835 1752 eam
1862 1692 1925 1752 et
1949 1689 2039 1752 ita
2067 1708 2187 1753 non
2219 1692 2432 1771 peccat
2462 1691 2834 1764 mortaliter,

374 1792 471 1856 sed
522 1792 849 1856 venialiter
879 1791 976 1854 vel
1022 1791 1211 1855 etiam
1258 1791 1431 1855 nullo
1478 1791 1681 1864 mod0,
1733 1791 1896 1853 sicut
1941 1790 2186 1872 quando
2220 1791 2592 1855 conscientia
2640 1792 2838 1855 dictat

373 1894 577 1969 alicui,
612 1893 773 1975 quod
810 1894 1039 1958 bonum
1086 1893 1182 1957 est
1225 1893 1422 1956 facere
1457 1892 1707 1974 aliquod
1758 1911 1913 1975 opus
1944 1892 2205 1969 consilii,
2241 1893 2292 1955 si
2340 1912 2461 1957 non
2492 1893 2664 1966 facit,
2712 1912 2837 1958 non

372 2000 613 2080 peccat3
650 1998 796 2079 quia
834 2016 958 2061 non
990 1995 1394 2079 apprehendit
1439 1995 1595 2058 illud
1629 1997 1701 2057 ut
1740 1995 1971 2059 bonum
2018 1994 2295 2057 debitum
2329 1995 2392 2058 et
2422 1995 2835 2059 necessarium

371 2099 440 2163 ad
492 2100 762 2164 salutem
809 2101 872 2163 61
918 2101 1244 2182 praecepto
1294 2098 1615 2161 subiacens
1648 2123 1707 2160 ».
1743 2097 1884 2160 Huc
1916 2115 2134 2160 revoca
2181 2096 2417 2160 dictum
2447 2097 2735 2179 Apostoli
2773 2100 2829 2160 1.

365 2202 503 2266 Cor.
530 2201 675 2264 VII.
703 2200 809 2264 38.
846 2200 970 2280 Qui
1004 2200 1403 2263 matrimonio
1438 2200 1645 2280 imeye't
1686 2200 1988 2279 viryinem
2019 2218 2218 2271 sturm,
2255 2199 2401 2262 bene
2432 2198 2603 2277 facit,
2643 2203 2705 2262 et
2725 2201 2837 2280 qui

368 2324 494 2367 non
542 2303 772 2383 iunyit,
805 2300 1030 2364 melius
1058 2300 1230 2380 facit.

458 2404 709 2470 Scilicet
732 2406 880 2468 tunc
914 2403 1165 2470 omissio
1200 2403 1319 2468 erit
1349 2403 1597 2475 vitiosa,
1631 2403 1684 2467 si
1716 2402 2044 2467 coniuncta
2084 2402 2168 2465 sit
2198 2421 2340 2465 cum
2373 2402 2613 2466 actione
2643 2404 2829 2479 mala,

370 2530 490 2575 non
521 2527 670 2574 vero
705 2510 760 2573 si
790 2528 932 2572 cum
957 2509 1198 2572 actione
1229 2508 1408 2572 bona.
1446 2506 1507 2571 Si
1536 2509 1745 2571 autem
1773 2507 2025 2571 omissio
2052 2506 2147 2570 vel
2181 2506 2472 2570 voluntas
2505 2506 2832 2570 omittendi

369 2613 451 2677 sit
495 2613 652 2689 sola,
688 2613 740 2675 si
779 2610 917 2675 finis
965 2611 1050 2675 sit
1095 2610 1503 2686 rationabilis,
1546 2611 1666 2674 erit
1713 2612 1890 2673 actus
1937 2611 2170 2685 bonus;
2213 2609 2263 2672 si
2313 2628 2505 2685 366113,
2557 2608 2833 2691 peccabit

370 2715 712 2786 venialiter,
748 2715 820 2777 ut
852 2714 943 2777 ait
973 2733 1022 2776 3.
1058 2712 1347 2788 Thomas,
1383 2732 1505 2777 non
1539 2713 1685 2794 quia
1717 2732 1814 2776 res
1847 2713 1931 2776 sit
1962 2713 2306 2795 praecepta,
2348 2711 2452 2775 sed
2485 2711 2630 2792 quia
2663 2729 2833 2793 prae-

368 2821 614 2900 ceptum
646 2817 759 2890 est,
799 2818 1037 2879 rectum
1068 2834 1306 2898 semper
1338 2815 1518 2879 finem
1556 2816 1799 2879 habere.
1897 2801 1904 2810 ⁰

450 2921 668 2985 Priore
716 2920 889 3001 parte
935 2918 1376 3001 disputationis
1423 2919 1723 3001 expedita,
1769 2939 1891 3000 qua
1940 2919 2197 3002 probare
2249 2916 2830 2990 voluim11S,discri-

364 3042 522 3098 men,
557 3021 612 3085 si
645 3020 809 3103 quod
841 3021 936 3084 est
966 3021 1126 3084 inter
1157 3040 1204 3084 s.
1241 3021 1541 3085 Thomam
1577 3025 1639 3086 et
1664 3022 1985 3094 Scotistas‚
2021 3041 2090 3086 eo
2125 3023 2337 3096 redire,
2376 3024 2448 3085 ut
2480 3041 2527 3086 3.
2557 3021 2827 3086 Thomas

361 3124 591 3188 habeat
620 3123 932 3195 honestos,
966 3123 1159 3187 bonos
1191 3124 1528 3198 moraliter,
1574 3125 1885 3188 vistuosos
1920 3127 2108 3204 atque
2147 3125 2296 3188 adeo
2330 3123 2536 3186 meriti
2576 3142 2827 3203 capaces

358 3226 498 3290 illos
532 3227 730 3300 661113,
772 3243 928 3307 quos
977 3225 1085 3288 alii
1132 3224 1415 3289 dicebant
1462 3225 1908 3288 indifferentes:
1947 3227 2226 3307 superest
2275 3223 2654 3306 explananda
2705 3223 2826 3287 alia

358 3330 667 3411 particula
714 3328 1029 3392 doctrinae
1075 3328 1445 3411 propositae,
1496 3330 1568 3392 ut
1608 3328 2005 3392 ostendamus
2053 3347 2268 3410 nempe
2317 3326 2824 3411 benignissimam

356 3451 486 3496 esse
533 3431 882 3496 doctrinam
920 3451 968 3495 3.
1004 3432 1277 3496 Thomae
1324 3432 1512 3496 etiam
1560 3432 1763 3514 quoad
1799 3431 2198 3509 conditioneS,
2234 3450 2389 3514 quas
2437 3431 2716 3512 requirit.
2754 3431 2826 3493 ut

352 3554 509 3617 opus
557 3534 787 3599 evadat
830 3534 997 3597 vitae
1045 3535 1328 3597 aeternae
1375 3535 1761 3598 meritorium
1813 3535 1875 3598 et
1923 3552 2064 3598 611111
2113 3535 2268 3598 nihil
2316 3535 2517 3617 reipsa
2557 3534 2823 3597 ulterius

352 3636 432 3700 ab
458 3638 687 3720 agente
720 3635 1053 3716 exquirere,
1090 3634 1208 3698 nisi
1238 3635 1313 3698 ut
1351 3635 1434 3698 sit
1464 3636 1525 3698 in
1561 3638 1731 3699 statu
1768 3637 2026 3720 gratiae.
2064 3634 2264 3715 Quam
2298 3636 2546 3719 quidem
2594 3636 2823 3700 doctri-

350 3758 496 3802 nam
528 3737 950 3820 explanantes,
984 3736 1391 3800 indicabimus
1440 3738 1624 3800 simul
1663 3738 1834 3818 quid,
1870 3756 1940 3802 ex
1979 3738 2192 3802 eodem
2224 3739 2510 3810 Doctore,
2548 3756 2703 3820 opus
2739 3738 2825 3801 sit

350 3843 419 3902 ut
458 3840 671 3903 iustus
711 3838 955 3903 dicatur
987 3838 1191 3903 omnia
1227 3857 1407 3920 opera
1448 3857 1558 3902 sua
1591 3838 1814 3902 referre
1846 3840 1910 3902 in
1947 3840 2167 3903 Deum.

450 3965 586 4017 Lxl.
613 3964 725 4030 Qua
764 3961 813 4014 in
849 3977 903 4015 re
942 3963 1083 4015 valde
1122 3960 1398 4027 importune
1435 3961 1626 4026 quidam
1669 3962 1984 4024 recentioreS,
2013 3965 2127 4014 dum
2170 3965 2314 4013 verba
2345 3960 2569 4026 Apostoli
2607 3963 2644 4011 l.
2676 3962 2802 4014 Cor.

349 4049 411 4100 x.
444 4050 534 4101 31.
563 4055 615 4100 et
642 4044 846 4102 Coloss.
870 4048 943 4099 lll.
972 4047 1050 4099 17.
1080 4049 1140 4099 (16
1178 4046 1445 4099 referendis
1485 4048 1541 4098 ad
1587 4046 1674 4098 Dei
1712 4046 1916 4110 gloriam
1956 4045 2190 4113 operibus
2217 4060 2326 4097 cum
2356 4043 2681 4097 communiori
2709 4059 2814 4096 sen·

345 4133 501 4186 tentia
533 4138 585 4186 et
609 4147 651 4185 s.
673 4133 863 4184 Thoma
890 4130 1201 4196 praeceptiva
1222 4145 1346 4193 6336,
1378 4129 1520 4184 etiam
1550 4145 1643 4195 qua
1674 4139 1812 4196 parte
1834 4129 2140 4197 accipiuntur
2167 4129 2472 4195 affirmative,
2499 4131 2818 4190 contendunt,

341 4233 514 4271 eorum
555 4225 724 4270 tamen
749 4214 1124 4281 explicationem
1150 4222 1293 4280 atque
1332 4217 1454 4269 adeo
1492 4217 1689 4267 modum
1730 4230 1787 4268 ac
1825 4230 2098 4269 mensuram
2127 4215 2369 4269 relerendi
2395 4214 2444 4268 in
2475 4216 2631 4268 Deum
2661 4229 2810 4280 opera

345 4316 440 4354 non
465 4305 532 4354 ab
558 4301 741 4354 eodem
770 4313 808 4350 s.
835 4301 1021 4353 Thoma
1048 4301 1320 4361 desumunt,
1350 4301 1433 4352 sed
1461 4313 1485 4352 a
1515 4313 1553 4350 3.
1586 4300 1944 4362 Bonan-eninm,
1966 4300 2049 4366 qui
2083 4304 2130 4352 2.
2155 4298 2266 4353 dist.
2291 4300 2374 4350 41.
2398 4314 2441 4352 6.
2467 4302 2578 4363 1.(1.
2604 4301 2650 4350 3.
2681 4300 2737 4350 acl
2780 4300 2819 4348 l.

338 4399 451 4437 cum
478 4382 708 4450 alioquin
736 4382 873 4435 Pauli
913 4386 1079 4448 verba,
1105 4389 1339 4448 quatenus
1378 4382 1667 4435 affirmative
1708 4383 2055 4446 intelligantur,
2091 4386 2150 4436 ad
2179 4399 2377 4436 merum
2418 4382 2675 4436 consilium
2706 4396 2811 4447 pcr-

342 4472 523 4530 trahat,
544 4471 605 4520 ad
635 4479 814 4519 eorum
834 4465 1193 4533 implementum
1216 4465 1429 4531 requirit,
1462 4473 1513 4518 ut
1542 4466 1761 4529 singulae
1785 4467 2002 4520 actiones
2025 4477 2105 4520 661.
2127 4470 2296 4520 saltem
2318 4468 2535 4530 singulae
2566 4465 2810 4517 actionum

339 4552 433 4606 sibi
457 4550 906 4606 subordinatarum
942 4550 1095 4604 series
1134 4557 1242 4604 actu
1272 4550 1321 4603 in
1349 4552 1504 4604 Deum
1536 4555 1807 4604 referantur
1831 4558 1880 4603 et
1907 4551 1977 4603 sic
2001 4550 2207 4603 istorum
2238 4549 2431 4601 theoria
2469 4552 2689 4614 protecto
2717 4561 2818 4600 rem
