3529 5158
717 284 828 338 328
1244 292 1454 334 TRAcr.
1490 292 1580 332 111.
1619 290 1705 330 DE
1743 288 2022 330 Lamnus.
2063 289 2262 331 CAPUT
2298 288 2338 328 1⁴.
2378 289 2520 329 nun.
2560 289 2641 329 iv.
2802 329 2805 336 ,
3041 271 3174 348 [312]

721 414 827 477 per
876 392 1127 474 aliquod
1176 391 1450 474 spatimn
1500 387 1798 470 temporis
1846 385 2123 468 quotidie
2171 386 2441 451 orationi
2484 386 2745 450 mentali
2775 386 3171 449 incumbant?

719 496 938 560 Nonne
983 495 1046 557 in
1093 494 1223 557 ritu
1269 490 1615 556 celebrandi
1663 489 1923 553 Missam
1972 488 2294 564 statuitur,
2356 488 2521 569 quod
2569 486 2884 564 Sacerdos,
2933 491 3171 571 sumpta

721 597 1131 674 Eucharistia‚
1173 621 1207 654 «
1247 594 1712 677 aliquantulum
1736 592 2015 674 quiescat
2046 592 2110 654 in
2140 590 2540 654 meditatione
2572 609 2651 654 ss.
2687 588 3108 654 Sacramenti?
3135 615 3165 648 »

719 701 936 766 Nonne
973 701 1050 765 ad
1084 704 1414 781 utramque
1461 697 2115 762 commemorationem
2148 697 2286 759 tum
2318 696 2595 760 virorum
2621 698 2758 759 tum
2789 697 3171 759 mortuorum

718 804 780 867 in
814 803 1027 881 Missa,
1077 803 1305 866 dicitur
1349 826 1385 859 «
1423 805 1623 863 mente
1666 803 1910 862 tantam
1941 816 2157 863 eorum
2187 799 2555 863 memoriam
2592 799 2860 862 habeat?
2891 823 2927 856 »
2966 798 3171 862 Nonne

718 906 1095 988 praecipitur
1143 903 1476 986 applicatio
1523 901 1753 965 Missae
1801 920 1911 984 pro
1961 901 2189 983 populo
2217 907 2245 963 ‘e

809 1007 1051 1090 Negare
1083 1005 1297 1070 deinde
1330 1005 1468 1087 quis
1501 1005 1710 1087 potest
1741 1003 2264 1084 consequentiam.
2302 1003 2382 1065 Et
2414 1021 2560 1067 sane
2598 1002 2719 1066 nisi
2764 1001 3042 1065 dicamus
3075 1002 3170 1065 ab·

718 1109 920 1182 surde,
950 1126 1159 1172 omnes
1191 1108 1379 1191 legeS,
1415 1125 1570 1188 quas
1603 1106 1723 1169 huc
1771 1125 1966 1187 usque
2004 1105 2277 1168 Ecclesia
2326 1105 2495 1182 tulit,
2531 1105 2695 1168 latas
2728 1104 2916 1168 fuisse
2948 1105 3011 1167 in
3048 1105 3169 1186 ipso

718 1211 1025 1274 Ecclesiae
1058 1211 1260 1282 initio,
1297 1209 1571 1292 profecto
1605 1227 1848 1272 necesse
1882 1208 2021 1285 fuit,
2052 1210 2124 1271 ut
2156 1207 2427 1271 Ecclesia
2455 1208 2832 1290 praeciperet
2849 1207 3169 1288 aliquando

717 1314 893 1389 illud,
929 1312 1094 1395 quod
1127 1313 1298 1396 prius
1354 1331 1475 1376 non
1524 1314 1953 1394 praeceperat3
2007 1314 2193 1391 atque
2251 1310 2400 1374 adeo
2449 1309 2582 1373 fieri
2627 1309 2844 1373 debuit
2886 1309 2969 1384 id,
3019 1310 3170 1391 quod

721 1437 1062 1498 numquam
1096 1418 1266 1500 prius
1290 1417 1528 1480 factum
1553 1415 1776 1479 fuerat.
1806 1415 1969 1498 Ergo
1993 1414 2157 1477 male
2183 1413 2498 1497 arguitur:
2527 1412 2797 1477 nondum
2830 1413 2995 1490 fecit,
3036 1432 3169 1496 ergo

599 1560 604 1564 -
721 1540 844 1584 non
893 1523 1099 1603 potest
1139 1521 1355 1584 facere.

807 1619 965 1692 312.
1002 1623 1072 1685 111
1121 1621 1382 1686 eundem
1427 1638 1682 1702 scopum
1730 1618 2064 1691 evincendi,
2105 1637 2227 1683 non
2265 1637 2443 1701 posse
2467 1619 2805 1682 Ecclesiam
2837 1620 3169 1701 praecipere

718 1724 792 1788 de
840 1725 1080 1788 actibus
1126 1743 1291 1787 mere
1339 1723 1615 1798 internis,
1659 1723 1927 1785 utuntur
1975 1722 2097 1786 alio
2146 1723 2537 1804 argumento,
2572 1720 2672 1786 Sic
2705 1721 2916 1806 arguit
2954 1721 3167 1786 Suarez

717 1827 824 1889 lib.
852 1828 914 1888 4.
934 1825 1008 1888 de
1031 1825 1184 1906 Ley.
1204 1844 1335 1905 cap.
1369 1825 1471 1886 12.
1505 1843 1562 1885 n.
1600 1824 1681 1898 9.,
1718 1823 1884 1904 quod
1917 1843 1988 1887 ex
2012 1825 2109 1886 rei
2138 1827 2374 1886 natura
2407 1827 2468 1886 et
2495 1821 2828 1886 ordinaria
2853 1823 2985 1904 leye
3015 1823 3171 1888 solus

639 1949 646 1958 ·
716 1927 826 1990 illc
855 1931 1032 1989 actus
1051 1927 1260 2004 possit
1286 1924 1562 1988 humana
1594 1923 1722 2005 leye
1743 1926 2050 2004 praecipi,
2084 1927 2195 2005 qui
2212 1929 2423 2004 potest
2436 1946 2559 2004 per
2589 1924 2865 1990 homines
2890 1925 3168 1989 iudicari.

727 2055 761 2088 ‹<
799 2027 1153 2110 Propositio
1197 2027 1429 2108 (inquit
1476 2025 1731 2108 Suarez)
1779 2027 1944 2108 quod
1985 2029 2261 2110 potestas
2308 2028 2663 2112 legislativa
2713 2047 2951 2111 semper
2997 2029 3173 2093 habet

722 2135 1097 2215 potestatem
1121 2134 1467 2198 coactivam
1500 2135 1916 2210 coniunctam,
1954 2154 2098 2198 vera
2131 2137 2225 2199 est
2265 2138 2327 2198 et
2360 2136 2681 2199 moraliter
2713 2137 3075 2212 necessaria,
3107 2139 3172 2199 ut

717 2233 1072 2299 inductione
1104 2238 1350 2299 constat
1380 2236 1445 2299 in
1479 2254 1868 2318 quacumque
1903 2237 2027 2299 alia
2060 2237 2250 2300 simili
2282 2239 2593 2319 potestate
2642 2240 2704 2302 et
2735 2239 2883 2319 quia
2916 2242 3170 2319 utraque

719 2337 986 2420 pertinet
1020 2337 1096 2401 ad
1141 2339 1475 2420 perfectam
1508 2338 1997 2401 iurisdictionem
2030 2363 2090 2401 ».

805 2440 1000 2521 Atqui
1045 2440 1402 2504 huiusmodi
1434 2443 1878 2523 argumentum
1911 2459 2103 2522 aeque
2136 2443 2445 2523 probaret,
2482 2443 2818 2506 Ecclesiam
2851 2462 2974 2507 non
3003 2461 3173 2526 posse

715 2542 1063 2626 praecipere
1111 2545 1287 2608 actus
1318 2543 1612 2620 interno&
1648 2544 1929 2623 quicum
1960 2545 2226 2609 externis
2273 2548 2420 2609 sunt
2450 2545 2781 2623 coniuncti,
2830 2546 3168 2612 cuiusmodi

716 2648 811 2708 est
859 2666 916 2708 v.
951 2665 1042 2727 gr.
1079 2645 1344 2708 attentio
1393 2648 1456 2708 et
1503 2645 1749 2708 devotio
1798 2646 1861 2708 in
1908 2648 2239 2711 recitandis
2288 2649 2454 2712 horis
2487 2649 2815 2713 canonicis.
2857 2648 3171 2731 Numquid

718 2747 881 2810 enim
915 2766 1038 2823 per
1084 2745 1361 2809 hommes
1391 2749 1599 2828 potest
1634 2746 1905 2810 iudicari
1935 2748 2007 2812 de
2054 2750 2296 2813 interna
2342 2749 2657 2813 devotione
2704 2752 2766 2814 et
2795 2751 3177 2814 attentione?

719 2849 883 2932 Ergo
932 2851 1047 2912 aut
1092 2849 1431 2913 admittant
1465 2852 1729 2931 oportet,
1767 2869 1943 2931 posse
1976 2852 2245 2934 praecipi
2277 2855 2455 2916 actus
2502 2871 2668 2916 mere
2705 2853 3005 2931 internOS,
3040 2855 3176 2918 licet

716 2970 838 3015 non
886 2951 1126 3033 possint
1171 2951 1432 3016 iudicari
1479 2971 1585 3034 per
1616 2952 1915 3031 homines,
1951 2957 2063 3017 aut
2092 2957 2338 3039 negent,
2374 2973 2551 3037 posse
2588 2955 2858 3038 praecipi
2890 2957 3179 3021 attentio·

716 3072 856 3116 nem
874 3055 936 3116 et
960 3052 1370 3131 devotionem,
1391 3055 1610 3136 utpote
1634 3073 1793 3136 quae
1816 3054 2075 3119 iudicari
2094 3074 2216 3119 non
2233 3059 2510 3139 possunt.
2532 3057 2611 3120 Et
2634 3057 2847 3121 eadem
2864 3059 3177 3141 responsio

718 3156 884 3220 valet
914 3174 1024 3238 pro
1056 3156 1297 3220 ratione
1330 3156 1561 3220 addita.
1595 3156 1758 3220 Nam
1792 3157 1838 3220 si
1876 3157 1965 3221 ita
1992 3158 2332 3221 necessaria
2351 3160 2445 3222 est
2468 3158 2820 3222 coniunctio
2857 3162 3173 3225 coactivae

714 3260 1047 3342 potestatis
1094 3279 1238 3323 cum
1282 3260 1599 3337 directiva,
1637 3262 1708 3323 ut
1739 3259 1889 3322 haec
1921 3260 2050 3323 sine
2096 3260 2206 3322 illa
2255 3261 2421 3323 stare
2468 3262 2766 3340 nequeat3
2803 3278 2951 3343 ergo
3001 3280 3179 3345 nega·

714 3362 939 3437 bimuS,
975 3360 1311 3423 Ecclesiam
1343 3378 1519 3441 posse
1551 3362 1898 3444 praecipere
1922 3361 2229 3426 internam
2261 3361 2671 3425 attentionem
2703 3363 2766 3425 et
2782 3361 3174 3427 devotionem

716 3464 778 3526 in
812 3462 1128 3526 recitando
1163 3462 1489 3525 breviario.

805 3566 923 3630 Sed
969 3566 1183 3650 negari
1231 3567 1492 3631 ulterius
1540 3570 1764 3650 potest,
1817 3570 1992 3632 actus
2032 3569 2305 3632 internos
2338 3569 2509 3633 nullo
2557 3567 2740 3633 modo
2776 3568 2996 3632 subiici
3028 3567 3181 3632 iudi-

716 3669 811 3732 cio
844 3668 1168 3733 Ecclesiae.
1206 3670 1445 3752 Duplex
1463 3670 1645 3744 enim,
1681 3673 1753 3733 ut
1777 3673 1959 3734 notat
1982 3671 2112 3752 ipse
2145 3668 2372 3734 Suarez
2392 3670 2464 3733 de
2488 3669 2643 3751 Ley.
2677 3670 2784 3733 lib.
2819 3671 2881 3733 4.
2908 3690 3041 3753 cap.
3074 3671 3175 3734 12.

716 3793 774 3835 n.
811 3773 891 3849 6.,
926 3772 1233 3837 Ecclesiae
1266 3774 1565 3837 iudicium
1597 3773 1902 3858 distingui
1934 3775 2160 3856 potest,
2196 3793 2412 3857 nempe
2452 3774 2550 3838 vel
2603 3800 2637 3831 «
2669 3774 2834 3855 quod
2866 3775 3179 3856 profertur

717 3875 793 3938 ab
825 3875 1072 3940 homine
1106 3896 1213 3959 per
1245 3877 1636 3953 seutentiam,
1667 3877 1762 3940 vel
1796 3876 1961 3958 quod
1996 3876 2255 3959 proferri
2286 3878 2494 3958 potest
2517 3875 2595 3939 ab
2625 3875 2760 3957 ipso
2793 3874 3178 3959 Legislatore

714 3997 820 4060 per
850 3978 1084 4061 legem;
1120 3979 1433 4043 interdum
1467 3979 1629 4042 enim
1662 3978 1752 4041 ita
1801 3979 1998 4043 fertur
2029 3979 2350 4054 iudicium,
2384 3979 2631 4061 quando
2681 3998 2898 4062 nempe
2944 3982 3041 4045 lex
3072 3999 3181 4063 per

716 4100 778 4143 se
802 4081 1003 4161 ipsam
1036 4082 1215 4162 punit
1240 4081 1554 4156 delictum,
1584 4081 1829 4145 ferendo
1857 4102 1946 4145 ex.
1981 4103 2074 4166 gr.
2116 4081 2813 4146 excommunicationem
2846 4084 2980 4166 ipso
3014 4084 3178 4147 facto

714 4182 1161 4255 incurrendam,
1197 4202 1356 4264 quae
1409 4185 1732 4265 propterea
1784 4187 2045 4248 vocatur
2097 4184 2264 4247 latae
2312 4184 2672 4262 sententiae,
2723 4184 2869 4266 quia
2917 4186 3036 4249 fert
3079 4186 3180 4248 lex

715 4283 847 4364 ipsa
897 4286 1266 4350 sententiam
1309 4313 1367 4346 ›>.
1403 4287 1595 4350 Porro
1644 4287 1697 4349 si
1729 4306 1825 4350 res
1859 4287 2252 4371 intelligatur
2285 4286 2358 4351 de
2390 4286 2618 4351 iudicio
2652 4306 2757 4369 per
2788 4287 2989 4369 legem
3022 4287 3178 4353 lato.

712 4387 852 4467 quis
901 4407 1021 4451 non
1069 4388 1256 4459 videt,
1294 4388 1519 4451 falsum
1570 4408 1717 4464 esse,
1753 4408 1876 4452 non
1911 4409 2088 4471 posse
2122 4388 2381 4452 iudicari
2414 4408 2519 4471 per
2551 4389 2751 4472 legem
2783 4391 2961 4453 actus
2986 4390 3181 4453 etiam

713 4508 876 4553 mere
908 4489 1201 4567 internOS‚
1237 4508 1308 4553 ea
1356 4490 1595 4554 ratione
1643 4491 1795 4570 scil.‚
1832 4511 1955 4572 qua
2003 4491 2203 4555 multa
2244 4491 2366 4554 alia
2416 4510 2521 4573 per
2566 4490 2768 4574 legem
2814 4490 3185 4555 ecclesiasti·
