3529 5158
701 338 773 394 74
1225 352 1439 394 mer.
1478 353 1517 393 1.
1556 353 1642 395 mr
1678 352 1937 396 Amans
1973 352 2267 395 numm.
2306 351 2505 395 cunr
2543 353 2622 393 vr.
3052 338 3160 414 [79]

698 449 1063 525 luntarium,
1098 448 1203 513 sed
1264 449 1518 514 affectus
1564 450 1630 514 in
1677 450 1868 514 aliam
1913 470 2060 527 rem,
2119 468 2310 531 quam
2361 467 2484 514 non
2533 450 2994 532 posthabemuS,
3044 450 3167 516 nisi

700 553 950 635 propter
979 555 1277 616 terrorem
1312 552 1618 635 gravioris
1650 552 1822 629 mali,
1862 555 1936 617 ut
1966 555 2141 635 patet
2171 553 2448 635 exemplo
2495 552 2686 629 illiue,
2720 553 2827 634 qui
2875 572 3017 619 crus
3047 554 3165 621 sibi

699 653 969 737 praecidi
1004 653 1314 735 permittit
1344 673 1416 717 ex
1444 657 1617 718 metu
1652 655 1897 719 mortis.

787 755 968 835 Quod
998 775 1141 820 vero
1188 775 1347 837 quae
1384 756 1545 820 fiunt
1583 777 1654 821 ex
1683 760 1879 831 metu,
1921 757 2066 831 sint,
2116 776 2222 839 per
2267 776 2332 821 se
2368 756 2695 838 loquendo,
2743 756 3167 822 involuntaria

696 858 1036 923 secundum
1067 858 1234 940 quid,
1270 878 1341 923 ex
1381 859 1614 941 triplici
1645 860 1849 941 capite
1896 859 2096 924 elucet
2143 859 2309 940 (vide
2343 858 2569 924 Suarez
2602 860 2667 924 in
2704 861 2762 923 1.
2797 861 2857 922 2.
2891 861 3075 924 tract.
3103 861 3164 924 2.

700 960 856 1043 disp.
891 962 952 1024 3.
993 962 1141 1025 sect.
1178 962 1238 1023 2.
1279 963 1342 1026 01
1380 962 1492 1043 3.).
1538 962 1603 1023 1⁰
1642 960 1803 1040 Quia
1842 981 1996 1044 opus
2029 981 2101 1026 ex
2134 961 2266 1027 solo
2301 964 2474 1026 metu
2507 961 2747 1025 factum
2778 979 2899 1024 non
2937 963 3033 1026 est
3063 981 3168 1044 per

700 1081 764 1127 se
802 1062 1067 1126 amabile
1098 1063 1416 1127 voluntati
1447 1066 1510 1127 et
1542 1062 1815 1147 eligibile
1849 1065 1911 1128 et
1948 1062 2085 1128 ideo
2125 1082 2247 1127 non
2286 1063 2543 1146 eligitur
2579 1063 2728 1144 quia
2773 1062 3036 1145 placeat,
3064 1062 3169 1127 sed

701 1165 1059 1229 admittitur
1089 1165 1166 1229 ad
1198 1162 1524 1229 vitandum
1555 1166 1810 1249 gravius
1840 1166 2106 1230 malum:
2147 1168 2524 1248 quapropter
2562 1166 2615 1229 si
2647 1166 2900 1249 gravius
2929 1166 3169 1229 malum

703 1267 780 1331 ad
826 1266 890 1330 id
923 1287 1045 1331 non
1090 1267 1455 1350 impelleret,
1489 1287 1807 1349 nunquam
1857 1268 2149 1331 voluntas
2196 1267 2257 1330 in
2307 1266 2462 1330 illud
2509 1266 2855 1330 inclinaret.
2888 1265 3030 1330 Non
3074 1268 3170 1331 est

701 1387 850 1453 ergo
881 1388 990 1451 per
1021 1388 1085 1434 se
1115 1369 1387 1451 optabile
1420 1370 1495 1444 ei,
1535 1369 1643 1451 qui
1674 1369 1763 1434 310
1802 1370 1954 1453 agit.
1991 1371 2060 1432 2⁰
2091 1368 2251 1448 Quia
2298 1387 2456 1449 quae
2489 1369 2647 1433 fiunt
2683 1388 2756 1433 ex
2792 1368 2927 1432 solo
2973 1370 3166 1444 metu,

704 1490 812 1554 per
842 1489 905 1535 se
943 1471 1329 1536 considerata
1355 1472 1619 1536 afferunt
1658 1471 2006 1547 tristitiam,
2041 1471 2138 1534 uti
2167 1474 2341 1553 patet
2379 1471 2440 1534 in
2473 1489 2565 1547 eo,
2607 1471 2714 1552 qui
2744 1472 2918 1534 metu
2947 1470 3170 1535 mortis

705 1592 950 1637 amaras
985 1573 1320 1637 medicinas
1357 1573 1552 1638 smnit
1584 1576 1696 1638 aut
1727 1592 1940 1637 carnes
1972 1573 2090 1638 sibi
2123 1573 2398 1654 torqueri
2428 1573 2598 1637 sinit.
2632 1573 2701 1635 30
2735 1571 2893 1651 Quia
2926 1572 2981 1635 si
3013 1590 3169 1655 opus

704 1676 870 1759 quod
917 1695 988 1740 ex
1017 1680 1190 1741 metu
1227 1677 1319 1753 fit,
1354 1677 1438 1743 sit
1467 1680 1669 1759 turpe,
1703 1676 1779 1741 fit
1811 1677 2020 1758 aliquo
2058 1676 2242 1741 modo
2291 1676 2548 1760 dignum
2595 1676 2775 1740 venia
2813 1693 2885 1740 ac
2915 1674 3170 1758 proinde

703 1779 1017 1845 hominem
1064 1798 1135 1843 ex
1171 1781 1344 1844 metu
1376 1778 1836 1860 delinquentem
1872 1778 2240 1843 damnamus
2271 1779 2473 1862 magis
2503 1781 2578 1843 ut
2609 1778 2815 1851 vilem,
2849 1797 3039 1858 quam
3070 1776 3169 1842 uti

704 1880 1074 1963 improbum.
1108 1880 1271 1944 Hinc
1309 1879 1591 1964 Synodus
1623 1880 1896 1945 Nicaena
1928 1883 1991 1944 et
2025 1879 2308 1964 synodus
2339 1880 2666 1963 Ancyrana
2704 1878 3056 1955 voluerunt,
3097 1881 3170 1943 ut

706 1982 885 2046 venia
930 1982 1175 2045 facilius
1207 1983 1583 2047 tribueretur
1612 1983 1690 2046 iis
1720 1982 2024 2059 fidelibus,
2065 1982 2174 2064 qui
2220 2000 2258 2045 a
2291 1982 2633 2047 christiana
2669 1981 2967 2065 religione
3014 1981 3172 2046 defe-

706 2086 916 2148 cerant
948 2085 1026 2147 ob
1056 2086 1295 2148 metum
1342 2084 1808 2167 suppliciorum,
1842 2085 2156 2149 difficilius
2205 2088 2417 2149 autem
2463 2085 2607 2159 11113,
2649 2084 2758 2166 qui
2804 2103 2918 2148 sua
2951 2087 3169 2167 sponte

708 2186 784 2251 ad
830 2185 1252 2250 idololatriam
1286 2186 1761 2251 declinaverant.
1799 2187 2028 2251 Eadem
2075 2188 2147 2250 de
2179 2205 2385 2261 causa,
2421 2188 2494 2250 ut
2524 2186 2788 2262 videtur,
2839 2184 3050 2250 Sixtus
3089 2185 3166 2250 V.

702 2289 770 2353 in
816 2285 1295 2365 Constitutione,
1331 2308 1454 2371 qua
1500 2289 1729 2353 crimen
1768 2288 2134 2371 procurandi
2181 2288 2436 2352 abortus
2482 2288 2804 2352 damnavit
2839 2307 2911 2351 ac
2956 2286 3168 2370 poenis

705 2390 994 2467 coercuit,
1021 2391 1393 2455 sententiam
1417 2390 2067 2455 excommunicationis
2091 2389 2212 2454 fert
2236 2391 2298 2454 in
2324 2408 2446 2459 003.
2467 2390 2576 2472 qui
2601 2409 2797 2474 opem,
2818 2390 3166 2465 consilium,

706 2494 1008 2558 auxilium
1038 2495 1154 2557 010.
1196 2493 1272 2556 ad
1303 2493 1366 2557 id
1399 2493 1793 2567 contulerint,
1844 2491 1916 2556 de
1961 2492 2220 2558 muliere
2266 2495 2476 2557 tamen
2521 2493 2658 2577 ipsa
2704 2511 2954 2574 prorsus
3003 2493 3165 2557 silet.

706 2596 915 2670 Ratio,
951 2597 1098 2677 quia
1138 2596 1213 2659 ad
1245 2597 1362 2660 1100
1391 2596 1628 2678 impelli
1672 2615 1796 2660 non
1835 2595 2037 2660 solent
2083 2597 2252 2679 ipsae
2300 2600 2372 2660 ut
2419 2596 2778 2678 plurimum,
2827 2595 2949 2659 nisi
2994 2598 3168 2660 metu

705 2697 915 2780 gravis
951 2697 1244 2760 infamiae
1277 2697 1374 2760 vel
1406 2697 1751 2761 vexationis
1783 2716 1819 2761 a
1849 2698 2210 2780 parentibus
2234 2719 2291 2761 v.
2332 2719 2425 2783 gr.
2462 2701 2574 2763 3111
2606 2718 2642 2762 3
2672 2697 2922 2762 11131110.

813 2871 988 2923 XLlV.
1012 2869 1127 2922 Dixi
1166 2885 1258 2923 pen
1299 2885 1356 2924 se
1396 2885 1670 2932 1001133110,
1704 2877 1806 2924 tum
1845 2870 1956 2936 quia
1993 2872 2038 2922 l⁰
2066 2871 2107 2925 si
2145 2879 2302 2926 metus
2341 2871 2535 2938 penitus
2575 2872 2748 2927 mentis
2775 2871 3015 2926 iudicium
3063 2888 3170 2940 per-

704 2957 864 3008 turbet
890 2960 938 3007 et
965 2954 1214 3020 impediat,
1236 2953 1364 3007 actio
1391 2955 1667 3008 nullatenus
1688 2954 1777 3009 erit
1799 2955 2097 3009 voluntaria:
2121 2965 2220 3010 tum
2242 2958 2296 3009 2⁰
2319 2956 2432 3022 quia
2459 2958 2519 3008 ad
2550 2958 2785 3020 agendum
2817 2955 2941 3009 aliae
2972 2965 3167 3023 praeter

700 3045 884 3092 metum
924 3038 1138 3093 rationes
1177 3052 1378 3094 movere
1419 3047 1622 3106 possunt
1648 3042 1771 3094 adeo
1805 3046 1857 3093 ut
1880 3047 2017 3105 grata
2057 3040 2235 3106 potius,
2267 3055 2411 3106 quam
2439 3043 2643 3096 molesta
2685 3044 2843 3094 natet
2872 3048 2989 3094 tune
3016 3057 3164 3108 quae-

705 3123 828 3179 libet
868 3123 1029 3178 aberit
1063 3124 1383 3179 involuntarii
1420 3124 1564 3179 ratio.

810 3209 927 3264 Dixi
949 3225 1321 3277 nsoummrssffi
1363 3216 1414 3264 ut
1451 3209 1579 3264 euim
1619 3224 1709 3263 suo
1748 3212 1857 3264 loco
1897 3212 2158 3264 ostendunt
2197 3209 2429 3276 theologi,
2463 3211 2606 3264 «lolor
2634 3217 2964 3277 peccatorum,
2991 3211 3077 3278 qui
3105 3226 3165 3267 ex

703 3303 834 3349 metu
875 3294 1067 3349 divinae
1107 3294 1308 3349 ultionis
1346 3294 1554 3356 elicitur,
1580 3309 1771 3348 omnem
1802 3294 1905 3349 veri
1931 3293 2252 3349 involuntarii
2279 3309 2365 3347 seu
2396 3298 2596 3349 affectus
2623 3303 2822 3362 peccato
2851 3296 3168 3351 adhaerentis

699 3379 936 3432 rationem
976 3379 1210 3432 excludit.

790 3513 910 3587 79.
952 3515 1110 3581 Sane
1145 3518 1212 3579 10
1249 3516 1522 3598 exceptio
1571 3516 1756 3582 datur
1793 3518 1996 3599 quoad
2037 3520 2300 3601 primam
2332 3521 2592 3602 partem,
2633 3520 2864 3586 30111001
2896 3520 3069 3587 facta
3100 3541 3170 3588 ex

699 3621 872 3681 metu
905 3636 1036 3682 esse
1069 3618 1424 3684 voluntaria
1455 3618 1838 3701 simpliciter.
1877 3619 2038 3684 Nam
2077 3622 2130 3686 si
2167 3623 2374 3685 metus
2412 3622 2655 3686 auferat
2693 3622 2940 3704 penitus
2983 3643 3171 3689 usum

698 3718 982 3792 rationiS,
1022 3719 1187 3784 30110
1217 3739 1342 3786 11011
1374 3724 1470 3786 031
1516 3721 1888 3786 voluntaria.
1925 3722 2005 3785 Et
2042 3722 2255 3787 eadem
2301 3723 2375 3787 de
2406 3742 2613 3800 eausa,
2664 3724 2717 3788 si
2753 3742 2875 3789 non
2915 3726 3171 3805 quidem

706 3820 1023 3885 auferatur
1045 3842 1193 3887 usus
1220 3824 1479 3888 rationis
1510 3825 1777 3907 penitus,
1812 3824 1917 3889 sed
1941 3826 2103 3889 ratio
2128 3826 2306 3890 valde
2339 3828 2748 3908 perturbetur,
2790 3847 2899 3910 pro
2924 3829 3172 3894 ratione

700 3923 886 3987 istius
921 3924 1366 4006 impedimenti,
1408 3927 1570 3990 actio
1618 3926 1859 3991 deficiet
1907 3945 1943 3990 a
1987 3928 2228 3992 ratione
2275 3928 2632 3994 voluntarii.
2682 3931 2843 3994 Item
2888 3932 3169 4015 exceptio

698 4030 799 4091 est
837 4029 906 4090 20
936 4026 1139 4108 quoad
1181 4028 1443 4092 alteram
1476 4029 1735 4108 partem,
1769 4046 1988 4109 nempe
2025 4029 2447 4094 involuntaria
2486 4050 2615 4096 esse
2653 4031 2992 4097 secundum
3018 4033 3169 4116 quid

692 4146 862 4209 quae
891 4127 1051 4193 fiunt
1083 4148 1155 4192 ex
1184 4132 1378 4204 metu,
1413 4130 1475 4192 01
1506 4129 1815 4193 statuitur
1853 4129 2187 4211 aliquando
2219 4149 2341 4195 non
2375 4153 2504 4197 esse
2540 4133 2985 4199 involuntaria.

792 4229 863 4293 Id
895 4247 1039 4294 vero
1085 4230 1349 4293 maxime
1382 4229 1586 4294 locum
1619 4230 1808 4294 habet
1846 4231 2091 4313 quando
2133 4234 2195 4296 1ο
2226 4235 2430 4299 11101113
2463 4254 2586 4300 11011
2610 4238 2703 4300 031
2732 4255 2924 4301 causa
2962 4238 3167 4320 plena,

701 4351 809 4396 cur
841 4331 954 4396 fiat
990 4330 1329 4413 quidpiam,
1372 4331 1469 4394 vel
1503 4333 1571 4394 20
1608 4331 1662 4397 si
1693 4335 1790 4397 est
1827 4351 2016 4398 eausa
2047 4333 2228 4416 plena
2276 4354 2346 4399 ae
2392 4337 2629 4411 totalis,
2663 4356 2758 4402 res
2807 4341 3040 4416 tamen,
3091 4339 3170 4404 ad

701 4451 891 4514 quam
921 4432 1207 4515 impellit,
1242 4434 1337 4495 est
1368 4451 1479 4513 per
1512 4432 1789 4497 accidens
1821 4439 2004 4517 grata
2035 4437 2245 4518 potius
2276 4456 2466 4518 quam
2510 4439 2794 4504 molesta.
2843 4439 3170 4524 Quispiam

703 4554 761 4598 v.
796 4556 889 4619 gr.
925 4536 1183 4616 urgente
1214 4535 1405 4608 metu,
1446 4534 1774 4619 confugere
1806 4537 2052 4621 cogitur
2087 4539 2154 4603 in
2200 4538 2425 4615 locum,
2467 4559 2650 4621 quem
2682 4541 2839 4607 alias
2885 4561 3009 4607 non
3057 4563 3171 4627 po-
