3529 5158
367 296 520 371 [811]
592 310 678 351 An
703 309 895 355 Amos
919 312 1092 353 nun
1120 312 1375 353 mrmx
1399 313 1689 355 malmin
1714 315 1961 358 Possm
1987 317 2227 359 sumu
2256 319 2337 359 AB
2363 318 2654 361 nccnnsm
2728 306 2836 362 327

370 407 573 490 cipere
619 408 716 472 vel
756 407 1075 490 prohibere
1123 412 1301 474 actus
1347 428 1514 474 mere
1557 410 1840 477 internos
1888 415 1951 477 et
1995 413 2112 478 hoc
2145 415 2459 480 affirmant
2497 417 2713 481 confici
2744 437 2839 482 ra-

370 510 647 574 tionibus
695 511 773 574 ab
819 510 1076 575 adversa
1122 514 1297 593 parte
1346 511 1589 576 allatis:
1638 514 2020 580 contendunt
2064 521 2273 582 tamen
2322 519 2497 583 actus
2536 520 2837 585 eiusmodi

372 631 551 695 posse
598 612 943 695 praecipere
989 612 1195 694 quoad
1231 615 1608 696 potestatem
1641 635 1811 681 mere
1841 616 2223 684 directivam.

461 714 652 780 Ratio
700 716 795 779 est
846 714 912 778 1⁰
957 715 1104 796 quia
1151 736 1379 779 munus
1411 716 1720 796 pascendi
1748 720 1935 784 Petro
1982 721 2384 787 commissum
2429 724 2603 789 nullo
2636 724 2837 789 limite

368 817 856 901 constringitur:
889 815 1097 881 Pasce
1128 838 1268 883 oves
1299 839 1485 883 meas.
1522 819 1955 902 Quodcumque
1987 821 2286 903 Ziyaveris
2318 827 2435 890 etc.
2483 826 2649 910 Ergo
2689 827 2839 892 haec

370 920 653 1002 potestas
699 938 821 983 non
869 917 1051 983 debet
1087 921 1391 985 coarctari
1424 921 1502 985 ad
1536 924 1715 986 actus
1747 924 2017 989 exterius
2053 926 2445 1007 prodeuntes.

550 1022 619 1085 2⁰
648 1022 822 1086 Finis
869 1023 1318 1089 ecclesiasticae
1350 1025 1684 1106 potestatis
1715 1028 1813 1090 est
1844 1027 2170 1108 spirituale
2202 1029 2436 1093 bonum
2483 1031 2836 1094 animarum

367 1126 432 1187 et
478 1124 786 1189 assecutio
833 1124 1000 1189 vitae
1047 1127 1333 1190 aeternae
1378 1125 1530 1208 ipsis
1570 1127 1974 1208 procuranda.
2029 1129 2127 1193 Ad
2173 1130 2338 1194 hunc
2392 1134 2604 1196 autem
2650 1131 2834 1195 finem

365 1226 571 1290 maior
599 1226 763 1291 ratio
796 1227 1060 1292 habetur
1104 1228 1491 1292 internorum
1517 1229 1792 1304 actuum,
1834 1249 2022 1311 quam
2056 1232 2470 1297 externorum.

550 1329 620 1391 3⁰
650 1326 885 1393 Concil.
920 1328 1260 1393 Tridentin.
1311 1348 1457 1394 sess,
1499 1330 1677 1394 XIII.
1725 1330 1990 1397 Prooem
2022 1352 2131 1397 seu
2179 1335 2421 1399 Decret.
2463 1334 2535 1399 de
2584 1354 2664 1399 ss.
2714 1336 2836 1400 Eu-

366 1430 622 1494 charist.
663 1455 699 1487 «
734 1430 1018 1494 omnibus
1066 1427 1300 1495 Christi
1346 1431 1631 1497 fidelibus
1679 1432 2015 1512 interdicit,
2051 1455 2127 1500 ne
2163 1436 2427 1519 posthac
2458 1436 2531 1501 de
2578 1438 2836 1502 sanctis-

366 1532 526 1596 sima
573 1531 967 1596 Eucharistia
1016 1532 1198 1597 aliter
1244 1549 1595 1597 CREDERE...
1662 1533 1951 1612 audeant,
2003 1556 2192 1617 quam
2241 1540 2313 1601 ut
2358 1539 2455 1602 est
2500 1538 2617 1602 hoc
2664 1558 2834 1621 prae-
2953 1596 2960 1602 .

367 1636 532 1700 senti
568 1635 811 1700 decreto
859 1635 1232 1719 explicatum
1267 1654 1338 1700 ac
1369 1635 1694 1701 definitum
1729 1662 1790 1700 ».
1840 1637 2041 1719 Atqui
2088 1639 2331 1705 credere
2376 1641 2471 1705 est
2517 1643 2694 1705 actus
2724 1660 2834 1723 per

365 1759 434 1803 se
463 1739 755 1803 interior:
791 1737 990 1802 Corde
1026 1737 1304 1801 creditur
1326 1738 1415 1801 ad
1441 1741 1770 1803 iustitiam.

548 1844 619 1904 4⁰
650 1841 1045 1906 Innocentius
1091 1840 1202 1904 XI.
1236 1841 1301 1904 in
1347 1840 1468 1906 fine
1500 1842 1598 1906 sui
1646 1843 1875 1908 decreti
1908 1843 2263 1909 damnantis
2311 1845 2415 1908 65.
2463 1845 2831 1927 propositio-

363 1964 475 2010 nes
521 1944 706 2009 dicit:
747 1971 781 2001 «
816 1945 1077 2026 Insuper
1108 1943 1386 2007 districte
1418 1944 1480 2008 in
1523 1945 1754 2011 virtute
1788 1967 1836 2011 s.
1871 1946 2267 2012 Obedientiae
2299 1949 2363 2011 et
2393 1948 2509 2011 sub
2554 1948 2832 2013 intermi-
2908 1986 2918 1995 ·

362 2050 619 2114 natione
642 2048 836 2114 divini
866 2048 1079 2114 iudicii
1095 2048 1381 2131 prohibet
1396 2047 1739 2129 (Sanctitas
1764 2054 1908 2135 sua)
1933 2052 2217 2116 omnibus
2243 2049 2825 2118 Christifidelibus...

368 2174 444 2218 ne
471 2150 817 2235 praedictas
853 2150 1168 2233 opiniones
1217 2153 1328 2215 aut
1376 2150 1650 2233 aliquam
1697 2153 1981 2235 ipsarum
2027 2153 2116 2216 ad
2131 2155 2398 2233 praxim
2434 2153 2827 2220 deducant».

363 2261 560 2324 Porro
607 2258 828 2338 quinta
877 2257 966 2320 sic
1010 2257 1215 2321 habet.
1258 2282 1292 2314 «
1326 2256 1424 2320 An
1469 2260 1677 2339 peccet
1721 2259 2045 2325 moraliter
2083 2260 2191 2342 qui
2238 2262 2449 2325 actum
2480 2259 2829 2324 dilectionis

238 2407 256 2422 .
367 2362 482 2426 Dei
528 2359 717 2425 semel
755 2362 1005 2424 tantum
1039 2358 1104 2422 in
1137 2359 1270 2422 vita
1315 2359 1581 2432 eliceret,
1615 2360 2019 2427 condemnare
2064 2381 2187 2427 non
2234 2361 2533 2426 audemus
2566 2387 2627 2425 ».
2661 2362 2831 2444 Ergo

366 2465 503 2531 heic
550 2462 961 2540 interdicitur,
997 2479 1070 2526 ne
1102 2461 1243 2542 quis
1276 2461 1480 2526 solum
1527 2463 1716 2528 semel
1763 2463 1828 2527 in
1860 2465 1993 2529 vita
2039 2465 2249 2529 eliciat
2281 2468 2493 2529 actum
2523 2463 2825 2528 caritatis.

366 2567 564 2633 Sexta
608 2565 696 2630 sic
743 2586 806 2630 se
851 2564 1070 2630 habet:
1113 2590 1148 2622 ‹<
1178 2563 1506 2630 Probabile
1553 2567 1667 2641 est,
1717 2587 1792 2631 ne
1825 2567 2089 2651 singulis
2113 2567 2362 2650 quidem
2393 2567 2829 2651 quinquenniis

364 2691 473 2754 per
519 2690 584 2735 se
633 2668 909 2752 obligare
955 2671 1352 2751 praeceptum
1397 2669 1680 2733 caritatis
1713 2688 1862 2754 erga
1908 2671 2109 2735 Deum
2140 2696 2202 2734 ».
2228 2672 2396 2755 Ergo
2429 2671 2826 2755 praecipitur,

365 2793 438 2839 ne
471 2773 615 2855 quis
663 2771 832 2835 ultra
879 2770 1368 2852 quinquennium
1415 2770 1659 2835 differat
1706 2776 1918 2837 actum
1965 2773 2269 2838 caritatis.
2319 2773 2597 2853 Septima
2641 2774 2832 2838 habet

364 2877 490 2941 ita:
525 2901 560 2934 ‹
580 2875 754 2938 Tunc
777 2873 982 2939 solum
1008 2872 1249 2957 obligat
1269 2874 1692 2956 (praeceptum
1724 2876 2056 2959 caritatis),
2083 2876 2328 2957 quando
2354 2878 2636 2941 tenemur
2652 2876 2829 2942 iusti·

363 2979 536 3044 ficari
584 2979 647 3042 et
682 2996 806 3042 non
851 2976 1150 3041 habemus
1183 2976 1372 3040 aliam
1410 2977 1596 3052 viam,
1645 2996 1770 3059 qua
1822 2977 2148 3041 iustificari
2195 2979 2503 3059 possimus
2551 3004 2612 3039 ».
2659 2979 2827 3059 Ergo

362 3079 744 3164 praecipitur
775 3082 954 3143 actus
1006 3078 1289 3142 caritatis
1328 3078 1575 3142 etiamsi
1631 3080 1743 3143 aut
1796 3096 1918 3143 non
1977 3079 2297 3142 teneamur
2340 3079 2668 3141 iustificari
2715 3081 2828 3141 aut

362 3184 673 3266 possimus
705 3181 1033 3247 iustificari
1065 3180 1188 3244 alia
1226 3180 1348 3243 via.
1385 3180 1661 3260 Denique
1696 3179 1933 3242 decima
1959 3181 2079 3243 est:
2123 3203 2157 3235 «
2189 3179 2246 3241 N
2252 3197 2330 3242 on
2376 3180 2660 3242 tenemur
2692 3196 2827 3259 pro-
2960 3220 2972 3230 -

361 3287 602 3350 ximum
632 3285 888 3369 diligere
919 3285 1066 3349 actu
1111 3283 1355 3347 interno
1403 3285 1464 3345 et
1509 3281 1758 3345 formali
1791 3305 1852 3344 ».
1888 3281 2053 3362 Ergo
2100 3279 2511 3355 interdicitur,
2560 3298 2635 3343 ue
2683 3278 2825 3360 quis

368 3388 627 3452 omittat
672 3390 884 3452 actum
929 3385 1212 3451 caritatis
1259 3385 1574 3449 internum
1622 3402 1692 3447 ac
1725 3383 2051 3448 formalem
2082 3401 2229 3465 erga
2277 3382 2588 3465 proximos
2621 3382 2735 3465 (a).

454 3487 593 3560 311.
627 3490 839 3572 Neque
873 3489 1071 3553 solida
1103 3490 1250 3552 sunt
1283 3488 1671 3569 argumenta,
1707 3504 1864 3567 quae
1890 3485 2233 3549 afferuntur
2264 3503 2375 3567 pro
2407 3488 2673 3569 negante
2698 3503 2829 3549 sen-

366 3593 584 3658 tentia.

454 3696 556 3759 Ita
588 3715 648 3759 v.
674 3715 768 3778 gr.
801 3713 913 3777 pro
959 3692 1242 3777 neganda
1289 3692 1599 3774 potestate
1645 3690 1953 3755 Ecclesiae
2000 3691 2412 3774 praecipiendi
2454 3694 2629 3755 actus
2662 3710 2828 3755 mere

367 3797 661 3871 internos,
699 3797 975 3879 arguunt
1020 3815 1091 3860 ex
1137 3795 1325 3872 fact0‚
1352 3794 1500 3876 quia
1545 3812 1866 3874 nunquam
1913 3793 1976 3857 id
2024 3794 2187 3857 fecit.
2223 3793 2401 3871 Quod
2427 3797 2637 3858 autem
2670 3813 2829 3855 nun-

366 3919 556 3981 quam
604 3898 845 3964 factum
883 3900 996 3973 est,
1033 3899 1281 3983 signum
1329 3899 1424 3961 est
1455 3896 1590 3960 fieri
1620 3915 1743 3961 non
1775 3914 1973 3978 posse,
2010 3898 2081 3958 ut
2118 3896 2209 3959 ait
2242 3894 2466 3959 Suarez
2494 3895 2567 3956 (Ie
2605 3894 2825 3973 Layib.

363 4000 469 4065 lib.
506 4002 569 4064 4.
592 4019 730 4084 cap.
771 4002 872 4064 12.
907 4020 968 4063 n.
1007 4001 1064 4064 7.

450 4101 648 4168 Cuius
687 4102 1042 4187 argumenti
1087 4120 1312 4186 negare
1357 4100 1496 4183 quis
1544 4102 1751 4183 potest
1798 4101 1936 4163 tum
1985 4097 2365 4171 antecedens
2432 4097 2571 4160 tum
2617 4114 2829 4161 conse-

365 4206 706 4287 quentiam.
738 4203 1118 4269 Antecedens
1167 4203 1448 4285 quidem;
1483 4202 1630 4283 quia
1676 4203 1920 4283 praeter
1952 4200 2075 4265 alia
2114 4219 2273 4281 quae
2297 4199 2641 4263 afferuntur
2672 4198 2824 4281 (vid.

365 4327 496 4391 sup.
535 4329 598 4372 n.
641 4308 823 4390 125.)
860 4325 1058 4371 nonne
1104 4306 1376 4371 Ecclesia
1423 4325 1482 4368 v,
1533 4324 1628 4387 gr.
1662 4303 1864 4387 legem
1912 4303 2080 4379 tulit,
2130 4304 2204 4365 ut
2250 4302 2567 4386 regulares
2616 4320 2827 4366 omnes

466 4540 534 4592 (a)
562 4537 661 4581 Sed
689 4536 820 4579 haec
849 4534 1017 4577 omnia
1045 4537 1274 4588 spectant
1305 4534 1368 4576 ud
1396 4533 1556 4587 legem
1585 4532 1835 4585 divinam,
1864 4544 2020 4585 quam
2046 4532 2275 4577 Ecclesia
2304 4533 2546 4577 declarat..
2578 4536 2635 4578 E.
