3529 5158
682 400 790 456 454
1333 412 1549 454 mac-r.
1588 412 1676 452 111.
1716 411 1802 451 nn
1837 411 2117 453 nmmos,
2163 411 2362 453 carm·
2401 412 2506 452 vn.
2998 395 3140 470 [479]

770 508 948 582 479.
982 511 1201 575 Tacita
1230 509 1543 575 revocatio
1575 508 1887 593 privilegii
1914 508 1990 572 fit
2021 528 2127 591 per
2158 510 2370 573 actum
2401 508 2692 591 principis
2716 508 3138 573 contrarium:

682 615 787 680 sed
832 614 1346 698 praesumendum
1391 615 1487 678 est
1530 633 1673 677 eum
1720 630 1898 677 nosse
1944 612 2340 696 privilegium
2393 629 2770 677 concessum.
2828 612 3007 675 Duae
3053 631 3142 676 re·

682 717 868 801 gulae
914 717 1248 781 traduntur
1278 735 1388 800 pro
1427 716 1621 780 tacita
1651 715 2043 780 revocatione
2087 715 2574 799 privilegiorum.
2608 714 2840 789 Prima,
2875 713 2973 779 lex
3006 714 3143 778 uni-

685 821 942 886 versalis
972 840 1094 887 non
1124 822 1384 906 derogat
1415 821 1777 905 privilegiiS,
1809 838 1969 902 quae
1998 837 2121 883 non
2151 819 2545 883 continentur
2572 819 2636 882 in
2675 838 2931 903 corpore
2968 819 3140 895 iuriS,

685 924 805 988 nisi
850 943 1065 988 eorum
1109 924 1343 988 mentio
1380 922 1662 1006 specialis
1691 922 1825 985 fiat.
1860 920 2142 986 Sumitur
2185 941 2256 985 ex
2293 942 2344 985 c.
2383 923 2439 985 1.
2479 921 2554 985 de
2594 920 2856 985 Constit.
2890 923 2956 986 in
2989 922 3050 984 6.
3082 923 3145 985 et

684 1026 846 1090 ratio
893 1025 1040 1089 ibid.
1087 1025 1397 1090 redditur:
1445 1025 1594 1107 quia
1639 1024 1926 1106 quamvis
1973 1022 2245 1107 pontifex
2292 1025 2615 1088 censeatur
2660 1024 2886 1089 habere
2933 1024 3139 1088 omnia

687 1127 824 1191 iura
869 1127 933 1190 in
978 1128 1224 1209 pectore
1254 1145 1387 1203 su0‚
1426 1127 1633 1210 potest
1664 1127 1873 1191 tamen
1905 1127 2306 1209 probabiliter
2341 1127 2629 1211 ignorare
2658 1127 2799 1191 iura
2830 1127 3140 1209 specialia.

685 1227 963 1293 Secunda
1008 1229 1258 1313 regula:
1307 1228 1723 1313 privilegium,
1773 1228 1940 1311 quod
1986 1230 2157 1312 prius
2188 1248 2546 1293 concessum
2592 1228 2732 1305 fuit,
2782 1229 2903 1292 nisi
2950 1229 3039 1293 sit
3080 1229 3141 1293 in

685 1349 937 1413 corpore
983 1331 1135 1394 iuris
1180 1331 1560 1408 contentum,
1593 1349 1718 1396 non
1766 1330 2013 1395 tollitur
2044 1351 2151 1414 per
2180 1332 2548 1414 rescriptum
2595 1332 2710 1396 aut
2745 1331 3141 1416 privilegium

687 1432 1014 1514 posteriue,
1063 1432 1227 1513 quod
1274 1432 1557 1496 videatur
1602 1432 2004 1508 contrarium,
2037 1433 2156 1497 nisi
2192 1433 2365 1497 illius
2411 1433 2694 1516 specialis
2739 1434 2975 1499 mentio
3013 1434 3141 1497 fiat.

689 1533 894 1597 Facile
940 1535 1148 1598 tamen
1192 1534 1564 1614 conceditur,
1612 1535 1780 1617 quod
1826 1537 1879 1599 si
1925 1537 2095 1619 prius
2140 1535 2537 1619 privilegium
2583 1535 2669 1600 sit
2703 1538 3011 1621 generale,
3045 1555 3145 1620 po-

689 1637 914 1702 sterius
959 1656 1105 1702 vero
1152 1638 1433 1721 speciale,
1483 1637 1674 1720 priori
1720 1658 1793 1703 ex
1839 1640 2013 1722 parte
2060 1638 2395 1722 derogatur
2439 1658 2548 1722 per
2593 1641 2922 1723 posteriue,
2972 1641 3144 1705 iuxta

687 1741 971 1824 regulam
1007 1742 1115 1804 34.
1161 1741 1225 1804 in
1265 1741 1324 1804 6.
1373 1741 1590 1823 yeneri
1620 1761 1743 1820 per
1788 1742 2049 1820 speciem
2093 1741 2446 1824 deroqatur.
2496 1741 2585 1805 Ex
2630 1742 2954 1827 Laymann
3002 1744 3041 1807 l.
3090 1763 3138 1808 c.

687 1843 1065 1907 nn.25227.
3194 1838 3199 1845 '

781 1940 962 2015 480.
1015 1946 1128 2008 11⁰
1171 1946 1446 2011 Tandem
1477 1946 1874 2030 privilegium
1910 1946 2136 2011 desinit
2181 1966 2286 2030 per
2331 1948 2856 2012 renunciationem
2906 1949 3145 2032 privile-

688 2049 866 2133 giati.
915 2045 1092 2111 Circa
1140 2048 1303 2129 quod
1342 2048 1785 2114 advertendum
1824 2052 1935 2125 est,
1970 2050 2032 2114 id
2065 2051 2268 2114 valere
2299 2051 2545 2132 quando
2577 2051 2980 2136 privilegium
3009 2072 3143 2117 con-

689 2170 932 2215 cessum
978 2150 1062 2214 sit
1107 2150 1169 2213 in
1217 2151 1349 2214 eius
1387 2151 1580 2215 solius
1627 2151 1936 2227 favorem;
1977 2172 2122 2217 nam
2161 2177 2195 2210 «
2220 2153 2485 2216 liberum
2533 2154 2864 2236 unicuique
2901 2155 2999 2218 est
3035 2174 3142 2219 suo

686 2255 811 2318 iuri
838 2253 1196 2317 renunciare
1227 2277 1288 2327 »‚
1325 2256 1398 2318 ut
1421 2254 1649 2319 dicitur
1677 2256 1743 2318 in
1768 2274 1817 2318 c.
1860 2254 1935 2317 Se·
1955 2254 2029 2319 de
2056 2258 2245 2327 terra,
2273 2255 2347 2317 de
2370 2254 2765 2338 PrivileyiiS.
2792 2257 3145 2341 Privilegiis

691 2376 855 2434 vero,
904 2375 1063 2439 quae
1107 2356 1528 2440 principaliter
1572 2358 1634 2421 in
1697 2358 1975 2422 favorem
2020 2357 2326 2422 Ecclesiae
2388 2358 2485 2421 vel
2530 2360 3006 2424 communitatis
3050 2360 3145 2425 vel

692 2459 922 2524 ordinis
968 2478 1254 2525 concessa
1299 2462 1465 2535 sunt,
1515 2479 1809 2543 personae
1856 2461 2133 2543 privatae
2178 2479 2374 2541 neque
2421 2479 2530 2543 pro
2579 2480 2643 2525 se
2686 2462 2839 2545 ipsis
2886 2467 3149 2545 possunt

688 2562 1072 2640 renunciare3
1123 2563 1210 2627 sic
1256 2563 1511 2628 clericus
1557 2563 1775 2645 nequit
1820 2563 2177 2627 renunciare
2222 2562 2546 2648 privilegio
2594 2566 2865 2630 canonis.
2904 2566 3148 2631 Renun-

689 2666 876 2730 ciatio
925 2667 1135 2729 autem
1183 2666 1280 2728 vel
1328 2666 1520 2726 tacita
1564 2666 1660 2728 est
1705 2666 1804 2730 vel
1849 2685 2161 2745 expressa.
2197 2667 2289 2729 De
2322 2667 2514 2730 tacita
2546 2667 2673 2731 iam
2719 2668 3013 2746 diximu8‚
3062 2670 3149 2734 lo·

692 2768 949 2849 quentes
994 2768 1068 2832 de
1113 2784 1235 2831 non
1282 2787 1401 2831 usu
1446 2768 1543 2831 vel
1575 2787 1694 2832 usu
1739 2769 2069 2844 contrario,
2103 2768 2212 2850 qui
2249 2767 2581 2834 identidem
2623 2770 2932 2836 inducunt
2963 2773 3150 2838 amis-

690 2870 928 2934 sionem
963 2870 1293 2954 privilegii.
1326 2869 1627 2953 Expressa
1659 2872 1870 2935 autem
1902 2870 2277 2935 renuntiatio
2316 2872 2390 2934 ut
2424 2871 2651 2948 valeat,
2692 2874 3146 2940 manifestanda

693 2974 787 3038 aet
834 2973 1075 3037 auctori
1119 2972 1447 3058 privilegii,
1480 2974 1730 3056 propter
1767 2975 2022 3038 eandem
2068 2973 2370 3037 rationem
2401 2993 2590 3054 quam
2626 2976 2754 3040 iam
2792 2979 3146 3055 attulimus,

688 3076 1012 3158 loquentes
1058 3076 1134 3140 de
1177 3096 1460 3159 expressa
1507 3078 1971 3143 renunciatione
2017 3076 2514 3160 dispensationis,
