3529 5158
1157 298 1242 337 nn
1279 296 1487 338 unx-m
1524 296 1571 338 s.
1610 296 1915 340 Anpnonsr
1951 298 2079 341 mo,
2747 284 2859 341 647

482 396 677 478 Atqui
725 397 833 461 ubi
878 415 925 461 3.
976 397 1209 460 Doctor
1254 394 1525 460 defendit
1572 397 1901 481 benignam
1948 396 2340 474 sententiam,
2390 398 2598 480 aperte
2648 400 2856 482 negat,

395 499 559 582 quod
608 499 814 581 opinio
860 498 1241 582 probabilior
1286 500 1519 563 certam
1566 499 1861 564 notitiam
1906 500 2063 585 legis
2108 500 2425 583 importet.
2475 500 2576 563 Ita
2622 501 2753 583 ipse
2799 501 2862 564 in

394 605 653 669 Dissert.
703 606 892 669 1755.
925 624 986 669 n.
1022 605 1164 668 31.:
1205 629 1243 662 «
1278 603 1408 687 Nec
1452 604 1622 668 valet
1667 604 1888 679 dicere,
1939 604 2107 687 quod
2154 623 2297 668 cum
2345 605 2604 687 apparet
2647 606 2866 687 proba-

395 705 577 771 bilior
624 707 835 788 aliqua
883 706 1090 789 opinio
1130 725 1240 789 pro
1288 707 1445 791 lege,
1485 708 1636 771 tunc
1681 706 1883 772 maior
1930 707 2042 771 illa
2090 707 2500 790 probabilitas
2537 707 2739 792 legem
2770 708 2868 771 de-

395 809 594 872 clarat
617 808 1060 890 scientiamque
1084 807 1241 892 legis
1263 809 1391 872 iam
1416 808 1680 873 exhibet.
1706 808 1872 873 Nam
1898 809 2176 888 scientia,
2209 809 2306 872 1111
2338 810 2531 891 patet,
2566 809 2870 892 importat

394 911 628 974 certam
660 910 953 974 notitiam
985 910 1059 974 de
1089 910 1452 975 exsistentia
1498 911 1686 995 legis;
1725 911 1934 993 opinio
1985 912 2198 975 autem
2230 910 2421 974 etiam
2468 910 2865 993 probabilior,

393 1032 536 1076 011111
584 1031 706 1077 11011
754 1014 1073 1077 removeat
1119 1012 1481 1095 prudentem
1526 1012 1920 1077 formidinem
1971 1012 2341 1095 oppositam,
2377 1013 2473 1077 est
2510 1014 2649 1077 toto
2695 1012 2865 1077 caelo

393 1113 637 1178 diversa
684 1133 721 1179 a
768 1115 1044 1191 scientia,
1080 1133 1257 1196 quae,
1300 1115 1467 1178 omni
1511 1113 1803 1197 prudenti
1850 1113 2180 1178 formidine
2226 1114 2491 1192 exclusa,
2532 1114 2867 1197 praesefert

392 1216 830 1281 certitudinem
865 1242 925 1279 ».

485 1320 589 1382 21.
639 1318 853 1400 Neque
898 1319 1105 1382 minus
1154 1338 1201 1382 s.
1253 1319 1487 1382 Doctor
1531 1318 1689 1382 illud
1736 1318 1959 1394 reiicit,
2010 1317 2174 1400 quod
2233 1317 2438 1401 opinio
2487 1318 2867 1401 probabilior

390 1421 455 1485 in
502 1439 650 1485 casu
696 1439 818 1486 non
865 1421 950 1485 sit
1006 1421 1275 1503 amplius
1321 1421 1529 1497 dubia,
1587 1421 1691 1484 sed
1749 1419 2076 1484 moraliter
2132 1424 2304 1484 certa
2358 1420 2603 1485 evadat.
2655 1421 2754 1485 Ita
2800 1421 2864 1489 in

392 1523 654 1587 Dissert.
708 1524 899 1586 1755.
949 1543 1009 1586 n.
1062 1523 1201 1586 13.:
1250 1548 1285 1581 «
1319 1522 1523 1586 Maior
1566 1523 1994 1605 probabilitas,
2042 1541 2201 1605 quae
2251 1524 2414 1587 stare
2459 1523 2708 1587 videtur
2752 1541 2863 1606 pro

391 1624 550 1707 lege,
600 1641 722 1688 non
769 1623 979 1698 efficit,
1020 1626 1094 1686 ut
1138 1626 1462 1686 censeatur
1508 1623 1818 1688 certitudo
1866 1624 2123 1688 moralis
2173 1623 2466 1688 adversus
2514 1624 2864 1706 opinionem

394 1726 767 1809 oppositam,
818 1743 976 1807 qnae
1031 1726 1212 1810 gravi
1267 1725 1467 1789 adhuc
1521 1725 1749 1791 nititur
1810 1724 2211 1793 fundamento
2244 1750 2308 1790 ».
2342 1726 2424 1790 Et
2470 1727 2657 1809 paulo
2703 1725 2866 1789 infra

390 1847 453 1891 n.
508 1829 649 1891 14.:
690 1853 726 1885 «
762 1827 969 1892 Maior
1015 1826 1422 1909 probabilitas
1471 1828 1733 1892 alicuius
1784 1827 2087 1911 opinionis
2133 1829 2388 1893 minime
2429 1828 2630 1893 reddit
2676 1846 2867 1911 oppo-

390 1929 583 1993 sitam
631 1928 1107 2012 improbabilem
1139 1953 1202 1991 ».

483 2031 566 2094 Et
587 2049 805 2095 rursus
827 2030 976 2094 ibid.
994 2051 1054 2094 n.
1084 2032 1220 2094 56.:
1254 2055 1289 2088 «
1307 2031 1702 2113 Respondent
1726 2032 1791 2096 hi
1817 2032 2062 2116 (nempe
2085 2033 2672 2116 probabilioristae),
2699 2032 2866 2114 quod

394 2134 604 2216 opinio
651 2133 1033 2217 probabilior
1091 2136 1373 2215 respectu
1421 2133 1498 2197 ad
1547 2135 1898 2218 oppositam
1961 2137 2055 2200 est
2109 2137 2433 2201 moraliter
2485 2137 2673 2211 certa,
2723 2154 2864 2198 cum

390 2237 597 2301 maior
641 2234 1049 2318 probabilitas
1097 2234 1291 2299 elidat
1334 2236 1655 2302 minorem.
1698 2235 1814 2301 Sed
1861 2238 2013 2302 haec
2058 2238 2371 2321 responsio
2409 2238 2610 2302 futilis
2643 2239 2756 2310 est,
2790 2236 2866 2300 ut

394 2357 589 2420 supra
634 2336 903 2401 vidimus
936 2362 997 2401 ».

491 2439 845 2523 Pugnantia
868 2439 1066 2522 igitur
1097 2441 1161 2503 et
1197 2439 1332 2504 heic
1362 2440 1682 2513 habemns,
1717 2441 1856 2519 nisi,
1898 2443 1990 2506 uti
2025 2462 2138 2525 par
2167 2447 2283 2516 est,
2323 2443 2449 2507 alia
2478 2443 2552 2506 de
2583 2441 2865 2526 probabi-

397 2540 543 2607 liori
583 2541 660 2607 ad
696 2544 966 2608 mentem
1021 2541 1328 2608 Gonzalez
1376 2544 1440 2608 et
1484 2544 1794 2622 Pattuzzi‚
1846 2545 1970 2611 alia
1999 2546 2319 2631 intelligas
2351 2544 2425 2610 de
2462 2543 2864 2630 probabiliori

396 2645 572 2709 iuxta
604 2664 992 2709 communem
1023 2645 1192 2709 vocis
1231 2646 1665 2729 acceptionem.

487 2749 591 2810 22.
634 2746 866 2811 Eadem
898 2747 1351 2813 animadversio
1399 2749 1660 2814 recurrit
1690 2751 1852 2814 circa
1892 2751 2062 2815 aliud
2092 2752 2485 2836 principium,
2525 2751 2628 2815 cui
2659 2770 2708 2814 s.
2743 2750 2864 2814 Do-

394 2853 531 2914 ctor
577 2849 955 2932 superstruit
1003 2850 1392 2927 sententiam,
1443 2870 1568 2933 qua
1614 2852 1893 2930 laxistas,
1950 2856 2138 2936 prout
2184 2853 2548 2929 videbimus,
2598 2851 2866 2916 intendit

395 2970 773 3036 oppugnare,
821 2952 1105 3036 negando
1152 2953 1387 3018 scilicet
1434 2953 1678 3017 licitum
1727 2974 1858 3018 esse
1904 2973 2090 3018 usum
2140 2955 2447 3037 opinionis
2502 2953 2859 3036 probabilis,

395 3052 623 3117 omissa
662 3053 1082 3136 probabiliori.
1133 3053 1361 3119 Scribit
1407 3075 1643 3138 nempe,
1693 3054 1860 3138 quod
1899 3082 1933 3112 «
1975 3055 2181 3138 opinio
2229 3054 2609 3137 probabilior
2641 3072 2751 3135 pro
2800 3072 2863 3116 se

394 3157 584 3221 habet
634 3160 870 3220 certum
922 3156 1420 3236 fumiamentnm,
1487 3159 1687 3236 ipsam
1748 3177 1878 3221 esse
1938 3178 2145 3220 veram
2198 3182 2259 3221 ».
2317 3158 2418 3221 Ita
2473 3156 2535 3220 in
2599 3157 2860 3219 Dissert.

395 3279 536 3325 ann.
576 3261 767 3323 1773.
816 3280 876 3323 n.
931 3262 990 3323 2.
1026 3261 1107 3323 Et
1137 3261 1253 3324 hoc
1290 3260 1497 3342 ipsum
1534 3260 1626 3323 ita
1674 3280 1721 3323 s.
1764 3260 2000 3324 Doctor
2036 3260 2263 3342 repetit
2308 3258 2373 3323 in
2411 3257 2601 3322 Hom.
2637 3257 2861 3336 Apost.

395 3364 474 3426 tr.
514 3364 571 3426 1.
607 3382 740 3446 cap.
775 3363 836 3426 3.
874 3383 930 3425 n.
968 3363 1111 3426 31.:
1146 3386 1183 3419 «
1212 3362 1327 3425 Est
1355 3362 1676 3426 moraliter
1708 3364 1877 3426 certa
1910 3361 2174 3444 (scilicet
2199 3362 2406 3445 opinio
2431 3359 2861 3444 probabilior),

395 3484 593 3547 quum
627 3484 737 3549 pro
772 3485 837 3529 se
870 3466 1098 3529 habeat
1127 3464 1604 3543 tundamentum
1638 3468 1893 3538 certum,
1934 3464 2101 3545 quod
2133 3466 2222 3529 sit
2259 3485 2404 3529 vera
2440 3490 2501 3528 ».

484 3570 572 3633 At
611 3588 757 3633 vero
803 3569 921 3632 1100
967 3569 1172 3652 ipsum
1220 3568 1652 3632 dissertissime
1699 3586 1748 3632 3.
1786 3569 2020 3632 Doctor
2066 3570 2273 3653 negat,
2308 3568 2418 3632 ubi
2450 3568 2719 3633 scribens
2750 3583 2859 3648 pro

396 3671 661 3756 benigna
710 3672 1016 3736 sententia
1062 3672 1213 3735 haec
1258 3671 1446 3735 habet
1494 3671 1753 3735 Dissert.
1809 3671 2001 3734 1855.
2043 3691 2102 3734 11.
2143 3671 2282 3734 17.:
2323 3697 2358 3728 ‹<
2392 3670 2614 3752 Opinio
2646 3669 2865 3752 proba-

398 3774 583 3839 bilior
616 3794 736 3839 non
786 3776 993 3857 potest
1040 3774 1159 3838 dici
1197 3774 1407 3853 opinio
1453 3794 1640 3837 vera:
1688 3774 1846 3838 alias
1893 3774 2100 3858 opinio
2147 3773 2527 3857 probabilior
2574 3774 2734 3836 esset
2765 3791 2865 3835 ve-

399 3876 553 3941 ritas
596 3878 950 3954 manifesta,
1009 3877 1173 3958 quod
1221 3878 1562 3961 repugnat;
1628 3896 1770 3941 cum
1825 3877 2055 3941 veritas
2101 3875 2433 3940 manifesta
2488 3875 2572 3939 sit
2618 3873 2861 3958 proprie

400 3979 674 4057 scientia,
706 3998 831 4044 non
870 3978 1098 4062 opinio,
1135 3978 1239 4043 sed
1277 3997 1517 4062 semper
1548 3978 1668 4042 dici
1715 3979 1895 4069 debet
1941 3978 2346 4062 probabiliter
2379 3997 2486 4041 seu
2519 3975 2865 4041 fallibiliter

399 4104 562 4150 vera.
597 4085 762 4150 Nam
793 4105 936 4149 cum
973 4085 1108 4168 ipsa
1148 4103 1181 4148 a
1215 4085 1452 4150 motivo
1490 4085 1739 4149 fallibili
1790 4086 1997 4148 ortum
2035 4085 2263 4148 habeat
2300 4087 2363 4148 01
2399 4083 2549 4146 fines
2580 4079 2863 4164 probabi-

397 4186 598 4252 litatis
624 4207 745 4252 non
771 4188 1042 4264 excedat,
1072 4187 1333 4251 infertur
1356 4187 1522 4269 quod
1549 4187 1754 4271 opinio
1790 4187 2100 4252 contraria
2132 4187 2217 4251 sit
2241 4186 2432 4250 etiam
2464 4181 2868 4268 probabiliter

397 4307 561 4353 vera.
615 4290 704 4353 Ex
752 4310 874 4371 quo
908 4290 1131 4366 evenit,
1168 4289 1333 4371 quod
1381 4290 1594 4374 magni
1631 4291 1954 4366 AuctoreS,
2003 4290 2150 4354 licet
2183 4289 2461 4370 aliquam
2494 4286 2868 4352 sententiam

398 4391 877 4473 probabiliorem
922 4392 1216 4465 iudicent,
1266 4394 1644 4457 contrariam
1691 4396 1901 4457 tamen
1949 4411 2072 4457 non
2105 4392 2397 4456 dubitant
2443 4411 2661 4456 vocare
2709 4390 2866 4455 satis

402 4493 499 4557 vel
534 4492 715 4557 valde
748 4494 1144 4576 probabilem,
1182 4496 1371 4576 prout
1406 4496 1480 4560 de
1512 4496 1689 4580 Lugo
1729 4494 1802 4556 de
1836 4495 2087 4559 Poenit.
2120 4494 2276 4577 disp.
2316 4496 2462 4559 107.
2497 4515 2556 4559 11.
2597 4496 2741 4558 107.
