3529 5158
637 257 745 310 312
1158 266 1369 307 macr.
1411 265 1499 305 111.
1538 264 1623 303 nn
1659 260 1938 302 nmmos.
1976 260 2175 301 carm·
2211 260 2249 299 1.
2289 260 2433 302 nnn.
2474 259 2563 298 111.
2956 241 3101 316 [288]

641 368 793 430 tom.
838 366 897 428 2.
932 384 991 446 p.
1030 366 1135 427 20.
1176 387 1212 421 «
1243 361 1658 441 Quamobrem
1703 377 1917 424 censeo
1966 357 2215 441 quidem
2261 357 2483 440 legem,
2533 374 2641 438 per
2678 374 2742 419 se
2773 354 3102 437 loquendo,

642 486 765 531 non
800 466 1076 550 obligare
1113 463 1587 547 independenter
1619 463 1696 527 ab
1729 461 2183 545 acceptatione3
2218 459 2621 524 nihilominus
2653 457 2925 522 arbitror
2956 457 3108 521 obli-

642 589 790 654 gare
837 569 1081 650 quoties
1129 570 1378 633 constat
1424 567 1517 631 ve]
1569 586 1641 630 ex
1686 565 2054 630 coniecturis
2101 562 2421 647 colligitur
2474 560 2868 637 sufficienter,
2919 557 3108 642 Supe-

639 673 867 735 riorem
891 669 1044 733 velle
1079 668 1564 749 independenter
1592 668 1671 731 ab
1703 667 2121 747 acceptatione
2143 665 2443 747 obliyara
2477 663 2839 747 praesertim
2864 662 2918 726 si
2939 662 3108 745 leges

640 773 995 837 nwderatae
1040 775 1190 847 sint,
1224 792 1465 846 suave&
1496 770 1716 850 faciles
1753 775 1817 833 et
1851 789 2166 834 commune
2200 768 2426 832 bon-um
2455 767 2817 846 respiciant.

732 875 830 940 Sic
879 879 1090 940 autem
1137 875 1476 940 Romana
1523 873 1668 937 ibid.
1711 894 1770 956 p.
1812 875 1912 936 19.
1948 891 2079 936 rem
2126 871 2382 954 probat:
2425 895 2459 928 «
2493 868 2679 932 Ratio
2729 868 2825 931 est
2876 867 2938 929 1ο
2968 867 3105 930 tum

640 981 787 1062 quia
834 980 1160 1064 legislator
1191 977 1438 1041 videt-ar
1474 976 1565 1058 (id
1597 978 1692 1039 est
1722 976 1907 1038 nimis
1932 994 2154 1058 parum
2185 976 2248 1037 et
2284 992 2407 1037 non
2440 971 2728 1036 cohaeret
2764 989 2908 1034 cum
2939 971 3108 1052 toto)

641 1081 866 1145 habere
898 1084 1022 1145 vim
1059 1081 1384 1162 oblz'yandz'
1394 1078 1699 1160 populum
1723 1076 2209 1157 independenter
2239 1075 2318 1138 ab
2352 1074 2551 1153 ipsius
2587 1092 2889 1135 consensu
2906 1092 2929 1149 ‚·
2962 1072 3112 1136 alio-

643 1184 792 1266 quin
824 1184 1080 1247 maioris
1112 1183 1443 1266 potestatis
1492 1183 1653 1246 esset
1699 1181 1985 1263 populuS‚
2035 1197 2226 1260 quam
2268 1177 2575 1260 princeps;
2610 1174 3109 1257 quandoquidem

644 1287 854 1370 posset
901 1286 1277 1368 potestatem
1322 1282 1705 1368 legislatoris
1741 1281 2067 1365 impedire:
2117 1283 2255 1344 tum
2303 1280 2449 1361 quia
2483 1281 2555 1342 20
2601 1280 2980 1359 sequeretur,
3027 1277 3113 1340 le-

645 1388 1010 1472 gislatorem
1056 1406 1178 1452 non
1226 1406 1402 1469 posse
1441 1404 1658 1470 cogere
1712 1375 2022 1448 subditos'
2043 1383 2121 1447 ad
2179 1384 2380 1467 legem
2428 1381 2893 1464 promulgatam
2942 1397 3112 1443 acce-

643 1491 961 1572 ptandam,
996 1489 1161 1571 quod
1207 1488 1382 1553 nullo
1409 1493 1597 1567 pacto
1631 1485 2037 1551 asserendum
2075 1487 2196 1561 est3
2231 1504 2374 1549 cum
2420 1504 2540 1548 usu
2577 1487 2641 1548 et
2670 1481 3113 1548 consuetudine

645 1593 886 1656 constet
932 1592 1138 1674 puniri
1185 1610 1288 1655 eos
1336 1591 1446 1672 qui
1488 1590 1690 1674 legem
1736 1589 2202 1672 promulgatam
2233 1606 2354 1650 non
2392 1587 2755 1668 acceptant:
2791 1588 2928 1650 tum
2964 1586 3113 1667 quia

647 1690 714 1756 3⁰
746 1694 855 1775 qui
902 1694 1142 1778 obligat
1180 1693 1258 1757 ad
1302 1693 1507 1768 finem,
1542 1692 1788 1755 videtur
1824 1691 2015 1755 etiam
2048 1690 2323 1774 obligare
2356 1688 2432 1751 ad
2464 1688 2736 1752 medium
2758 1691 2929 1751 :tum
2966 1688 3112 1769 quia

646 1797 720 1858 40
755 1815 878 1860 non
911 1796 1081 1860 deest
1105 1796 1168 1860 in
1205 1796 1488 1877 Principe
1519 1794 1812 1857 voluntas
1852 1792 2188 1876 obligandi,
2221 1792 2445 1856 saltem
2482 1791 2728 1873 quando
2766 1791 2933 1874 leges
2966 1793 3116 1854 sunt

646 1898 1022 1974 moderatae,
1074 1917 1294 1961 suaves
1342 1898 1406 1960 et
1451 1896 1683 1974 faciles,
1733 1898 1808 1959 ut
1854 1898 2029 1978 patet
2076 1914 2147 1959 ex
2194 1894 2696 1978 praecedentibus
2742 1893 3112 1958 rationibus.

648 2001 814 2083 Ergo
861 2000 1029 2083 leges
1077 1999 1360 2083 obligant
1405 1998 1881 2081 independenter
1914 1999 1990 2061 ab
2039 1997 2478 2078 acceptatione,
2525 1997 2579 2060 si
2626 1995 2918 2080 Superior
2960 1995 3118 2059 indi-

647 2102 901 2178 caverit,
937 2102 1092 2166 velle
1141 2101 1588 2185 obligationem
1623 2100 1909 2165 inducere
1938 2100 2415 2183 independenter
2462 2101 2539 2164 ab
2587 2100 3007 2183 acceptatione
3049 2125 3114 2164 ».

647 2203 724 2266 N.
758 2204 830 2266 B.
864 2204 1178 2268 Bonacina
1217 2204 1314 2268 uti
1346 2204 1665 2287 oppositae
1713 2204 2055 2267 sententiae
2093 2203 2404 2267 fautorem
2450 2203 2737 2267 exhibent
2783 2201 3118 2266 Salmanti-

646 2325 854 2370 censes
885 2307 927 2370 l.
963 2325 1015 2370 c.

737 2409 929 2472 Porro
978 2411 1128 2473 haec
1174 2427 1425 2491 prorsus
1457 2409 1552 2471 est
1584 2407 1866 2471 doctrina
1898 2409 1962 2470 et
1985 2408 2233 2489 insuper
2266 2408 2619 2490 argumenti
2664 2409 2851 2480 ratio,
2877 2427 3002 2490 qua
3037 2408 3117 2472 ad

649 2531 787 2574 eam
824 2511 1192 2575 firmandam
1226 2511 1510 2587 utuntur,
1546 2510 1655 2591 qui
1687 2529 2076 2574 communem
2125 2509 2497 2573 sententiam
2542 2510 2930 2593 profitentur.

741 2616 840 2678 Ita
889 2634 961 2678 ex
1006 2612 1360 2679 Canonistis
1398 2612 1944 2696 Schmalzgrueber
1981 2616 2141 2694 part.
2192 2614 2241 2676 I.
2284 2613 2386 2677 tit.
2421 2613 2505 2677 II.
2540 2634 2600 2677 11.
2633 2615 2777 2677 29.:
2832 2640 2867 2673 ⁴<
2900 2615 3119 2678 Dicen-

650 2716 820 2791 dum,
849 2714 1151 2779 eiusmodi
1184 2713 1670 2797 acceptationem
1694 2714 1772 2776 ad
1803 2714 1960 2798 legis
1993 2715 2268 2779 valorem
2298 2734 2421 2779 non
2444 2716 2696 2798 requiri,
2723 2716 2842 2780 nisi
2867 2717 3116 2797 quando

650 2819 749 2881 lex
786 2818 1160 2899 prudentum
1206 2817 1434 2881 iudicio
1483 2819 1578 2881 est
1609 2816 1878 2880 difficilis
1913 2818 2381 2893 observationiS,
2432 2820 2530 2883 vel
2575 2819 2899 2903 legislator
2944 2820 3120 2883 aliud

652 2919 941 3002 exprimit
989 2921 1101 2983 aut
1163 2919 1390 3003 (aliud)
1446 2919 1774 3003 privilegio
1834 2920 1929 2983 vel
1991 2921 2433 2984 consuetudine
2479 2924 2577 2985 est
2629 2922 2963 3005 receptum.
3015 2924 3117 2987 Ita

654 3020 830 3085 Suar.
866 3020 940 3084 de
972 3020 1126 3102 Ley.
1159 3022 1266 3085 lib.
1301 3023 1370 3085 3:
1399 3041 1449 3085 c.
1492 3022 1592 3085 19.
1643 3042 1701 3085 n.
1738 3022 1801 3084 4.
1834 3022 2065 3085 Palaus
2112 3025 2190 3086 tr.
2227 3024 2287 3085 3.
2324 3023 2479 3105 disp.
2521 3026 2576 3087 1.
2612 3044 2669 3107 p.
2711 3025 2811 3087 13.
2847 3044 2905 3087 n.
2948 3025 3004 3088 1.
3055 3028 3123 3089 et

654 3125 818 3207 apud
850 3124 963 3189 hos
1002 3125 1347 3188 communis
1375 3124 1512 3187 DD.
1548 3150 1608 3185 ».
1649 3124 1866 3207 Pergit
1913 3122 2495 3209 Schmalzgrueber:

747 3252 782 3285 «
813 3227 1002 3291 Ratio
1051 3229 1189 3303 est,⁴
1216 3227 1362 3308 quia
1410 3225 1753 3309 legislator,
1790 3229 1922 3289 tam
1954 3226 2403 3291 ecclesiasticus
2450 3247 2640 3309 quam
2687 3229 2906 3307 civilis,
2946 3233 3119 3312 pote·

652 3333 884 3395 statem
915 3333 1104 3395 habet
1141 3333 1246 3395 ille
1286 3352 1323 3395 a
1369 3332 1520 3408 Deo,
1554 3332 1673 3395 iste
1709 3351 1743 3394 a
1783 3332 2033 3414 populo,
2069 3336 2328 3414 uterque
2359 3335 2568 3397 tamen
2617 3335 2990 3411 absolutam,
3041 3326 3148 3398 ne*

655 3433 809 3496 alias
858 3433 1127 3496 elusoria
1174 3434 1275 3497 sit.
1313 3434 1518 3516 Igitur
1563 3434 1746 3497 modo
1787 3436 2045 3512 constet,
2082 3435 2245 3516 quod
2290 3435 2426 3519 lege
2472 3454 2587 3500 sua
2636 3437 2919 3501 absolute
2967 3436 3122 3500 obli-

654 3554 802 3618 gare
835 3534 1116 3598 subditos
1147 3535 1318 3610 velit,
1356 3535 1803 3618 obligabuntur
1834 3536 1968 3612 isti;
2004 3537 2122 3600 etsi
2146 3556 2181 3600 a
2214 3539 2662 3603 communitate
2700 3539 2810 3603 illa
2844 3538 3117 3603 nondum

653 3637 738 3699 sit
765 3636 938 3718 plene
963 3637 1224 3718 recepta.
1266 3637 1442 3716 Quod
1466 3657 1610 3702 vero
1636 3638 1922 3702 absolute
1969 3639 2244 3722 obligare
2290 3640 2376 3703 sic
2408 3641 2578 3717 velit,
2616 3640 2975 3724 plerumque
3001 3642 3123 3704 sal-

654 3740 801 3811 tem,
837 3740 1012 3820 patet
1044 3758 1113 3802 ex
1152 3740 1343 3821 praxi,
1372 3758 1494 3820 qua
1530 3739 1742 3823 legum
1768 3740 2114 3804 conditores
2147 3760 2361 3804 earum
2407 3743 2597 3807 etiam
2628 3741 2903 3807 nondum
2941 3743 3120 3826 plene

653 3844 1042 3924 receptarum
1090 3842 1533 3926 obligationem
1580 3846 1808 3925 urgent
1855 3845 1917 3907 et
1952 3847 2437 3943 transgressores
2470 3845 2822 3927 puniunt».

752 3973 786 4002 «
817 3945 1144 4009 Praeterea
1191 3945 1314 4008 ista
1364 3944 1704 4027 acceptatio
1754 3945 1967 4027 populi
2014 3945 2351 4009 secundum
2398 3945 2779 4011 adversarios
2817 3947 3119 4028 requisita

658 4046 734 4110 ad
781 4049 982 4131 legem
1030 4048 1126 4112 vel
1173 4049 1268 4111 est
1315 4046 1707 4111 observantia
1752 4046 1949 4129 ipsius
1980 4048 2157 4131 legiS,
2193 4048 2289 4112 vel
2337 4051 2431 4112 est
2477 4048 2781 4130 quaedam
2810 4048 2985 4112 illius
3016 4068 3123 4131 ap-

656 4151 962 4233 probatio.
989 4150 1185 4231 Atqui
1216 4149 1461 4213 nullum
1486 4169 1556 4213 ex
1580 4150 1745 4213 hisce
1774 4150 1849 4212 ad
1880 4150 2079 4233 legem
2114 4150 2610 4214 constituendam
2633 4151 2863 4232 requiri
2889 4154 3115 4234 potest.

656 4251 716 4315 N
720 4272 796 4315 on
845 4252 1148 4333 primum3
1185 4253 1330 4333 quia
1381 4252 1773 4315 observantia
1819 4253 2020 4336 legem
2054 4254 2380 4335 supponit:
2416 4271 2537 4317 non
2570 4253 2933 4329 secundum3
2970 4254 3119 4335 quia

663 4354 817 4416 alias
867 4354 1132 4436 populus
1198 4357 1358 4418 esset
1425 4355 1884 4437 conlegislator,
1941 4356 2159 4437 utpote
2215 4356 2390 4419 cuius
2444 4355 2700 4418 iuridica
2749 4354 3120 4436 approbatio

659 4455 1074 4537 requireretur
1108 4456 1183 4521 ad
1215 4458 1417 4541 legem
1453 4483 1514 4520 ».
