3529 5158
694 333 803 389 218
1168 348 1380 389 maor.
1419 348 1485 388 11.
1525 348 1610 388 nn
1645 346 2062 390 conscissus.
2103 347 2299 390 cunr
2338 349 2402 389 11.
2442 348 2586 391 nun.
2625 349 2689 388 11.
3012 334 3157 410 [196]

703 472 738 506 «
756 445 1224 528 promulgatur,
1251 444 1614 527 obliquatur
1636 444 1725 507 ad
1744 443 1939 526 lcyem
1962 444 2430 518 observandam,
2457 445 2526 507 in
2542 447 2847 524 quantum
2862 445 2932 507 in
2955 464 3168 509 eorum

704 575 738 609 «
771 550 1060 613 notitiam
1090 547 1336 611 devenit
1355 568 1480 628 per
1522 546 1686 610 alios
1717 546 1813 610 vel
1859 546 2143 611 devenire
2166 551 2396 627 potest,
2427 545 2932 628 promedyatione
2975 545 3166 625 facta.

705 676 740 710 «
773 651 890 716 Sed
918 650 1323 734 respondetur
1353 652 1417 714 1⁰
1442 648 1593 730 Quis
1618 649 1891 733 negabit,
1918 650 2082 731 quod
2106 652 2221 726 lex,
2252 650 2327 714 ad
2347 648 2712 734 obligandos
2736 648 3164 731 particulares»,

706 778 741 813 «
772 754 1004 819 sufficit
1036 772 1174 818 eam
1221 752 1552 835 aliquando
1585 751 1775 816 fuisse
1822 752 2259 816 communitati
2304 752 2663 816 intimatam
2683 755 2711 813 Ρ
2741 752 3061 825 Attamen,
3094 752 3169 815 ut

706 883 741 915 ⁴<
774 860 1180 942 particulares
1203 861 1552 933 teneantur,
1586 877 1827 940 semper
1850 857 2188 939 requiritur
2224 858 2298 921 ut
2328 858 2447 940 ipsi
2484 857 2685 921 sciant
2707 855 3167 920 intimationem

706 985 741 1019 «
773 962 930 1046 legis
954 963 1116 1026 certe
1148 960 1586 1025 communitati
1618 960 1853 1024 factam
1885 960 1949 1023 et
1984 960 2102 1023 hoc
2124 962 2220 1024 est
2243 959 2407 1041 quod
2446 959 2670 1024 dicits.
2698 960 2968 1023 Doctor:
3003 957 3171 1022 Obli-

706 1089 741 1124 ‹
770 1068 1006 1145 yantur
1050 1063 1140 1127 cul
1181 1063 1394 1146 legem,
1448 1065 1514 1126 in
1549 1066 1855 1143 quantum
1904 1063 1970 1124 in
2007 1082 2220 1125 eoru-m
2254 1063 2544 1126 notitiam
2588 1061 2850 1125 devenit.
2884 1060 3046 1126 Hinc
3081 1081 3173 1125 re-

708 1190 743 1224 «
776 1165 1111 1247 spondetur
1137 1168 1206 1229 20
1230 1165 1396 1247 quod
1419 1165 1535 1241 lex,
1564 1183 1721 1246 quae
1745 1165 1909 1228 inter
1935 1165 2242 1247 sapientes
2267 1164 2772 1242 controvertitur,
2799 1183 2875 1228 ne
2900 1182 3173 1227 commu—

709 1292 745 1326 «
776 1268 963 1332 nitati
987 1267 1238 1348 quidem
1261 1268 1468 1349 potest
1492 1266 1612 1330 dici
1643 1266 1974 1341 intimata3
2010 1286 2163 1339 cumr
2184 1266 2319 1349 ipsa
2351 1266 2766 1331 communitas
2803 1265 2867 1329 in
2899 1264 3173 1329 diversas

711 1393 745 1427 «
777 1372 984 1451 partes
1009 1369 1198 1433 scissa
1225 1369 1425 1434 adhuc
1449 1368 1694 1450 quaerit
1717 1387 1829 1432 nec
1851 1368 2089 1432 invenit
2113 1368 2315 1452 legem
2336 1388 2465 1431 esse
2489 1368 2706 1432 latam.
2732 1367 2920 1431 Forte
2944 1366 3169 1443 dicent,

711 1495 747 1529 «
778 1490 849 1534 ex
881 1471 1015 1553 ipso
1046 1470 1282 1534 lumine
1326 1472 1587 1534 naturae
1635 1488 1766 1533 esse
1813 1470 2253 1534 communitati
2288 1470 2648 1534 intimatam
2692 1470 2894 1554 legem
2931 1469 3174 1533 univer—

712 1601 747 1634 «
780 1576 992 1653 salem,
1027 1577 1101 1639 ut
1130 1576 1193 1639 in
1224 1575 1649 1658 probabilibus
1681 1575 1991 1656 sequenda
2029 1575 2156 1639 sint
2185 1576 2601 1658 probabiliora
2632 1576 2758 1640 imo
2799 1575 3058 1652 tutiora,
3098 1576 3172 1639 ut

712 1703 747 1738 α
780 1679 976 1760 aliqui
1007 1678 1261 1742 addunt.
1291 1677 1408 1742 Sed
1432 1677 1742 1760 quomodo
1768 1677 1892 1742 ista
1914 1677 2013 1741 lex
2036 1677 2157 1742 (1101
2179 1678 2410 1760 poterit
2434 1696 2709 1760 unquam
2733 1677 3171 1742 communitati

713 1806 747 1839 «
779 1781 1092 1858 intimata,
1141 1799 1284 1844 cum
1329 1780 1602 1844 maxima
1657 1780 2128 1844 communitatis
2174 1799 2316 1863 pars
2362 1780 2595 1844 lumine
2650 1779 2926 1844 naturali
2978 1779 3174 1844 talem

713 1906 748 1941 «
779 1883 982 1966 legem
1018 1901 1140 1946 non
1180 1883 1506 1964 agnoscat:
1542 1901 1685 1945 cum
1716 1882 1928 1963 potius
1958 1882 2168 1946 lumen
2207 1883 2468 1945 naturae
2500 1880 2712 1954 dictet,
2745 1880 3027 1946 homines
3058 1899 3173 1946 sua

713 2008 747 2041 «
780 1984 1068 2047 libertate
1105 1985 1274 2046 certa
1304 2002 1410 2065 per
1440 1983 1642 2065 legem
1679 1982 1935 2047 dubiam
1965 1983 2219 2047 minime
2256 2002 2384 2047 esse
2416 1982 2751 2066 privandos
2772 1986 2801 2045 ἱ)
2831 2007 2866 2041 »

805 2110 839 2143 «
871 2085 1187 2150 Obiiciunt
1201 2085 1284 2148 II.
1304 2084 1482 2165 Quod
1506 2104 1649 2148 cum
1674 2085 2001 2148 dubitatur
2024 2085 2097 2148 de
2121 2086 2257 2169 lege
2274 2086 2525 2149 vetante
2550 2085 2827 2168 aliquam
2844 2085 3172 2161 actionem,

663 2226 672 2241 ·
715 2212 749 2245 «
779 2187 1105 2251 dubitatur
1136 2187 1325 2250 etiam
1358 2206 1437 2251 an
1468 2188 1654 2251 homo
1689 2188 1775 2250 sit
1804 2187 1867 2251 in
1907 2187 2216 2268 potestate
2241 2205 2389 2251 suae
2422 2186 2731 2251 libertatis
2765 2186 2843 2250 ad
2873 2185 3052 2251 illam
3081 2186 3175 2249 fa-

715 2315 750 2347 «
782 2289 1078 2353 ciendam.
1119 2288 1568 2371 Respondetur,
1603 2288 1762 2371 quod
1802 2288 1965 2352 sicut
2012 2288 2256 2370 quando
2288 2288 2385 2352 lex
2419 2289 2515 2352 est
2544 2290 2713 2352 certa
2750 2290 2814 2352 et
2850 2288 3177 2352 dubitatur

715 2416 749 2449 «
783 2411 861 2455 an
909 2392 993 2455 sit
1022 2392 1330 2466 revocata,
1363 2392 1427 2454 in
1459 2391 1648 2455 dubio
1682 2390 1982 2455 servanda
2013 2392 2128 2463 est,
2154 2391 2344 2455 donec
2367 2391 2441 2455 de
2472 2391 2865 2455 revocatione
2896 2393 3174 2465 constet;

716 2519 750 2552 «
782 2495 929 2577 quia
961 2494 1108 2557 tunc
1139 2494 1237 2557 lex
1267 2492 1574 2575 possidet:
1608 2492 1698 2556 ita
1738 2494 1976 2565 contra,
2011 2493 2257 2575 quando
2290 2493 2386 2557 lex
2420 2512 2543 2557 non
2568 2494 2664 2557 est
2687 2494 2874 2567 certa,
2902 2493 3179 2576 possidet

716 2623 750 2656 «
781 2599 1070 2674 libertas3
1103 2597 1264 2660 unde
1295 2597 1502 2669 homo,
1531 2599 1673 2679 post
1705 2596 2047 2660 adhibitam
2084 2596 2475 2680 diligentiam
2508 2597 2585 2662 ad
2617 2596 3048 2661 inveniendam
3079 2617 3178 2661 ve-

717 2725 751 2759 «
782 2701 1055 2774 ritatem,
1087 2717 1210 2763 non
1243 2699 1605 2781 prohibetur
1653 2698 1731 2761 ab
1762 2697 1973 2778 aliqua
2021 2698 2280 2775 actione,
2314 2698 2505 2762 donec
2550 2698 2606 2763 ei
2638 2700 2883 2763 constet
2918 2699 2993 2763 (10
3039 2699 3175 2783 lege

716 2826 751 2859 «
783 2801 1176 2883 prohibente:
1211 2801 1399 2883 prout
1429 2801 1688 2882 quisque
1720 2800 1928 2881 potest
1957 2817 2067 2880 pro
2100 2799 2279 2864 libito
2312 2800 2631 2883 disponere
2655 2802 2728 2865 de
2766 2822 2831 2867 re
2869 2820 3172 2885 possessa,

716 2928 751 2961 4<
782 2903 972 2968 donec
1002 2904 1146 2985 post
1176 2903 1520 2967 adhibitam
1557 2901 1948 2985 diligentiam
1980 2920 2101 2965 non
2134 2903 2231 2966 031
2267 2903 2471 2966 0011113
2510 2904 2688 2968 illam
2719 2923 2849 2969 esse
2882 2904 3170 2969 alienam.

717 3031 752 3064 «
784 3005 1118 3088 Quousque
1157 3006 1372 3088 igitur,
1417 3003 1693 3068 adhibita
1742 3002 2086 3086 diligentia,
2120 3004 2306 3068 homo
2354 3022 2475 3069 non
2524 3007 2620 3069 est
2665 3007 2871 3070 certus
2917 3006 2991 3070 de
3039 3007 3175 3090 lege

716 3134 750 3168 «
784 3109 1163 3192 prohibente,
1205 3108 1282 3172 ab
1315 3107 1483 3170 omni
1513 3106 1694 3188 culpa
1727 3106 2076 3182 excusatur,
2110 3105 2356 3170 etiamsi
2405 3107 2621 3171 contra
2651 3107 2852 3192 legem
2886 3108 2968 3190 (si
3015 3108 3176 3172 forte

715 3213 917 3295 «ipsa
955 3212 1241 3294 exsistat)
1274 3211 1593 3292 operetur:
1635 3208 2008 3272 invincibilis
2047 3209 2211 3273 enim
2256 3209 2612 3292 ignorantia
2644 3210 2755 3273 illa
2801 3211 3021 3292 utique
3059 3213 3174 3283 est,

716 3341 750 3374 «
783 3334 942 3397 quae
967 3314 1174 3377 studio
1200 3312 1475 3395 superari
1503 3330 1624 3375 11011
1649 3312 1873 3394 potest,
1903 3311 1976 3375 ut
1998 3310 2178 3375 docet
2200 3311 2258 3375 d.
2286 3311 2557 3376 Thomas
2581 3313 2636 3376 1.
2658 3314 2717 3375 2.
2738 3332 2797 3394 q.
2821 3312 2923 3376 76.
2944 3331 3002 3376 a.
3023 3315 3085 3376 2.
3113 3338 3172 3375 ».

807 3443 840 3475 ‹
872 3416 1188 3480 Obiiciunt
1234 3415 1373 3490 ΙΙΙ.,
1409 3413 1974 3497 promulgationem
2022 3433 2142 3478 non
2190 3414 2417 3496 requiri
2452 3414 2515 3478 in
2562 3415 2698 3499 lege
2746 3415 2972 3480 Divina
3014 3416 3179 3480 sicut

717 3543 751 3576 «
784 3517 1121 3598 requiritur
1165 3516 1228 3578 in
1261 3515 1553 3578 humana.
1589 3514 1779 3577 Recte
1811 3515 2025 3580 dicunt
2049 3517 2112 3579 et
2142 3515 2425 3588 concedo,
2460 3516 2513 3579 si
2552 3516 2668 3580 hoc
2699 3516 2927 3581 dicitur
2975 3517 3052 3580 ad
3096 3517 3177 3581 si-

718 3645 753 3678 «
785 3617 1225 3702 gnificandum‚
1264 3615 1430 3697 quod
1462 3616 1739 3698 superior
1786 3617 2096 3680 humanus
2132 3618 2339 3700 potest
2374 3617 2577 3700 legem
2622 3617 2852 3681 editam
2905 3618 3060 3682 velle
3107 3621 3179 3682 ut

719 3747 752 3779 «
787 3738 906 3784 non
934 3720 1169 3802 obliget
1192 3717 1311 3782 nisi
1337 3719 1480 3799 post
1502 3718 2104 3802 promulgationem:
2139 3737 2259 3782 non
2287 3719 2497 3782 autem
2524 3719 2611 3782 sic
2636 3721 2836 3796 Deus;
2872 3720 3021 3802 quia
3047 3721 3177 3785 fieri

719 3848 753 3881 «
786 3824 1009 3906 potest,
1051 3821 1217 3904 quod
1248 3820 1527 3903 superior
1565 3821 1876 3884 humanus
1910 3821 2127 3884 tulerit
2156 3821 2357 3905 legem
2404 3822 2469 3884 et
2499 3823 2711 3903 postea
2758 3824 3007 3888 mutato
3042 3843 3179 3889 con-

719 3950 754 3985 «
786 3927 925 3991 silio
959 3925 1035 3989 ad
1084 3944 1219 3988 eam
1252 3924 1411 3988 nolit
1457 3923 1736 3987 subditos
1772 3923 2067 4008 obligare,
2100 3923 2275 3986 illam
2322 3942 2443 3987 non
2478 3925 2965 4009 promulgando:
3010 3927 3177 3991 Deus

719 4055 753 4089 «
787 4031 996 4094 autem
1030 4028 1247 4091 statim
1287 4046 1357 4090 ac
1388 4027 1588 4108 legem
1621 4025 1832 4103 edidit,
1867 4025 2055 4089 simul
2087 4026 2278 4090 etiam
2318 4027 2747 4111 promulgasse
2777 4027 3175 4115 intelligitur,

719 4156 754 4190 ‹
788 4132 939 4195 adeo
970 4131 1045 4193 ut
1076 4130 1334 4192 scientes
1371 4129 1528 4192 hanc
1569 4129 1778 4192 adesse
1811 4128 2027 4191 statim
2054 4147 2123 4192 ac
2149 4129 2371 4206 sciunt,
2400 4149 2535 4193 eam
2562 4149 2803 4194 servare
2830 4135 3177 4198 teneantur.

721 4259 753 4291 «
787 4233 1208 4295 Veruntamen
1240 4230 1663 4311 respondetur,
1692 4231 1856 4312 quod
1880 4230 1976 4293 lex
1999 4231 2074 4293 ut
2099 4230 2351 4315 obliget,
2382 4231 2509 4295 sive
2535 4232 2807 4296 humana
2823 4233 2952 4298 sive
2969 4233 3181 4299 divina

722 4359 755 4392 ‹
788 4334 891 4409 sit,
926 4351 1164 4414 semper
1193 4330 1374 4395 debet
1403 4351 1533 4396 esse
1568 4332 1941 4396 sufficienter
1973 4333 2390 4418 promulgata,
2433 4333 2561 4396 sive
2592 4335 2844 4418 cognita
2876 4335 3008 4400 sive
3041 4356 3180 4419 pro-

722 4460 755 4493 «
788 4435 1010 4518 posita,
1047 4433 1175 4497 sive
1209 4433 1404 4497 indita
1453 4434 1578 4515 (dic
1611 4437 1682 4496 ut
1727 4435 1957 4516 mavis)
1998 4436 2295 4517 tanquam
2343 4437 2528 4500 certa.
2564 4435 2726 4500 Nam
2775 4438 2828 4501 si
2860 4439 3178 4521 probabile

723 4562 758 4594 «
790 4539 903 4610 031,
939 4536 1212 4618 aliquam
1237 4537 1438 4620 legem
1463 4556 1584 4600 non
1611 4536 1821 4601 adesse
1846 4539 1945 4619 (ut
1978 4539 2313 4621 probabile,
2340 4540 2466 4604 imo
2490 4541 3062 4622 probabilissimum
3088 4547 3181 4608 est
