3529 5158
1172 350 1257 390 ms
1296 350 1504 391 unum
1540 348 1587 391 s.
1618 349 1920 391 ALPHONSI
1957 349 2085 390 me.
2750 337 2857 393 675

394 450 490 514 est
536 448 723 513 series
761 447 1221 529 quaestionum,
1258 464 1436 528 (1333,
1470 448 1805 530 postquam
1837 465 1868 510 e
1905 447 2342 532 rigoristarum
2379 448 2617 529 laqueis
2650 468 2697 512 s.
2731 449 2862 512 Do-

394 552 531 615 ctor
556 569 619 615 se
644 548 971 632 expedivit,
1015 548 1093 613 ad
1127 548 1568 614 defendendam
1606 549 1937 632 benignam
1968 549 2031 613 et
2076 566 2464 613 communem
2495 550 2858 628 doctrinam,

394 671 584 735 quam
618 651 936 735 amplexus
969 650 1199 727 fuerat,
1242 650 1587 715 necessario
1621 650 1997 733 pertractare
2030 649 2243 715 debuit
2289 670 2359 714 ac
2389 668 2572 733 porro
2605 650 2865 715 feliciter

395 753 825 837 pertractavit.

487 855 803 935 Quosnam
829 854 1221 920 adversarios
1259 854 1515 920 haberet
1548 854 1892 919 communis
1925 854 2072 931 im0‚
2105 858 2179 918 ut
2209 873 2258 917 s.
2301 855 2533 920 Doctor
2562 854 2860 936 loquitur,

398 957 906 1024 communissima
946 955 1213 1041 benigna
1244 956 1570 1031 sententia,
1610 956 1739 1039 ipse
1773 958 2079 1021 memorat
2109 957 2172 1021 in
2205 957 2465 1021 Dissert.
2492 977 2630 1021 ann.
2672 957 2860 1020 1755.

398 1081 458 1125 n.
495 1062 555 1125 2.
590 1062 654 1125 et
690 1060 937 1124 brevius
989 1059 1181 1123 etiam
1226 1059 1291 1124 in
1338 1058 1788 1123 Dissertatione
1818 1059 2051 1123 inserta
2082 1058 2338 1122 editioni
2367 1078 2506 1123 ann.
2547 1060 2737 1122 1753.
2758 1058 2864 1122 ubi

401 1163 616 1229 scribit
646 1182 707 1226 n.
749 1162 830 1227 1.:
863 1186 899 1219 ‹
926 1159 1258 1226 Sciendum
1289 1162 1403 1239 est,
1438 1162 1721 1225 auctores
1746 1159 1983 1224 diverse
2015 1161 2272 1225 sensisse
2310 1161 2470 1225 circa
2493 1160 2739 1224 licitum
2770 1159 2868 1224 de-

398 1265 632 1330 lectum
679 1264 1040 1348 opinionum
1084 1263 1363 1327 libertati
1409 1261 1773 1326 faventium.
1822 1261 1949 1326 Alii
1995 1262 2158 1326 enim
2205 1264 2594 1337 censuerunt,
2622 1280 2865 1326 omnem

403 1365 695 1450 opinandi
742 1384 926 1429 usum
974 1383 1106 1429 esse
1150 1364 1465 1440 illicitum,
1516 1363 1666 1428 adeo
1714 1366 1789 1428 ut
1849 1383 1958 1428 nec
2011 1364 2570 1446 probabilissimam
2617 1362 2866 1446 quidem

405 1468 752 1551 opinionem
785 1466 1000 1531 liceret
1024 1466 1222 1548 sequi,
1257 1469 1330 1531 ut
1368 1464 1696 1542 Sinichius,
1737 1465 2164 1531 Vendrochius
2196 1471 2310 1532 etc.
2345 1469 2408 1530 et
2439 1468 2546 1532 isti
2576 1467 2868 1531 dicuntur

409 1569 794 1634 Tutioristae
840 1566 1059 1649 rigidi,
1097 1568 1405 1645 damnati3
1446 1568 1669 1633 horum
1715 1569 1876 1632 enim
1926 1568 2205 1634 doctrina
2246 1571 2590 1653 proscripta
2636 1570 2759 1634 fuit
2791 1570 2868 1633 ab

406 1669 754 1735 Alexandro
802 1668 979 1733 VIII.
1018 1670 1081 1732 in
1114 1669 1544 1753 Propositione
1591 1671 1800 1746 tertia,
1848 1690 2006 1752 quae
2038 1670 2306 1745 dicebat3
2339 1673 2491 1735 Non
2524 1671 2667 1736 lieet
2694 1672 2871 1753 sequi

406 1772 759 1853 opinionem
804 1771 974 1833 inter
1007 1769 1372 1850 probabiles
1403 1770 2000 1852 probabilissimam.
2063 1773 2190 1837 Alii
2237 1774 2446 1838 autem
2516 1775 2867 1850 tenuerunt,

406 1893 530 1939 non
579 1892 710 1938 esse
754 1872 1001 1937 licitum
1056 1892 1240 1937 usum
1288 1873 1593 1956 opinionis
1627 1874 1747 1937 nisi
1779 1874 2328 1956 probabilissimae,
2370 1875 2546 1940 cuius
2586 1876 2870 1959 opposita

405 1976 652 2041 nullum
674 1974 985 2040 motivum
1010 1974 1130 2038 nisi
1145 1975 1279 2039 leve
1304 1975 1402 2040 vel
1425 1974 1549 2040 fere
1572 1976 1704 2040 leve
1731 1976 2017 2041 videatur
2035 1977 2282 2049 habere:
2304 1977 2408 2042 sed
2433 1978 2497 2041 hi
2514 1978 2869 2061 paucissimi

407 2079 555 2144 sunt
601 2079 664 2141 et
709 2076 1003 2140 dicuntur
1060 2076 1439 2140 Tutior-istae
1470 2078 1669 2152 mites,
1708 2097 1833 2143 non
1880 2077 2177 2143 damnati.
2226 2080 2354 2144 Alii
2385 2099 2527 2145 vero
2565 2080 2868 2156 dixerunt,

408 2179 589 2243 licere
627 2176 724 2241 uti
757 2175 1063 2260 opinione,
1100 2196 1258 2260 (1333
1305 2178 1593 2244 validiori
1622 2181 1847 2243 nititur
1878 2181 2137 2255 motiv0‚
2172 2184 2235 2245 et
2271 2182 2336 2246 hi
2383 2183 2673 2249 dicuntur
2709 2183 2873 2247 Pro-

412 2280 840 2347 babilioristae
861 2305 923 2342 ».
2569 2358 2582 2371 ·

502 2381 701 2462 Quam
748 2381 1391 2464 probabilioristarum
1424 2385 1795 2448 sententiam
1828 2386 1977 2450 alibi
2023 2387 2250 2452 clarius
2296 2389 2384 2452 sic
2415 2406 2464 2454 s.
2502 2390 2733 2454 Doctor
2779 2408 2873 2453 ex-

415 2485 607 2569 plicat
653 2484 912 2548 Dissert.
949 2502 1091 2547 ann.
1132 2484 1323 2549 1755.
1358 2506 1417 2549 3.
1469 2488 1560 2549 2.:
1616 2510 1650 2543 «
1690 2487 1902 2552 Tertia
1949 2490 2273 2566 sententia,
2323 2492 2667 2556 communis
2714 2492 2874 2555 inter

414 2587 966 2671 probabilioristas‚
1019 2589 1171 2653 dicit
1217 2589 1398 2654 licere
1438 2591 1532 2655 uti
1566 2591 1851 2674 opinione
1898 2593 2202 2676 probabili
2239 2613 2348 2678 pro
2379 2594 2688 2671 libertate,
2723 2614 2876 2659 sem-

414 2710 520 2774 per
567 2709 636 2755 ac
682 2691 817 2773 ipsa
850 2691 1076 2755 nititur
1105 2691 1504 2757 fundamento
1537 2694 1832 2777 graviori,
1858 2695 2004 2759 licet
2033 2695 2343 2761 contraria
2376 2716 2485 2779 pro
2517 2696 2652 2781 lege
2684 2697 2874 2762 etiam

413 2794 500 2858 sit
545 2792 822 2876 graviter
858 2793 1195 2876 probabilis
1228 2818 1288 2858 ».

505 2897 657 2960 Tres
696 2896 910 2977 itaque
962 2898 1109 2960 sunt
1141 2896 1636 2962 adversariorum
1665 2898 1911 2976 classes,
1948 2918 2157 2964 omnes
2189 2901 2562 2983 pertinentes
2596 2900 2735 2983 plus
2766 2898 2879 2962 mi·

413 3018 606 3064 nusve
654 2997 731 3063 ad
772 2999 1064 3083 systema,
1113 2999 1277 3080 quod
1324 3000 1515 3064 etiam
1563 3020 1599 3064 a
1645 3020 1693 3063 3.
1729 3001 2047 3084 Alphonso
2096 3003 2394 3085 appellari
2439 3002 2709 3084 rigidum
2741 3019 2880 3065 con-

417 3101 622 3165 suevit
666 3103 727 3164 et
774 3099 882 3183 qui
931 3119 1248 3181 nunquam
1287 3102 1651 3184 impugnare
1684 3102 2146 3165 intermiserunt
2179 3104 2468 3182 quartam
2507 3101 2877 3166 sententiam

418 3204 516 3267 his
564 3202 762 3267 verbis
811 3221 847 3266 a
894 3221 942 3266 3.
997 3203 1264 3267 Doctore
1313 3202 1681 3284 descriptam
1730 3203 1992 3267 Dissert.
2027 3222 2165 3267 ann.
2221 3204 2411 3266 1753.
2446 3224 2504 3267 n.
2551 3206 2644 3266 1.:
2687 3227 2722 3261 ‹
2751 3203 2880 3267 Alii

417 3304 688 3378 demum,
729 3304 1175 3389 probabilistae
1206 3305 1431 3378 vocati,
1466 3305 1770 3388 putarunt
1800 3304 2045 3368 licitum
2074 3323 2205 3369 esse
2237 3324 2421 3369 usum
2455 3304 2757 3388 opinionis
2790 3323 2883 3369 so·

416 3408 539 3472 lide
571 3407 905 3490 probabilis
955 3408 1019 3471 in
1076 3425 1382 3471 concursu
1429 3406 1734 3489 opinionis
1783 3425 1974 3488 aeque
2020 3407 2355 3489 probabilis
2404 3426 2475 3471 ac
2504 3406 2694 3471 etiam
2739 3425 2883 3490 pro-

419 3511 739 3576 babilioris
772 3536 833 3575 ».
868 3509 997 3575 Nec
1049 3510 1168 3575 nisi
1214 3510 1488 3594 inspecta
1536 3513 1822 3574 accurate
1859 3509 2100 3574 diversa
2132 3509 2626 3574 adversariorum
2657 3509 2881 3586 indole,

421 3633 459 3677 a
506 3632 774 3695 quorum
806 3613 1394 3698 impugnationibus
1428 3631 1818 3676 communem
1856 3612 2201 3677 doctrinam
2238 3613 2400 3677 tueri
2436 3631 2485 3676 s.
2519 3613 2753 3678 Doctor
2790 3613 2888 3676 de·

423 3717 581 3789 buit,
632 3715 802 3780 reddi
849 3715 1102 3780 demum
1151 3719 1300 3798 apta
1348 3716 1411 3779 et
1457 3715 1623 3778 clara
1671 3715 1835 3779 ratio
1869 3716 2075 3798 potest
2108 3715 2332 3779 diversi
2367 3714 2556 3791 modi,
2596 3734 2717 3796 quo
2755 3716 2886 3797 ipse

424 3819 659 3884 morale
707 3838 894 3884 suum
942 3821 1219 3904 systema
1268 3837 1376 3902 pro
1418 3818 1912 3883 adversariorum
1949 3818 2308 3883 diversitate
2346 3818 2630 3901 exposuit
2661 3836 2733 3882 ac
2755 3837 2890 3900 pro-

424 3922 750 4007 pugnavit.

518 4025 624 4088 68.
650 4024 732 4088 Et
763 4043 912 4088 sane
943 4023 997 4088 si
1030 4023 1218 4088 huius
1242 4024 1601 4110 systematis
1624 4023 1881 4089 moralis
1914 4023 2331 4088 substantiam
2353 4022 2572 4087 intime
2604 4023 2893 4106 inspicias

429 4145 501 4189 ac
539 4125 896 4209 perpendas,
932 4128 1141 4190 totum
1189 4125 1454 4208 denique
1502 4127 1578 4190 ad
1616 4126 1870 4190 unicum
1901 4125 2057 4190 illud
2088 4125 2456 4208 principium
2488 4144 2693 4189 cernes
2725 4143 2894 4189 revo-

426 4228 576 4304 cari,
625 4227 793 4309 quod
841 4228 947 4292 ubi
996 4227 1205 4311 opinio
1252 4246 1362 4311 pro
1410 4228 1699 4293 libertate
1737 4228 1823 4292 sit
1853 4227 2047 4292 solide
2084 4228 2421 4311 probabilis
2458 4247 2567 4293 seu
2598 4228 2778 4313 gravi
2807 4229 2896 4292 in·

429 4331 672 4395 nitatur
715 4329 1120 4395 fundamento
1168 4332 1234 4395 et
1278 4330 1621 4396 sententiae
1653 4331 1975 4413 oppositae
2021 4330 2196 4395 nulla
2233 4330 2490 4395 assistat
2520 4331 2703 4408 ratio,
2737 4349 2896 4414 quae

431 4433 504 4497 de
551 4433 817 4498 veritate
864 4433 1224 4499 convincere
1269 4433 1485 4516 possit,
1536 4451 1607 4498 eo
1663 4433 1799 4516 ipso
1859 4433 1958 4497 lex
2004 4433 2210 4498 evadit
2255 4432 2442 4497 dubia
2504 4435 2567 4497 et
2613 4454 2755 4498 cum
2800 4434 2895 4498 lex

430 4535 617 4600 dubia
664 4553 789 4600 non
836 4536 1037 4619 possit
1086 4536 1372 4600 inducere
1419 4535 1888 4621 obligationem,
1926 4535 2273 4619 opinionem
2306 4555 2415 4619 pro
2454 4535 2742 4601 libertate
2775 4555 2900 4600 am·

432 4637 622 4719 plecti
660 4637 831 4701 licite
863 4655 1211 4719 possumus.
