3529 5158
734 350 847 405 674
1556 361 1865 402 APPmme
1907 364 1945 402 1.
1985 361 2383 403 mssannrro

815 462 917 525 65.
954 460 1141 524 Aliud
1181 460 1442 542 denique
1476 460 1934 543 argumentum,
1971 477 2093 539 quo
2127 459 2387 535 constet,
2414 459 2763 524 doctrinam
2793 463 3196 542 aequiproba-

721 563 957 627 belismi
1001 582 1253 646 prorsus
1305 562 1468 645 apud
1524 582 1571 625 s.
1623 560 2012 643 Alphonsum
2061 559 2364 645 distingui
2426 581 2462 624 a
2509 562 2672 627 thesi
2720 562 2792 627 de
2847 565 3021 629 licito
3078 586 3191 630 usu

720 665 1026 749 opinionis
1058 665 1396 749 probabilis
1428 665 1490 727 in
1525 682 1828 729 concursu
1852 663 2304 745 probabilioris,
2333 665 2578 745 prostat
2610 666 2800 729 etiam
2826 667 2888 729 in
2923 668 3192 732 eiusdem

720 770 919 854 prima
952 768 1331 853 Theologiae
1363 767 1622 831 Moralis
1657 765 1944 842 editione,
1982 783 2140 846 quae
2171 764 2434 847 Neapoli
2466 765 2700 849 prodiit
2732 787 2871 831 ann.
2913 769 3102 833 1748.

810 871 973 934 Nam
1021 873 1354 953 postquam
1393 890 1440 933 s.
1475 870 1709 933 Doctor
1745 867 1875 931 not.
1919 867 1991 929 A.
2045 866 2120 929 ad
2168 867 2275 930 lib.
2317 868 2373 931 1.
2409 869 2486 931 tr.
2536 869 2591 931 1.
2629 867 2774 932 dub.
2811 871 2870 932 2.
2909 871 3193 936 absolute

724 976 1004 1059 scripsit:
1040 1002 1075 1034 ‹<
1108 974 1271 1057 quod
1319 977 1557 1039 certum
1606 973 1706 1048 sit,
1746 971 1927 1035 licere
1978 972 2216 1053 operari
2265 991 2405 1035 cum
2453 972 2779 1055 probabili,
2830 975 3078 1037 constat
3124 994 3195 1038 ex

722 1097 1023 1142 consensu
1070 1076 1404 1140 universali
1437 1076 1779 1139 Doctorum
1815 1095 1875 1135 »z
1904 1073 2092 1155 paulo
2125 1074 2269 1156 post
2302 1072 2502 1137 addit:
2531 1098 2566 1131 «
2599 1071 2870 1138 Celebris
2911 1076 3192 1157 quaestio

725 1182 837 1258 est,
874 1182 1087 1244 utrum
1118 1180 1304 1242 110001
1342 1178 1516 1258 sequi
1550 1176 1900 1258 opinionem
1938 1174 2340 1257 probabilem,
2378 1174 2592 1239 relicta
2628 1176 3066 1258 probabiliori:
3095 1178 3194 1241 sed

725 1283 871 1364 quia
920 1281 1159 1345 abunde
1199 1283 1261 1345 et
1302 1278 1568 1360 undique
1605 1279 1756 1340 haec
1790 1277 2072 1359 quaestio
2123 1276 2198 1339 ab
2236 1277 2613 1341 Auctoribus
2662 1278 2906 1362 agitata
2941 1279 3191 1363 legitur,

728 1386 892 1467 ipsos
925 1383 1156 1466 passim
1191 1381 1513 1445 observare
1547 1380 1721 1462 potes
1754 1404 1815 1440 ».
1852 1377 1944 1441 En
1977 1378 2194 1461 igitur,
2229 1378 2537 1460 quomodo
2572 1378 2802 1462 duplici
2835 1381 3194 1461 quaestione

724 1487 1038 1564 distincta,
1080 1484 1285 1567 quoad
1318 1485 1582 1567 primam
1618 1482 1689 1546 de
1721 1482 1895 1546 licito
1931 1501 2051 1545 usu
2085 1482 2390 1564 opinionis
2423 1482 2758 1565 probabilis
2797 1484 2860 1546 in
2894 1503 3196 1548 concursu

723 1590 980 1653 alterius
1012 1607 1133 1652 non
1183 1585 1634 1671 probabilioriS,
1670 1584 2098 1666 quaestionem
2147 1584 2430 1648 absolute
2477 1585 2668 1649 solvit
2716 1585 3095 1651 affirmative
3126 1607 3195 1650 ex

724 1692 1001 1755 omnium
1025 1690 1370 1754 Doctorum
1404 1706 1739 1752 consensu:
1770 1685 1974 1768 quoad
2011 1686 2271 1750 alteram
2301 1705 2441 1750 vero
2475 1687 2636 1750 circa
2670 1707 2854 1751 usum
2889 1689 3192 1771 opinionis

722 1792 1058 1877 probabilis
1106 1792 1168 1855 in
1218 1809 1520 1855 concursu
1569 1788 2024 1871 probabilioriS,
2074 1789 2368 1853 lectorem
2417 1788 2492 1851 ad
2551 1791 2834 1855 auctores
2882 1810 3023 1855 eam
3070 1793 3194 1855 tra-

719 1896 958 1960 ctantes
998 1894 1301 1959 remittat.

809 1996 983 2077 Quod
1025 2014 1169 2061 vero
1202 1996 1463 2059 lectores
1501 1992 1873 2058 remittendo
1923 2012 2033 2075 pro
2083 1993 2281 2057 altera
2316 1992 2387 2056 ad
2426 1993 2730 2070 auctores,
2772 2013 2821 2059 s.
2856 1996 3095 2060 Doctor
3131 2016 3191 2061 se

725 2101 886 2165 forte
943 2100 1213 2163 alienum
1272 2098 1347 2161 ab
1396 2117 1467 2160 ea
1515 2095 1804 2160 sectanda
1856 2095 2212 2172 ostenderit,
2260 2095 2488 2160 falsum
2547 2096 2610 2160 id
2659 2100 2917 2181 apparet
2961 2119 3034 2164 ex
3081 2101 3192 2165 hoc

726 2203 878 2286 ipso,
931 2201 1096 2284 quod
1145 2220 1304 2266 anno
1353 2199 1631 2281 sequenti
1686 2199 1877 2261 1749.
1929 2199 2219 2262 eximiam
2266 2197 2459 2261 edidit
2505 2198 3045 2267 Dissertationem.
3092 2202 3195 2265 11111

722 2306 1049 2390 benignam
1088 2304 1264 2367 illam
1296 2303 1667 2367 sententiam
1701 2319 1823 2364 non
1857 2301 2139 2382 sequitur
2169 2299 2373 2375 modo,
2417 2300 2521 2364 sed
2552 2301 3060 2367 luculentissimis
3095 2324 3193 2367 ar-

718 2408 1031 2491 gumentis
1071 2408 1286 2470 contra
1328 2403 1878 2468 Probabilioristas
1918 2401 2206 2466 defendit.

808 2509 887 2572 Et
935 2509 1084 2571 haec
1131 2506 1381 2590 quidem
1429 2504 1744 2568 sufficiant
1800 2507 1869 2567 111
1918 2507 2178 2579 constet,
2230 2524 2360 2568 rem
2410 2523 2522 2569 acu
2572 2506 2745 2569 nulla
2793 2508 3037 2571 ratione
3086 2526 3188 2571 eos

714 2615 987 2696 tangere,
1023 2612 1076 2674 si
1108 2611 1215 2692 qui
1249 2610 1393 2682 sint,
1446 2608 1553 2690 qui
1608 2627 1654 2671 s.
1700 2607 2029 2670 Doctorem
2076 2607 2468 2690 Alphonsum
2515 2608 2606 2672 ita
2656 2608 3190 2692 interpretandum

714 2715 955 2797 putent,
991 2714 1065 2777 111
1095 2711 1340 2794 quando
1377 2710 1647 2774 defendit
1695 2709 1941 2773 licitum
1991 2728 2120 2773 esse
2169 2729 2354 2773 usum
2404 2710 2709 2793 opinionis
2742 2712 3083 2794 probabilis
3129 2714 3189 2777 in

718 2834 1020 2878 concursu
1066 2813 1499 2897 probabilioris
1540 2831 1648 2894 pro
1696 2813 1851 2895 lege,
1889 2812 2159 2896 intelligi
2190 2811 2410 2876 debeat
2456 2812 2530 2876 de
2566 2812 2676 2876 illa
2721 2814 3190 2896 probabilitatis

716 2916 1286 2999 praeponderantia,
1338 2933 1495 2995 quae
1546 2915 1763 2996 utpote
1814 2914 2015 2977 tenuis
2065 2917 2127 2977 et
2174 2914 2407 2978 incerta
2446 2934 2555 2997 pro
2603 2916 2799 2980 nihilo
2848 2919 3188 3002 reputantis

715 3020 824 3094 sit;
878 3021 1062 3100 atque
1111 3016 1260 3080 adeo
1313 3015 1720 3090 subinferunt,
1772 3016 1997 3091 theseS,
2047 3015 2271 3096 quibus
2321 3035 2368 3078 s.
2420 3017 2654 3080 Doctor
2687 3017 3022 3104 benignam
3059 3040 3189 3086 sen-

716 3122 978 3185 tentiam
1025 3118 1308 3194 asseruit,
1347 3117 1425 3180 ad
1465 3116 2167 3198 aequiprobabilismum
2199 3118 2474 3182 revocari
2515 3137 2692 3202 posse
2726 3139 2796 3184 ac
2829 3122 3065 3187 debere.

805 3224 907 3285 66.
958 3220 1053 3285 Ad
1102 3219 1493 3303 propositum
1540 3219 1715 3281 nobis
1764 3237 2039 3300 scopum,
2093 3219 2450 3285 ostendendi
2488 3222 2739 3300 scilicet,
2782 3244 2963 3308 posse
3009 3228 3187 3311 pleno

713 3327 846 3390 iure
894 3323 1169 3388 invocari
1215 3322 1583 3405 suffragium
1646 3322 1707 3383 et
1771 3320 2210 3385 auctoritatem
2258 3342 2306 3385 s.
2359 3323 2646 3388 Doctoris
2709 3326 3018 3410 Alphonsi
3077 3351 3185 3413 pro

715 3426 1219 3492 communissima
1251 3424 1363 3487 illa
1386 3423 1710 3496 sententia,
1747 3442 1906 3504 quae
1930 3424 2177 3501 statuit,
2204 3424 2451 3490 licitum
2475 3445 2605 3491 esse
2634 3429 2811 3511 sequi
2837 3431 3187 3514 opinionem

713 3529 906 3594 solide
939 3526 1319 3610 probabilem
1357 3526 1547 3589 etiam
1597 3525 1657 3587 in
1707 3543 2008 3589 concursu
2056 3526 2490 3609 probabilioris
2523 3548 2632 3611 pro
2679 3530 2834 3616 lege,
2887 3533 3046 3598 illud
3095 3556 3190 3600 su-

712 3650 947 3716 peresse
984 3629 1248 3704 videtur,
1285 3631 1357 3691 ut
1403 3627 1780 3709 inquiratur,
1824 3631 1930 3709 qui
1978 3627 2214 3692 factum
2249 3629 2351 3706 sit,
2395 3632 2466 3694 ut
2506 3651 2554 3695 s.
2597 3633 2830 3698 Doctor
2868 3636 2998 3700 iam
3047 3638 3187 3702 inde

712 3736 789 3799 ab
836 3754 974 3798 ann.
1030 3732 1221 3795 1762.
1286 3731 1555 3813 coeperit
1603 3749 1674 3793 ex
1737 3730 2009 3813 professo
2060 3749 2240 3814 agere
2278 3731 2351 3795 de
2384 3732 2670 3816 hypotesi
2717 3736 3030 3818 opinionis
3078 3759 3185 3823 pro

712 3842 1000 3906 libertate
1048 3857 1240 3919 aeque
1290 3839 1403 3901 aut
1453 3836 1628 3918 qnasi
1684 3855 1875 3917 aeque
1923 3836 2282 3918 probabilis,
2320 3856 2390 3900 ac
2422 3838 2506 3902 sit
2545 3840 2750 3922 opinio
2798 3863 2911 3927 pro
2950 3847 3089 3931 lege
3120 3867 3186 3911 ac

712 3962 893 4027 porro
943 3941 1192 4006 unicam
1238 3939 1396 4002 hanc
1446 3938 1672 4001 thesim
1722 3937 2002 4020 deinceps
2058 3957 2128 4001 ex
2176 3938 2450 4022 professo
2499 3939 2816 4010 defendere
2861 3948 3175 4026 maluerit,

708 4047 953 4110 licitum
977 4060 1106 4106 esse
1133 4059 1317 4105 usum
1344 4040 1648 4123 opinionis
1682 4040 2017 4123 probabilis
2057 4041 2121 4103 in
2154 4059 2456 4107 concursu
2507 4044 2811 4126 opinionis
2846 4068 3039 4134 aeque
3069 4054 3178 4116 aut

711 4147 889 4230 quasi
922 4164 1113 4226 aeque
1160 4142 1498 4226 probabilis
1539 4159 1649 4225 pro
1682 4143 1838 4226 lege.

798 4250 878 4314 Et
925 4249 1104 4332 plane
1136 4245 1487 4328 responderi
1531 4247 1756 4327 potest,
1795 4245 1953 4308 hanc
1985 4265 2230 4328 quoque
2261 4249 2690 4330 quaestionem
2720 4253 2961 4319 nullam
3011 4277 3180 4340 prae-

708 4354 928 4417 seferre
965 4349 1422 4415 difficultatem.

797 4454 899 4515 67.
937 4452 1034 4517 Ad
1082 4450 1529 4533 assequendam
1578 4450 1874 4514 nimirum
1907 4469 1956 4513 s.
1993 4450 2282 4517 Doctoris
2332 4457 2604 4520 mentem
2644 4460 2708 4522 et
2739 4467 3179 4543 consequenter

712 4561 909 4626 totius
941 4558 1301 4643 systematis
1334 4557 1589 4620 moralis
1630 4557 1706 4619 ab
1737 4557 1873 4639 ipso
1909 4560 2285 4643 propugnati
2310 4561 2637 4640 rationem,
2665 4564 2784 4629 rite
2807 4565 3179 4650 inspicienda
