3529 5158
704 331 815 387 398
1217 344 1429 386 rasc'r.
1468 343 1558 383 111.
1596 343 1681 382 ma
1717 341 1995 385 Lamnus·
2033 340 2234 384 CAPUT
2268 342 2350 382 ιν.
2390 342 2532 382 nus.
2572 342 2653 383 ιν.
3028 324 3170 402 [405]

712 443 923 526 aliquo
971 441 1156 507 modo
1204 460 1381 525 posse
1427 440 1631 505 solum
1677 439 1751 503 de
1797 439 1874 503 iis
1906 438 2107 513 rebus,
2141 457 2299 520 quae
2344 438 2628 522 spectant
2672 438 2753 503 ad
2781 457 3173 504 communem

708 545 1110 610 directionem
1134 544 1484 607 animarum
1518 544 1581 606 et
1623 542 1772 605 sunt
1801 540 2124 605 moraliter
2152 540 2562 617 necessariae;
2602 539 2708 604 sed
2745 539 2823 604 ad
2854 539 3022 605 hunc
3044 559 3173 605 cen·

713 666 853 711 sum
898 666 1021 712 non
1058 646 1364 730 pertinere
1394 645 1881 728 dispensationes
1915 662 1950 707 a
1980 643 2223 728 legibus
2260 642 2588 719 canoniciS‚
2628 644 2896 726 exceptis
2929 642 3171 708 casibus

711 750 899 832 prout
946 767 1270 814 commune
1318 748 1554 813 bonum
1601 746 1904 830 postulat,
1943 744 2418 828 dispensationis
2463 743 2698 809 dandae
2735 745 2835 809 vel
2877 745 2944 809 in
2991 745 3172 810 rebus

704 852 1055 934 frequenter
1089 850 1549 916 occurrentibus
1580 849 1679 913 vel
1702 850 1766 913 in
1804 848 2180 923 necessariis,
2220 847 2466 929 quando
2498 847 2697 911 facilis
2729 866 2852 912 non
2876 847 3067 911 datur
3095 847 3173 911 ad

705 958 1086 1040 superiorem
1108 976 1413 1022 recursuS.

797 1060 940 1124 Dixi
988 1063 1199 1125 autem
1245 1061 1403 1124 hanc
1452 1060 1877 1136 obiectionem,
1912 1058 2313 1141 potiusquam
2345 1057 2693 1140 opinionem
2740 1057 3008 1137 scholae,
3042 1076 3171 1122 esse

713 1163 1060 1227 habendam
1090 1165 1166 1227 ut
1204 1163 1629 1246 aphorismum
1657 1161 2107 1226 iansenianum.
2139 1160 2222 1223 Et
2266 1178 2412 1225 sane
2439 1160 2504 1224 in
2537 1157 2803 1225 Constit.
2832 1161 3173 1225 Auctorem

714 1263 867 1343 fidei
910 1264 998 1347 (n.
1041 1265 1222 1349 6.-8.)
1271 1266 1574 1348 tanquam
1618 1262 2033 1336 schismatica,
2073 1282 2333 1327 erronea
2378 1266 2440 1325 et
2479 1261 2782 1327 inducens
2824 1262 3172 1327 subversio-

717 1387 860 1431 nem
890 1366 1266 1432 hierarchici
1299 1369 1628 1451 reyiminis
1663 1366 1967 1432 eiusmodi
1997 1366 2276 1431 doctrina
2307 1364 2658 1431 damnatur.

780 1464 980 1539 405.
1015 1470 1284 1535 Advorte
1331 1470 1582 1535 tandem
1628 1470 1974 1535 doctrinam
2012 1467 2236 1533 Suarez
2284 1467 2358 1531 de
2394 1468 2547 1550 Ley.
2580 1469 2622 1533 l.
2659 1468 2719 1532 6.
2770 1487 2821 1533 c.
2877 1470 2981 1533 11.
3014 1489 3076 1532 n.
3110 1470 3169 1533 8.

717 1596 753 1630 «
792 1571 1332 1655 Dispensationem
1376 1572 1555 1657 legis,
1604 1571 1809 1654 quoad
1849 1570 2293 1656 obligationem
2328 1571 2393 1634 in
2439 1570 2814 1636 conscientia
2859 1573 2924 1635 et
2969 1570 3172 1653 quoad

712 1691 956 1737 omnem
1002 1674 1307 1752 effectum,
1347 1674 1454 1755 qui
1486 1693 1557 1739 ex
1588 1674 1700 1738 illa
1729 1673 1971 1756 pendet,
2007 1691 2128 1737 non
2174 1672 2420 1737 concedi
2458 1671 2533 1736 de
2568 1672 2735 1736 facto
2767 1674 2831 1737 et
2852 1673 3175 1737 moraliter

710 1776 1018 1857 loquendo
1052 1777 1164 1850 ita,
1198 1779 1272 1840 ut
1296 1795 1483 1841 suum
1515 1777 1800 1842 effectum
1832 1776 2078 1847 habeat,
2106 1774 2469 1858 priusquam
2500 1775 2578 1839 ad
2608 1774 2903 1839 notitiam
2938 1774 3175 1858 dispen-

709 1877 835 1941 sati
882 1879 1202 1961 perveniat
1247 1880 1310 1943 et
1356 1878 1536 1943 illam
1580 1897 1688 1961 per
1733 1898 1799 1942 se
1844 1878 2051 1961 ipsum
2084 1877 2377 1958 acceptet.
2427 1877 2615 1941 Ratio
2662 1878 2785 1953 est;
2836 1877 2987 1958 quia
3036 1878 3174 1941 ante

711 1982 1006 2046 notitiam
1037 1982 1537 2065 dispensationis,
1577 2001 1701 2046 non
1731 1985 1940 2066 potest
1970 2000 2101 2045 esse
2138 1980 2348 2044 licitus
2392 1998 2544 2045 usus
2582 1981 2715 2045 eius
2746 1983 2809 2045 et
2845 1980 2985 2046 ideo
3018 1981 3173 2046 veri-

713 2083 915 2148 simile
947 2103 1069 2150 non
1102 2086 1198 2149 est
1235 2085 1417 2149 aliter
1453 2084 1719 2149 concedi.
1745 2082 2003 2163 Quando
2051 2101 2195 2147 vero
2243 2082 2618 2165 dispensatio
2651 2101 2775 2148 non
2806 2082 2981 2147 tollit
3028 2083 3173 2146 obli·

710 2185 1029 2269 gationem
1067 2186 1494 2264 conscientiae,
1534 2186 1639 2251 sed
1670 2186 1795 2250 alia
1828 2204 2031 2263 onera,
2065 2203 2189 2250 non
2219 2186 2544 2269 repugnat,
2594 2184 2814 2249 statim
2850 2204 2889 2248 a
2935 2203 3171 2249 conces-

712 2287 883 2353 sione
932 2291 1181 2372 accepta
1228 2289 1453 2354 saltem
1492 2309 1598 2372 per
1644 2290 2109 2372 procuratorem
2168 2288 2265 2351 vel
2312 2287 2659 2369 epistolam,
2707 2287 2933 2352 habere
2990 2307 3171 2352 suum

705 2390 991 2455 effectum
1030 2416 1092 2455 ».

1701 2533 1879 2600 Unde
1918 2532 2199 2598 resolves.

819 2708 1142 2761 Lxxxviu.
1173 2710 1218 2760 4.
1255 2707 1478 2761 Pontifex
1505 2707 1611 2761 sine
1636 2706 1764 2761 iusta
1792 2721 1937 2760 causa
1965 2722 2060 2761 non
2090 2713 2247 2774 potest
2274 2707 2559 2774 dispensare
2589 2706 2639 2761 in
2671 2711 2777 2772 lege
2807 2707 2916 2770 Dei.
2941 2722 3033 2762 nec
3068 2708 3177 2776 Epi-

706 2806 888 2858 scopus
925 2791 973 2844 in
1015 2795 1119 2855 lege
1161 2791 1426 2845 Ecclesiae.
1450 2794 1630 2846 Sanch.
1657 2789 1722 2845 de
1747 2792 1993 2846 Μαΐνίηι.
2022 2795 2052 2845 Ι.
2082 2796 2129 2845 8.
2157 2794 2204 2844 d.
2234 2794 2317 2846 ⁴7.
2348 2808 2394 2845 n.
2422 2793 2469 2845 3.
2497 2794 2639 2846 Suar.
2671 2793 2822 2858 Vasq.

805 2903 988 2979 406.
1023 2909 1349 2973 Resolutio
1397 2909 1551 2972 duas
1598 2908 1788 2973 habet
1818 2911 2057 2993 partes;
2107 2910 2308 2991 prima
2354 2910 2432 2974 ad
2475 2910 2862 2989 Pontificem,
2913 2911 3174 2976 secunda

706 3010 787 3074 ad
817 3011 1153 3095 Episcopos
1185 3015 1457 3095 spectat:
1493 3012 1749 3077 seorsim
1783 3013 1993 3076 autem
2025 3011 2098 3076 de
2128 3014 2395 3095 utraque
2426 3031 2688 3098 agamus
2728 3015 2995 3097 oportet.

808 3112 1025 3194 Quoad
1067 3114 1452 3192 Pontificem,
1492 3116 1567 3179 A.
1630 3115 1781 3178 dicit
1835 3134 1956 3180 non
2001 3133 2181 3197 posse
2211 3115 2561 3198 dispensare
2596 3115 2659 3179 in
2713 3116 2850 3200 lege
2888 3117 3007 3181 Dei
3050 3116 3178 3180 sine

713 3217 883 3281 iusta
922 3235 1139 3293 causa3
1175 3236 1333 3299 quae
1372 3216 1558 3281 verba
1592 3216 2019 3301 adsignificare
2066 3216 2371 3295 videntur,
2410 3235 2588 3299 posse
2634 3236 2780 3301 ergo
2828 3216 2894 3281 id
2921 3217 3178 3283 Pontifi—

712 3339 848 3384 cem
882 3339 1024 3383 cum
1057 3321 1224 3383 iusta
1255 3338 1462 3383 causa.
1497 3319 1732 3383 Verum
1769 3319 1886 3382 hoc
1915 3317 2153 3402 indiget
2181 3319 2604 3402 explicatione.

793 3421 875 3484 Et
932 3439 980 3484 S.
1016 3419 1374 3502 Alphonsus
1406 3420 1654 3502 quidem
1686 3423 1829 3502 post
1853 3420 2009 3485 alios
2040 3420 2191 3485 dicit
2225 3421 2331 3485 lib.
2377 3423 2435 3484 1:
2466 3442 2527 3486 n.
2573 3423 2741 3499 189„
2767 3421 3078 3506 duplicem
3101 3423 3178 3487 de

710 3523 826 3585 hac
871 3540 936 3585 re
983 3539 1113 3585 esse
1167 3522 1558 3586 sententiam.
1615 3547 1651 3580 ⁴<
1688 3521 1920 3594 Prima,
1953 3522 2175 3604 inquit,
2210 3524 2514 3587 sententia
2554 3524 2848 3602 affirmat,
2889 3544 2962 3589 ex
3008 3527 3182 3608 pote-

711 3623 878 3688 state
913 3621 1198 3706 delegata
1239 3641 1274 3686 a
1310 3624 1461 3702 Deo,
1496 3624 1741 3706 quando
1775 3623 2018 3706 expedit
2048 3623 2444 3706 dispensatio.
2480 3626 2578 3689 Ita
2615 3624 2906 3704 Sanchez‚
2946 3625 3182 3706 Canus,

706 3725 1025 3790 Bonacina
1075 3724 1242 3808 apud
1288 3723 1589 3790 Salmant.
1624 3725 1698 3789 de
1728 3725 1883 3807 Ley.
1917 3745 2048 3808 cap.
2087 3727 2144 3790 5.
2181 3746 2239 3790 n.
2276 3729 2379 3791 25.
2420 3728 2528 3809 qui
2574 3731 2801 3793 vocant
2841 3729 2997 3794 satis
3045 3748 3188 3812 pro-

709 3828 980 3894 babilem
1013 3853 1074 3892 ».
1111 3826 1419 3906 Secunda,
1455 3847 1642 3910 quam
1674 3828 1898 3892 merito
1932 3827 2289 3893 Salmantic.
2324 3850 2383 3893 n.
2419 3831 2524 3893 26.
2557 3831 3041 3913 probabiliorem
3077 3853 3192 3916 pu-

710 3934 868 4009 tant,
903 3933 1092 4017 negat
1137 3951 1278 3996 cum
1326 3951 1373 3996 s.
1419 3931 1638 3996 Thom.
1695 3929 1921 3996 Suarez
1960 3932 2097 4009 etc.‚
2132 3933 2279 4014 quia
2317 3933 2537 3997 nullibi
2569 3934 2719 3998 haec
2750 3936 3064 4001 concessio
3098 3956 3192 4001 rt.L

709 4035 946 4118 peritur
982 4035 1186 4118 Papae
1224 4033 1390 4099 facta
1422 4053 1459 4098 a
1497 4035 1628 4098 Deo
1655 4058 1715 4096 ».

793 4140 1215 4205 Veruntamen
1251 4142 1386 4204 tota
1450 4141 1600 4204 haec
1631 4138 1949 4216 dissensio,
1975 4140 2142 4220 quod
2172 4141 2385 4205 sedulo
2412 4141 2853 4206 advertendum
2877 4144 2994 4220 est,
3020 4162 3198 4208 mere

701 4244 1086 4326 speculativa
1118 4245 1212 4308 est
1245 4245 1308 4308 et
1329 4245 1554 4322 potius
1587 4241 1676 4304 ad
1702 4240 1949 4305 modum
1982 4241 2275 4324 loquendi
2283 4245 2580 4324 pertinet,
2613 4264 2765 4310 num
2795 4246 2860 4310 in
2883 4264 3035 4310 casu
3061 4247 3192 4313 isto

708 4345 1057 4410 adhibenda
1091 4346 1174 4410 sit
1213 4365 1397 4409 necne
1431 4365 1548 4410 vox
1586 4344 1968 4424 dispensatio
1986 4364 2008 4420 ‚·
2040 4365 2186 4410 nam
2231 4346 2396 4427 quod
2435 4347 2574 4411 tolli
2610 4348 2810 4431 possit
2845 4350 3193 4431 aliquando

709 4448 1034 4512 vinculum
1074 4447 1492 4532 obligationiS‚
1527 4467 1684 4530 quae
1718 4447 1962 4512 dicatur
2010 4448 2161 4513 iuris
2194 4449 2406 4527 divini,
2441 4469 2548 4532 per
2578 4451 2931 4533 pontificiae
2965 4458 3195 4522 aucto-

712 4550 922 4613 ritatis
959 4548 1514 4631 interpositionem,
1547 4551 1814 4633 utraque
1851 4568 1994 4632 pars
2027 4569 2219 4633 aeque
2248 4552 2573 4617 consentit.
