3529 5158
379 335 528 412 [806]
813 352 1066 400 otranno
1102 352 1329 394 anavrs
1366 353 1655 395 monario
1692 353 1873 396 nmis
1910 356 2030 397 vm.
2070 355 2411 396 PRABOEPTI
2732 345 2841 400 323

474 450 542 515 Id
576 449 981 515 confirmatur
1012 469 1084 514 ex
1114 449 1574 525 consuetudine,
1610 469 1772 532 quae
1818 451 1990 536 viget
2035 453 2100 518 in
2131 452 2461 517 Ordinibus
2486 454 2837 538 Religiosis

379 554 548 618 Nam
594 552 899 635 quaedam
947 553 1205 626 obiecta,
1255 571 1414 634 quae
1461 552 1641 634 plane
1687 573 1759 617 ex
1807 572 1986 619 sensu
2034 555 2340 619 Ecclesiae
2402 559 2550 619 sunt
2594 558 2841 638 capacia

378 656 597 742 gravis
646 655 1066 740 obligationis,
1099 675 1159 718 v.
1195 674 1289 739 gr.
1325 653 1565 718 auditio
1598 654 1829 719 Missae
1866 657 2251 738 quotidiana,
2286 656 2586 722 ieiunium
2617 661 2732 723 ete.
2772 678 2842 724 ex

307 758 311 762 ’
379 757 955 824 Constitutionibus
1001 757 1280 840 ipsorum
1326 755 1628 821 Ordinum
1661 757 1945 842 obligant
1980 760 2097 823 sub
2129 759 2356 824 veniali
2381 761 2837 825 tantummodo.

380 863 519 925 Imo
566 862 776 943 posset
820 860 1009 924 etiam
1057 859 1209 935 fieri,
1253 860 1324 922 ut
1384 878 1456 923 ex
1501 859 1564 922 vi
1611 857 2150 925 constitutionum
2209 880 2332 927 non
2371 862 2720 946 obligarent
2767 864 2839 927 ad

381 965 587 1030 ullum
621 962 1053 1046 peccatum.1d
1076 961 1481 1027 confirmatur
1511 980 1583 1026 ex
1613 961 2021 1028 similitudine
2053 964 2204 1039 voti,
2241 982 2364 1045 quo
2398 964 2537 1045 quis
2572 966 2687 1029 sub
2720 965 2841 1030 levi

378 1086 447 1130 se
481 1066 723 1150 obligat
758 1065 822 1128 in
858 1063 1122 1128 materia
1161 1063 1358 1147 gravi.

473 1169 704 1232 Merito
743 1186 889 1252 ergo
937 1185 986 1230 S.
1026 1166 1210 1248 Alph.
1243 1166 1287 1229 l.
1329 1184 1378 1228 c.
1414 1166 1572 1229 hanc
1608 1167 1682 1229 A.
1718 1166 2090 1230 sententiam
2116 1165 2611 1246 probabiliorem
2655 1167 2839 1231 dicit:

380 1272 490 1336 ubi
529 1289 600 1335 ex
638 1269 848 1334 Lessio
888 1267 1176 1343 advertit,
1212 1267 1431 1349 utique
1469 1267 1802 1350 prudenter
1847 1286 2026 1350 posse
2071 1268 2493 1353 legislatorem
2540 1269 2732 1333 etiam
2777 1269 2841 1332 in

378 1373 648 1438 materia
684 1392 795 1455 per
831 1390 895 1435 se
919 1369 1128 1455 gravis
1155 1369 1554 1453 obligationis
1591 1369 1804 1452 capaci
1841 1370 2118 1454 obligare
2139 1371 2346 1436 solum
2376 1370 2492 1434 sub
2527 1371 2668 1445 levi,
2695 1370 2843 1452 quia

380 1476 515 1540 scil.
559 1474 634 1538 ad
679 1473 864 1537 finem
910 1473 1222 1536 intentum
1267 1490 1388 1537 non
1437 1470 1679 1554 expedit
1717 1490 1972 1556 gravem
2020 1472 2465 1556 obligationem
2509 1472 2840 1555 imponere.

382 1576 721 1642 Prudentia
753 1575 987 1639 scilicet
1032 1576 1146 1649 est,
1187 1592 1400 1638 cavere
1432 1574 1705 1656 pericula
1741 1574 1979 1657 peccati
2015 1574 2320 1639 mortalis.

495 1719 654 1773 xxti.
679 1719 729 1770 5.
758 1714 1015 1769 potissima
1041 1713 1192 1778 signa,
1221 1728 1282 1767 ex
1310 1713 1486 1779 quibus
1506 1713 1670 1778 colligi
1697 1713 1867 1781 possit,
1894 1730 1951 1767 an
1975 1716 2053 1769 lex
2078 1713 2259 1779 obliget
2279 1717 2369 1767 sub
2392 1713 2529 1778 gravi
2551 1716 2710 1780 culpa,
2731 1720 2843 1766 sunt

382 1807 520 1858 baec.
549 1806 582 1856 1.
600 1801 650 1856 si
666 1800 866 1856 materia
894 1799 957 1854 sit
981 1799 1143 1864 gravis
1163 1804 1211 1852 ct
1238 1814 1333 1852 non
1361 1806 1551 1852 constet
1577 1798 1625 1852 in
1652 1798 1954 1852 contrarium
1976 1801 2037 1853 de
2058 1802 2310 1853 voluntate
2327 1797 2682 1866 praecipientis.
2702 1799 2841 1852 Unde

381 1888 538 1943 Caiet.
566 1887 628 1941 in
652 1886 809 1942 Sum.
828 1883 980 1940 verb.
1006 1884 1146 1940 Cler.
1172 1885 1334 1947 docet,
1358 1883 1577 1939 Clericos
1617 1889 1805 1937 tantum
1834 1897 2038 1949 peccare
2066 1883 2339 1949 venialiter,
2368 1885 2482 1937 dum
2509 1889 2676 1937 contra
2707 1897 2842 1951 prac-

379 1980 524 2040 cepta
562 1970 686 2025 iuris
723 1969 944 2038 positivi,
979 1983 1099 2022 aves
1136 1974 1185 2021 et
1223 1981 1369 2022 canes
1396 1975 1667 2033 sequuntur
1705 1970 1769 2021 ad
1809 1970 2101 2022 venandum.
2128 1971 2184 2022 ll.
2223 1968 2276 2022 Si
2316 1970 2467 2021 verba
2494 1982 2715 2032 magnam
2743 1966 2840 2020 vim

380 2063 582 2121 babent,
614 2065 666 2111 ut
690 2056 932 2118 iubemus,
952 2053 1306 2115 interdicimus
1332 2053 1382 2106 in
1404 2053 1585 2107 virtute
1606 2062 1804 2107 sanctae
1829 2053 2152 2117 obedientiae,
2179 2056 2257 2106 vel
2288 2052 2335 2106 vi
2360 2051 2463 2106 voti
2476 2061 2560 2107 aut
2583 2053 2841 2106 iuramenti

380 2146 463 2198 vel
485 2141 696 2208 graviter
723 2143 1007 2193 mandamus
1033 2147 1123 2192 etc.
1155 2141 1230 2192 ΙΙΙ.
1260 2138 1312 2191 Si
1338 2152 1492 2204 poena
1520 2153 1689 2202 magna
1717 2137 1992 2204 adiiciatur,
2023 2146 2073 2191 ut
2095 2137 2628 2202 excommunicationis,
2650 2137 2839 2203 deposi-

377 2228 546 2290 tioniS,
568 2224 925 2280 maledictionis
947 2233 1189 2290 aeternae,
1215 2222 1350 2276 exilii
1369 2222 1609 2290 perpetui,
1621 2222 1794 2276 mortis
1821 2229 1913 2276 etc.
1937 2224 2019 2276 tv.
2053 2222 2104 2275 Si
2120 2222 2185 2275 ita
2209 2226 2299 2276 lert
2325 2236 2443 2276 usus
2463 2230 2511 2276 et
2537 2224 2840 2276 consuetudo

375 2315 508 2368 inter
538 2312 722 2379 peritos
758 2318 808 2364 et
842 2310 1122 2375 timoratos3
1142 2307 1253 2374 quia
1286 2309 1591 2361 consuetudo
1615 2313 1690 2360 est
1720 2307 1904 2374 optima
1943 2309 2103 2371 legum
2128 2306 2391 2372 interpres,
2422 2314 2477 2360 nt
2498 2314 2631 2373 patet
2660 2306 2708 2359 in
2730 2309 2839 2371 lege

374 2397 546 2454 ieiunii
579 2395 909 2452 Ecclesiastici
921 2400 1032 2449 etet
1054 2392 1372 2448 abstinentiae
1401 2406 1425 2446 a
1446 2392 1691 2456 carnibuS,
1714 2392 1832 2447 item
1850 2390 2218 2446 Communionis
2241 2405 2448 2455 annuae,
2475 2405 2597 2458 quas
2620 2391 2840 2455 graviter

374 2484 600 2549 obligare
634 2484 842 2549 probant
867 2478 979 2535 heic
1003 2482 1113 2533 Tol.
1139 2480 1305 2544 Laym.
1334 2480 1365 2531 l.
1395 2493 1438 2532 c.
1464 2492 1506 2532 c.
1531 2477 1613 2530 Μ.
1642 2493 1690 2530 11.
1718 2478 1764 2530 4.
1795 2479 1974 2531 Bonae.
2003 2492 2048 2544 p.
2075 2478 2126 2530 7.
2158 2476 2193 2545 ξ
2221 2477 2267 2530 4.

471 2589 651 2663 305.
693 2590 874 2671 Quod
910 2589 1138 2655 dicitur
1174 2587 1248 2652 de
1293 2585 1612 2662 Caietam,
1651 2605 1722 2651 eo
1772 2587 1982 2669 potius
2028 2589 2305 2669 spectare
2350 2585 2675 2650 dicendum
2725 2586 2840 2659 est,

375 2696 547 2779 quod
584 2697 648 2760 in
687 2694 784 2759 his
821 2711 944 2758 non
975 2692 1060 2757 sit
1091 2692 1381 2756 voluntas
1418 2689 1751 2771 superioris
1793 2688 2110 2773 obligandi
2134 2689 2249 2753 sub
2279 2688 2479 2773 gravi.
2507 2686 2841 2752 Caietanus

376 2803 498 2867 hac
542 2800 616 2865 de
649 2820 713 2865 re
759 2800 852 2863 ita
898 2797 1113 2861 scribit
1149 2797 1236 2877 (v.
1279 2794 1623 2876 maricam:
1665 2819 1698 2851 «
1738 2791 2119 2859 Clericorum
2152 2796 2403 2876 peccata
2441 2792 2733 2875 specialia
2771 2811 2842 2856 ex

375 2903 873 2987 transgressione
905 2900 1059 2965 iuris
1083 2898 1355 2981 positivi,
1397 2899 1543 2962 sunt
1574 2898 1691 2972 tot,
1734 2900 1808 2960 ut
1847 2897 1948 2960 vix
1979 2897 2294 2960 numerari
2331 2898 2564 2978 queant
2596 2922 2657 2956 ».
2684 2894 2844 2973 Quo—

374 3026 522 3071 rum
553 3004 773 3069 multis
796 3001 1172 3068 enumeratis
1203 2998 1412 3082 quoad
1455 3002 1677 3063 vestem
1707 3001 1770 3060 ct
1796 2997 2031 3060 czdtum
2060 3001 2407 3069 externum,
2441 2996 2649 3076 quoad
2674 3000 2845 3058 artes

375 3110 469 3173 eia
487 3105 868 3188 prohibitae,
906 3102 1116 3185 quoad
1135 3103 1346 3183 officia
1369 3099 1683 3164 acculam'a
1711 3100 1870 3177 ipsis
1893 3098 2229 3160 interdicta
2253 3101 2313 3160 et
2334 3096 2542 3176 quoad
2573 3096 2847 3158 actiones

376 3212 471 3276 eis
517 3210 760 3282 vetita-a,
799 3212 873 3270 ut
905 3210 1166 3287 portare
1196 3224 1399 3275 arma,
1425 3203 1518 3264 ‘e're
1548 3200 1637 3265 ad
1667 3201 2011 3272 tabernam,
2048 3221 2193 3263 aves
2223 3218 2525 3277 canesque
2558 3199 2735 3277 sequi
2762 3198 2851 3261 ad

377 3312 799 3378 venandum...
847 3309 936 3374 ad
968 3309 1142 3373 aleas
1185 3305 1282 3369 vel
1331 3302 1587 3368 {axillas
1634 3302 1847 3366 ludere
1895 3304 2009 3365 etc.
2053 3303 2124 3365 ut
2172 3299 2538 3364 benedicant
2579 3317 2846 3371 mensae,

381 3416 777 3479 interiiciant
821 3413 1142 3477 lectionem
1187 3407 1530 3487 sumptioni
1574 3405 1698 3468 cibi
1732 3406 1872 3481 etc.,
1914 3403 2151 3469 subdit:
2186 3430 2220 3463 «
2253 3403 2486 3469 Verum
2532 3402 2756 3468 horum
2785 3404 2849 3467 et

380 3517 741 3584 huiusmodi
789 3512 1224 3599 transgressio,
1272 3510 1325 3574 si
1372 3508 1710 3586 temeritas,
1763 3507 1819 3571 si
1877 3507 2290 3583 contumacia,
2340 3506 2395 3570 si
2454 3507 2846 3587 contemptus

378 3622 562 3696 desit,
602 3638 726 3685 non
770 3622 866 3684 est
897 3618 1221 3701 peccatum
1265 3611 1528 3677 mortale
1566 3610 1795 3675 iudicio
1841 3628 2000 3683 meo,
2050 3612 2355 3691 quantum
2401 3628 2473 3673 ex
2520 3610 2845 3692 praecepto

382 3723 640 3809 positivi
685 3722 840 3786 iuris
887 3719 1178 3803 pendet...
1211 3715 1332 3796 Qui
1369 3717 1579 3780 autem
1625 3715 1806 3797 putet
1853 3713 2061 3779 omnia
2085 3714 2410 3796 praecepta
2457 3712 2733 3795 obligare
2770 3709 2847 3773 ad

379 3827 667 3901 mortale,
709 3828 846 3907 eyet
874 3822 1127 3896 lumine,
1168 3838 1291 3903 quo
1331 3818 1558 3891 videat,
1591 3836 1701 3881 nee
1739 3816 1936 3881 divini
1971 3836 2080 3881 nec
2111 3815 2416 3880 naturalis
2446 3834 2555 3878 nec
2592 3813 2847 3877 humani

379 3931 540 3995 iuris
580 3929 907 4013 praecepta
951 3925 1156 3991 omnia
1200 3923 1474 4006 obligare
1506 3920 1582 3984 ad
1612 3920 1881 3985 mortale
1912 3944 1973 3980 ».

469 4030 651 4105 306.
687 4031 866 4112 Quod
897 4031 1136 4114 spectat
1170 4027 1248 4092 ad
1281 4028 1363 4091 II.
1391 4026 1543 4091 bene
1567 4023 1795 4090 Suarez
1820 4022 1894 4087 de
1928 4022 2081 4103 Ley.
2113 4021 2222 4085 lib.
2251 4021 2312 4084 3.
2353 4039 2485 4101 cap.
2521 4020 2625 4083 26.
2654 4040 2712 4082 n.
2746 4020 2841 4084 1.:

386 4163 422 4193 «
456 4135 716 4201 Clarum
753 4136 868 4209 est,
906 4132 1080 4196 1111113
1112 4129 1299 4195 verba
1329 4146 1506 4211 posse
1530 4127 1810 4192 sufficere
1843 4124 1921 4189 ad
1952 4125 2115 4188 hunc
2139 4122 2445 4196 effectum,
2473 4120 2591 4185 nisi
2624 4140 2847 4203 suppo—

383 4242 574 4303 natur
611 4237 880 4303 materia
917 4252 1145 4317 capax3
1192 4235 1402 4296 tamen
1448 4229 1633 4294 verba
1677 4228 1834 4310 ipsa,
1875 4226 1929 4290 si
1975 4245 2047 4290 ex
2083 4226 2259 4309 parte
2306 4243 2420 4289 sua
2466 4224 2844 4289 sufficienter

390 4342 740 4424 proponant
771 4337 965 4402 talem
1013 4334 1475 4419 obligationem,
1510 4331 1700 4396 etiam
1731 4329 2050 4394 declarant
2077 4327 2408 4392 materiam
2440 4346 2570 4392 esse
2594 4346 2846 4410 gravem

387 4445 450 4507 et
484 4442 614 4506 illis
660 4439 960 4506 standum
990 4439 1106 4510 est,
1145 4436 1198 4500 si
1231 4434 1400 4500 aliud
1429 4433 1755 4499 manifeste
1787 4450 1909 4497 non
1942 4434 2183 4496 constet
2215 4456 2277 4494 ».

477 4544 567 4608 Ex
614 4543 713 4607 his
764 4540 1068 4623 sequitur,
1115 4538 1275 4621 quod
1314 4536 1574 4620 simplex
1609 4536 1868 4599 verbum
1886 4532 2328 4613 praecipiendi
2366 4551 2473 4615 per
2504 4551 2568 4598 se
2614 4552 2736 4597 non
2767 4533 2856 4596 in-

398 4644 561 4711 dicat
594 4644 1047 4729 obligationem
1070 4661 1342 4727 gravem.
1377 4638 1566 4703 Ratio
1604 4639 1719 4713 est,
1754 4637 1902 4719 quia
1935 4636 2311 4720 praecipitur
2349 4636 2540 4700 etiam
2563 4635 2680 4701 sub
2708 4635 2849 4699 levi.
