3529 5158
363 288 513 365 [373]
586 305 670 345 AN
708 306 795 345 An
831 305 1152 347 mamma
1190 307 1552 349 pamma
1588 310 1992 358 nmmum-un
2028 314 2263 361 ALIQUA
2296 315 2585 355 m'rmz'rro
2709 302 2817 358 369

367 405 582 469 autem
615 405 731 469 sub
762 406 1159 488 praeceptum
1192 407 1304 469 aut
1335 407 1555 470 votum
1587 406 1736 489 (nisi
1770 408 1993 491 duplex
2024 409 2139 473 fiat
2170 410 2243 474 de
2281 411 2633 498 substantia
2665 415 2728 476 et
2759 413 2834 477 de

365 507 584 591 modo)
632 526 754 573 non
800 507 1049 572 cadunt.
1097 507 1279 590 Aliis⁴
1305 508 1526 585 verbis,
1577 513 1901 595 praecepta
1940 514 2004 576 et
2036 514 2184 577 vota
2222 512 2548 578 includunt
2578 514 2834 579 circum-

365 610 637 674 stantias
669 610 1031 675 intrinsecas
1063 610 1150 673 rei
1182 613 1541 695 praeceptae
1574 612 1672 676 vel
1702 613 2060 695 promissae,
2102 633 2223 679 non
2264 616 2473 680 autem
2506 615 2692 680 finem
2739 636 2835 682 ex-

365 713 725 788 trinsecum,
758 732 943 794 quem
975 731 1308 795 exsequens
1344 733 1647 797 apponere
1681 716 1908 798 potest.

455 812 634 886 372.
669 815 1020 881 Adnotator
1056 817 1390 899 patavinus
1425 817 1558 881 heic
1589 820 1803 883 monet
1840 817 1913 882 de
1952 820 2223 883 cavenda
2262 798 2682 903 propositione
2720 822 2835 884 14a

363 938 436 983 ex
468 918 782 983 damnatis
830 918 907 982 ab
954 918 1300 983 Alexandro
1336 918 1477 982 VII.
1514 939 1671 1001 quae
1718 920 1810 984 ita
1844 940 1908 985 se
1943 921 2158 985 habet:
2201 948 2235 978 «
2269 921 2388 1001 Qui
2421 922 2572 985 facit
2602 924 2834 987 confes-

360 1022 601 1086 sionem
647 1020 998 1087 voluntarie
1052 1022 1310 1099 nullam‚
1359 1021 1668 1086 satisfacit
1710 1024 2036 1106 praecepto
2092 1023 2399 1088 Ecclesiae
2432 1049 2494 1087 ».
2545 1022 2661 1088 Sed
2707 1045 2830 1091 non

358 1124 459 1189 est
490 1123 570 1188 ad
607 1144 765 1201 rem3
802 1124 949 1206 quia
987 1124 1123 1188 heic
1166 1123 1304 1206 ipsa
1335 1124 1689 1189 substantia
1718 1125 1809 1190 rei
1856 1127 2215 1208 praeceptae
2263 1126 2451 1190 deest.
2487 1124 2719 1191 Contra
2766 1129 2829 1193 in

357 1244 492 1290 rem
510 1228 817 1291 nostram:
854 1225 1182 1303 satisfacit,
1208 1226 1317 1308 qui
1349 1226 1552 1290 valide
1583 1227 1975 1304 confiteatur,
2011 1227 2116 1291 sed
2142 1227 2513 1291 confiteatur
2544 1248 2595 1291 e.
2630 1249 2723 1312 gr.
2752 1229 2831 1293 ad

357 1328 734 1411 captandam
779 1328 1271 1393 benevolentiam
1320 1327 1678 1393 confessarii
1725 1329 1824 1393 vel
1859 1329 1935 1393 ad
1968 1348 2193 1393 vanam
2228 1329 2494 1415 gloriam
2542 1331 2639 1394 vel
2687 1350 2831 1395 cum

360 1431 485 1495 alia
511 1431 982 1496 circumstantia
1005 1431 1225 1496 leviter
1247 1432 1693 1514 peccaminosa,
1728 1434 1902 1517 puta,
1932 1432 1983 1498 si
2014 1433 2360 1497 mentiatur
2383 1434 2543 1497 cirea
2577 1434 2829 1517 aliquod

362 1533 716 1599 adiaforum
741 1534 804 1598 in
827 1534 964 1617 ipsa
988 1534 1385 1611 confessione,
1408 1555 1467 1599 v,
1486 1555 1579 1619 gr.
1597 1535 1825 1599 mulier
1848 1536 2012 1599 circa
2036 1555 2365 1601 numerum
2389 1556 2694 1601 annorum
2719 1538 2833 1601 aut

355 1637 522 1699 circa
562 1636 927 1700 distantiam
961 1636 1367 1701 habitationis
1401 1638 1514 1701 aut
1544 1637 1706 1701 circa
1738 1637 1993 1701 divitias
2035 1639 2148 1701 aut
2184 1637 2615 1719 paupertatem
2646 1639 2761 1703 etc.

1434 1811 1596 1875 Dua.
1646 1812 1729 1875 ΙΙ.

355 1958 476 2021 An
505 1956 596 2020 ad
621 1956 1041 2037 impletionem
1059 1958 1538 2036 praeceptorum
1569 1956 1936 2035 requiratur
1966 1956 2232 2020 intentio
2264 1957 2347 2020 iis
2376 1955 2825 2035 satisfaciendi.

465 2115 686 2168 XLVlll.
714 2115 859 2179 Resp.
890 2114 1031 2180 Quod
1071 2125 1184 2165 non.
1210 2114 1278 2165 lta
1312 2113 1488 2164 Sancti.
1521 2113 1668 2177 Vasq.
1702 2114 1746 2164 l.
1787 2113 1837 2164 2.
1875 2126 1923 2176 q.
1966 2114 2084 2164 ⁴00.
2114 2126 2157 2164 a.
2198 2114 2245 2165 9.
2273 2119 2322 2165 et
2359 2110 2441 2166 alii
2480 2113 2821 2167 communiter.

352 2197 501 2251 Ratio
538 2204 631 2263 est,
648 2197 761 2263 quia
796 2201 874 2250 lex
912 2202 1098 2250 tantum
1138 2194 1370 2263 praecipit
1408 2194 1610 2248 liberam
1648 2194 1816 2261 operis
1853 2196 2040 2248 externi
2079 2195 2463 2262 exsecutionem,
2490 2210 2538 2250 v,
2566 2212 2640 2261 gr.
2678 2197 2818 2251 audi·

352 2283 537 2336 tionem
576 2282 719 2345 sacri,
746 2296 839 2335 non
878 2287 1039 2335 autem
1080 2289 1133 2334 ut
1167 2280 1266 2334 alio
1305 2278 1543 2347 peculiari
1581 2286 1689 2332 actu
1728 2279 1839 2345 quis
1879 2278 1997 2333 velit
2033 2283 2110 2333 vel
2149 2279 2366 2334 intendat
2393 2289 2656 2348 praecepto
2681 2282 2819 2336 satis·

351 2371 544 2421 lacere:
571 2366 676 2420 sive
703 2374 756 2420 ut
783 2366 866 2419 alii
892 2369 1172 2431 loquuntur,
1197 2371 1458 2432 praecepta
1485 2378 1582 2417 non
1607 2363 1826 2428 obligant
1851 2366 1913 2416 ad
1940 2363 2269 2417 obedientiam
2310 2368 2581 2428 formalem,
2606 2369 2702 2420 hoc
2724 2373 2820 2432 est,

349 2459 408 2506 ut
433 2451 556 2504 illud
583 2453 681 2513 ssat,
708 2450 819 2516 quia
848 2448 1156 2516 praecipitur,
1184 2451 1271 2502 sed
1311 2454 1496 2502 tantum
1535 2450 1595 2501 ad
1638 2448 1940 2502 materialem
1979 2448 2087 2502 sive
2114 2455 2167 2502 ut
2206 2451 2308 2515 flat,
2334 2451 2464 2515 quod
2503 2449 2819 2517 praecipitur.

351 2536 473 2590 vid.
502 2534 588 2589 inl.
616 2541 678 2589 tr.
708 2536 792 2588 Vl.
819 2540 938 2589 sect.
968 2536 1017 2587 3.
1044 2535 1091 2586 d.
1122 2535 1170 2587 3.

969 2660 1146 2729 Unde
1180 2660 1578 2725 resolvuntur
1607 2664 1931 2742 sequentes
1987 2658 2205 2726 Casu-s.

461 2816 641 2888 XLIX.
676 2817 718 2867 l.
745 2814 842 2881 Qui
878 2812 1085 2867 alicuius
1111 2812 1360 2880 praecepti
1395 2812 1667 2876 immemor,
1692 2813 1814 2867 illud
1852 2814 2075 2879 implevit
2110 2827 2160 2866 v.
2185 2828 2257 2878 gr.
2284 2814 2516 2878 ignorans
2552 2828 2661 2868 esse
2689 2813 2818 2868 diem

351 2907 548 2965 festum,
576 2899 733 2955 libere
758 2907 919 2953 tamen
956 2897 1177 2952 interluit
1216 2912 1375 2962 sacro,
1401 2897 1446 2951 is
1483 2896 1732 2951 satisfecit.
1759 2899 1944 2964 Neque,
1975 2905 2027 2951 ut
2051 2897 2250 2964 quidam
2291 2899 2476 2962 volunt,
2502 2914 2704 2953 necesse
2730 2907 2819 2962 est,

349 2994 400 3039 ut
443 2992 615 3052 postea
640 2983 917 3047 intelligens
943 2997 1051 3036 esse
1091 2983 1217 3036 diem
1247 2987 1437 3047 festum,
1466 2981 1584 3036 velit
1623 2991 1736 3036 tunc
1775 2983 2056 3037 satisfacere
2096 2997 2185 3049 per
2211 2983 2408 3036 Missam
2439 2984 2683 3051 auditanu
2708 2984 2821 3050 quia

349 3069 573 3139 implevit
610 3068 932 3124 substantiam
969 3076 1108 3122 actus
1146 3067 1412 3135 praecepti.
1432 3070 1481 3120 S.
1509 3071 1688 3121 Thom.
1716 3069 1866 3120 Henr.
1894 3067 2000 3121 Fill.
2031 3075 2065 3120 t.
2092 3067 2141 3119 ὃ.
2170 3082 2213 3120 c.
2238 3068 2289 3119 7.
2316 3082 2363 3131 q.
2391 3068 2442 3118 7.

458 3157 514 3209 L.
541 3159 591 3209 2.
614 3157 658 3209 ls
698 3161 881 3219 votum,
909 3153 1232 3207 iuramentum
1272 3158 1322 3204 et
1360 3150 1704 3217 poenitentiam
1745 3153 2144 3203 sacramentalem
2186 3164 2301 3202 vere
2338 3149 2523 3216 implet,
2553 3149 2639 3214 qui
2663 3164 2813 3216 opera

350 3241 591 3308 promissa
621 3243 697 3293 vel
725 3238 936 3293 iniuncta
963 3237 1268 3304 exsequitur,
1292 3235 1383 3288 etsi
1412 3248 1507 3287 non
1527 3237 1708 3287 habeat
1731 3232 2049 3287 intentionem
2074 3231 2341 3300 implendi:
2363 3233 2510 3284 modo
2536 3239 2697 3285 tamen
2718 3248 2816 3285 non

351 3326 568 3394 applicet
584 3341 639 3379 ca
665 3340 756 3391 pro
784 3323 877 3377 alia
902 3339 973 3378 rc.
1005 3323 1149 3378 Ratio
1175 3328 1266 3388 est,
1292 3319 1404 3386 quia
1434 3327 1547 3373 vota
1573 3325 1668 3372 etc.
1696 3323 1812 3371 sunt
1840 3322 1972 3382 leges
1996 3317 2135 3383 quasi
2163 3316 2492 3383 particulares,
2521 3331 2645 3382 quas
2671 3320 2818 3370 homo

351 3411 451 3465 sibi
491 3413 568 3463 vel
604 3409 742 3464 alteri
780 3408 1000 3476 imponit,
1033 3409 1161 3461 unde
1201 3414 1387 3460 tantum
1427 3404 1645 3468 obligant
1683 3404 1744 3456 ad
1784 3402 2105 3456 substantiam
2143 3408 2298 3456 actus,
2328 3403 2470 3456 Suar.
2509 3405 2653 3463 Azor,
2682 3404 2818 3456 Less.

348 3499 522 3562 Laym.
551 3499 581 3548 l.
607 3512 653 3551 c.
679 3510 722 3550 c.
754 3496 800 3548 4.
832 3509 877 3548 n.
904 3494 955 3547 7.

438 3603 617 3678 373.
637 3605 848 3670 Addit.
869 3623 917 3669 s.
938 3603 1125 3685 Alph.
1151 3601 1259 3666 lib.
1293 3602 1348 3663 1.
1379 3621 1439 3663 n.
1472 3600 1618 3662 163.
1654 3597 1885 3679 requiri
1917 3597 2326 3662 intentionem
2356 3597 2618 3662 faciendi
2641 3597 2817 3674 illud,

350 3709 517 3793 quod
533 3713 631 3774 est
645 3708 1042 3791 praeceptum
1068 3706 1132 3769 et
1161 3704 1279 3768 hoc
1311 3705 1424 3778 est,
1460 3701 1622 3782 quod
1650 3701 1742 3765 ait
1756 3701 2014 3774 Auctor,
2035 3700 2304 3783 praecipi
2334 3700 2593 3764 liberam
2620 3701 2819 3782 operis

351 3813 588 3877 externi
620 3809 1060 3876 executionem.
1096 3807 1189 3871 Cf.
1231 3806 1376 3869 dub.
1410 3806 1471 3868 4.

440 3913 732 3979 Ceterum
765 3912 903 3976 tum
936 3909 1272 3994 responsiO,
1301 3910 1439 3971 tum
1472 3905 1654 3970 binae
1683 3906 2093 3970 resolutiones
2124 3903 2467 3986 plurimum
2495 3903 2820 3967 conferunt

351 4018 428 4082 ad
465 4016 768 4082 sedandos
801 4015 1123 4097 scrupulos
1157 4010 1566 4094 quorundam,
1602 4009 1711 4090 qui
1744 4010 1973 4092 putant
1996 4026 2060 4071 se
2090 4025 2212 4070 non
2246 4004 2634 4082 satisfecisse,
2669 4005 2818 4086 quia

351 4139 472 4184 non
508 4117 866 4183 habuerunt
901 4116 1333 4180 intentionem.

436 4221 615 4302 Quod
649 4221 742 4285 ait
776 4220 851 4284 A.
886 4219 949 4282 in
999 4219 1058 4281 2.
1094 4215 1472 4282 resolutione
1520 4214 1766 4297 impleri
1815 4211 2281 4296 obligationem,
2320 4209 2498 4274 modo
2543 4230 2670 4274 non
2715 4231 2822 4290 ap-

339 4324 662 4404 plicentur
691 4343 880 4404 opera
899 4341 1022 4401 pro
1068 4318 1204 4383 alia
1249 4338 1338 4394 re,
1375 4316 1656 4401 intellige
1675 4336 1801 4396 pro
1838 4315 1973 4378 alia
2010 4335 2097 4391 re,
2132 4314 2310 4379 euius
2342 4314 2686 4380 satisfactio
2736 4317 2821 4379 sit

345 4425 864 4511 incompossibih‘s
912 4443 1054 4488 cum
1101 4421 1461 4505 impletione
1510 4419 1766 4484 alterius
1814 4418 2148 4501 praecepti,
2198 4417 2375 4481 iuxta
2424 4437 2495 4482 ea
2528 4437 2686 4500 quae
2734 4419 2820 4481 di—

350 4535 568 4595 centur
601 4529 680 4593 ad
712 4528 865 4592 dub.
903 4528 964 4590 5.

510 4649 803 4701 nantium,
836 4642 1008 4690 Mat-al.
1039 4643 1188 4686 Tomo
1215 4641 1255 4684 1.
2607 4640 2659 4680 24
