3529 5158
355 312 497 391 [607]
880 336 965 376 nn
1002 335 1417 378 onmem-romu
1454 335 1790 378 commum
1829 336 2029 379 Morus
2068 337 2290 380 canius
2711 327 2818 382 545

355 429 649 496 obediunt
710 433 1018 498 serviliter
1070 434 1189 499 hoc
1246 434 1342 498 est
1394 433 1625 516 absque
1671 432 1980 498 libertate.
2036 433 2261 500 Moveo
2322 437 2485 500 enim
2536 457 2813 516 manum,

352 534 597 616 quando
645 536 788 600 volo
836 538 900 601 et
946 551 1158 600 versus
1205 537 1465 619 partem,
1508 554 1696 617 quam
1736 535 1900 612 v010,
1941 536 2116 600 nulla
2163 537 2494 603 exsistente
2530 538 2593 606 in
2624 559 2816 604 manu

351 635 544 701 libera
575 637 947 702 resistentia.
980 637 1316 721 Appetitus
1351 640 1560 702 autem
1586 637 1890 702 sensualis
1923 637 2131 702 obedit
2154 639 2402 721 quidem
2435 641 2683 717 rationi,
2711 641 2816 706 sed

351 739 620 819 politice,
645 741 763 805 hoc
800 743 895 805 est
926 760 1068 806 cum
1098 741 1388 805 libertate
1411 740 1755 805 resistendi.
1781 740 1991 805 Habet
2021 741 2184 805 enim
2218 743 2537 825 proprium
2566 745 2814 808 motum

351 860 419 904 ac
450 840 774 925 impetum,
825 861 947 925 quo
994 842 1374 924 concupiscit
1420 840 1714 906 adversus
1761 841 2071 925 spiritum.
2113 842 2196 905 Et
2242 843 2382 908 hinc
2428 844 2522 918 fit,
2570 846 2643 909 ut
2690 863 2813 909 non

346 944 437 1009 ita
460 944 808 1027 imputetur
830 947 1041 1010 motus
1058 944 1485 1009 delectationis
1510 944 1768 1021 homini,
1796 944 1960 1008 sicut
1983 944 2336 1027 imputatur
2361 947 2571 1011 motus
2588 964 2811 1011 manus

345 1049 407 1111 et
452 1066 574 1111 non
623 1048 707 1112 sit
752 1048 1002 1132 signum
1039 1046 1350 1111 sufficiens
1398 1045 1476 1110 ad
1521 1046 1909 1129 probandum
1956 1065 2324 1111 eonsensum
2362 1047 2626 1111 tacitum
2676 1048 2811 1112 sola

344 1150 800 1232 perseverantia
824 1149 1249 1214 delectationis
1274 1149 1418 1231 post
1442 1147 1912 1225 advertentiam,
1931 1148 2096 1213 sicut
2119 1149 2575 1230 perseverantia
2596 1152 2809 1214 motus

341 1260 564 1322 manus
596 1257 829 1322 sufficit
861 1256 938 1320 ad
971 1255 1454 1321 convincendum
1485 1273 1851 1319 consensum
1883 1254 2280 1319 advertentis.
2316 1255 2480 1318 Nam
2503 1274 2646 1338 pars
2678 1274 2810 1320 sen-

340 1358 536 1423 sualis
581 1359 790 1442 potest
837 1376 1222 1442 perseverare
1267 1376 1339 1421 ex
1386 1357 1634 1440 proprio
1682 1356 1942 1439 impetu,
1984 1356 2149 1439 quod
2195 1375 2320 1422 non
2366 1357 2554 1421 habet
2599 1357 2806 1423 locum

336 1480 405 1525 m
440 1480 634 1527 manu
665 1486 726 1526 ».

429 1564 595 1649 Ergo
627 1584 770 1629 cum
803 1565 1031 1649 agatur
1075 1562 1149 1626 de
1194 1562 1375 1626 motu
1422 1559 1745 1636 eiusmodi,
1781 1560 1890 1640 qui
1922 1578 2046 1624 non
2077 1561 2170 1624 ita
2202 1561 2531 1625 subiicitur
2575 1562 2808 1626 rationi

335 1666 471 1731 sive
516 1667 582 1730 in
626 1667 824 1748 ipsius
869 1664 1262 1729 inchoatione
1308 1663 1438 1726 sive
1468 1663 1531 1725 in
1563 1662 1697 1725 eius
1743 1661 2106 1739 cessatione,
2156 1663 2230 1726 ut
2276 1681 2458 1744 penes
2487 1663 2690 1746 ipsam
2720 1663 2809 1728 sit

334 1768 628 1832 absolute
674 1768 739 1830 et
782 1766 1010 1830 directe
1056 1764 1379 1829 cohiberez-
1406 1762 1562 1826 nihil
1608 1765 1705 1827 est
1739 1762 1990 1839 mirum,
2030 1763 2197 1845 quod
2242 1765 2485 1828 nullum
2530 1766 2806 1831 medium

332 1870 646 1934 directum
683 1868 936 1953 suggeri
972 1867 1189 1949 possit,
1222 1884 1346 1948 quo
1378 1865 1541 1929 ratio
1579 1865 1693 1929 hos
1725 1866 1938 1929 motus
1968 1866 2270 1948 reprimat
2303 1886 2375 1930 ac
2409 1867 2712 1932 cohibeat.

426 1966 604 2041 807.
647 1969 713 2034 Si
743 1969 1143 2052 inspiciamus
1188 1969 1399 2031 tamen
1447 1966 1595 2048 quid
1627 1967 1875 2031 suaderi
1923 1967 2121 2050 possit
2158 1970 2223 2033 et
2253 1969 2453 2033 soleat
2485 1969 2562 2032 ad
2600 1971 2806 2034 retun-

330 2072 598 2138 dendam
631 2072 834 2137 carnis
864 2071 1278 2147 rebellionem,
1306 2069 1575 2135 occurrit
1599 2070 1857 2134 afflietio
1882 2070 2078 2153 ipsius
2110 2072 2332 2150 carniS,
2359 2091 2519 2154 quae
2543 2073 2801 2138 afflictio

329 2176 643 2259 duplicem
688 2176 932 2258 partem
977 2173 1198 2238 habet:
1249 2172 1533 2249 alteram,
1590 2191 1750 2253 quae
1797 2173 2096 2255 pabulum
2145 2194 2216 2240 ac
2268 2175 2616 2240 fomentum
2661 2178 2802 2242 sub-

328 2277 551 2352 trahit,
600 2277 697 2341 uti
743 2275 974 2340 ieiunia
1028 2278 1092 2341 et
1139 2274 1512 2339 abstinentia
1569 2275 1631 2338 et
1678 2275 1952 2359 vigiliae,
2010 2276 2293 2350 alteram,
2342 2296 2501 2359 quae
2555 2278 2798 2344 dolores

328 2379 730 2462 laboremque
775 2378 1018 2462 corpori
1062 2377 1181 2461 ipsi
1228 2376 1478 2461 infligit.
1529 2375 1647 2441 Sed
1694 2377 1902 2459 priora
1943 2378 2017 2441 ad
2067 2380 2543 2461 praeveniendos
2589 2383 2799 2464 potius

325 2484 541 2547 motus
587 2482 917 2565 pertinent.

416 2585 614 2649 Porro
647 2585 702 2648 si
739 2602 939 2648 sermo
978 2583 1063 2647 sit
1093 2601 1215 2647 non
1247 2582 1320 2647 de
1352 2582 1813 2666 praeveniendis
1846 2583 2094 2666 quidem
2141 2585 2418 2650 motibus
2465 2586 2651 2664 hisce,
2691 2588 2798 2652 sed

326 2686 401 2751 de
447 2685 852 2769 reprimendis
883 2684 1132 2763 exortis,
1166 2684 1384 2767 utique
1414 2684 1701 2768 legimus,
1753 2688 2000 2751 sanctos
2049 2685 2215 2751 viros
2264 2687 2380 2751 hoc
2416 2688 2618 2753 medio
2650 2708 2798 2755 usos

325 2792 389 2854 et
436 2789 549 2853 alii
597 2788 847 2871 quidem
891 2807 956 2852 se
1003 2787 1290 2870 vepribus
1336 2788 1400 2851 et
1444 2786 1637 2868 spinis
1684 2787 1883 2852 nudos
1932 2789 2320 2868 volutarunt,
2373 2790 2481 2855 alii
2525 2791 2793 2867 nivibus,

327 2892 433 2956 alii
470 2891 825 2976 algentibus
852 2890 1028 2972 aquis
1052 2909 1118 2954 se
1147 2889 1584 2954 immerserunt
1617 2891 1729 2954 aut
1761 2889 1885 2954 alio
1918 2890 2214 2973 quopiam
2237 2892 2421 2957 modo
2453 2894 2514 2957 in
2549 2914 2797 2960 carnem

325 2995 643 3078 propriam
680 2992 1032 3057 saevierunt
1069 2994 1182 3057 aut
1212 3010 1350 3055 eam
1395 2992 1621 3056 saltem
1658 2992 2129 3075 castigaverunt
2171 2994 2348 3058 iuxta
2384 2994 2542 3059 illud
2579 2996 2790 3071 Pauli;

331 3094 589 3177 castiyo
620 3115 843 3174 corpus
871 3113 1073 3157 meum
1103 3097 1165 3155 et
1192 3094 1263 3155 in
1291 3094 1651 3156 servitutem
1681 3092 1898 3172 rediyo
1930 3094 2046 3157 etc.

410 3199 501 3262 At
547 3197 711 3281 apud
758 3196 1063 3261 neminem
1111 3195 1454 3260 Doctorum
1499 3193 1646 3276 legi,
1696 3194 1813 3257 hoc
1860 3211 1991 3258 esse
2047 3193 2338 3273 medium,
2389 3194 2555 3275 quod
2608 3196 2794 3261 cadat

322 3301 440 3365 sub
469 3300 649 3364 illam
697 3299 1161 3382 obligationem,
1202 3296 1274 3361 de
1306 3315 1430 3376 qua
1467 3314 1630 3358 nunc
1660 3294 2006 3375 loquimur;
2042 3295 2190 3359 licet
2234 3295 2490 3359 subinde
2523 3297 2790 3377 suaderi,

322 3401 574 3484 quando
628 3399 955 3484 prudentia
1001 3400 1065 3463 et
1111 3397 1403 3462 adiuncta
1465 3414 1870 3479 personarum
1927 3396 2158 3471 sinunt,
2211 3397 2399 3462 alicui
2451 3399 2667 3481 possit,
2717 3401 2793 3465 ut

320 3504 692 3589 urgentibus
723 3500 1081 3567 huiusmodi
1104 3499 1377 3564 stimulis
1408 3498 1732 3563 brachium
1763 3518 2095 3564 manumve
2131 3500 2376 3566 vellicet
2407 3520 2518 3566 seu
2550 3506 2791 3588 pungat

320 3609 383 3672 et
414 3606 649 3671 similia
679 3604 890 3669 faciat.

407 3709 572 3790 Quid
620 3727 768 3793 ergo
816 3707 1056 3789 inquies
1103 3706 1216 3779 est,
1266 3705 1431 3787 quod
1464 3704 1542 3768 ad
1578 3703 2024 3769 retundendam
2071 3707 2273 3771 carnis
2318 3708 2791 3775 delectationem

316 3814 637 3899 exigitur?
674 3809 1055 3894 RespondeO,
1091 3808 1261 3872 aliud
1300 3807 1621 3890 quidpiam
1654 3826 1807 3884 esse,
1849 3807 2015 3889 quod
2062 3810 2265 3893 magis
2300 3809 2377 3873 ad
2409 3810 2572 3874 hunc
2606 3811 2791 3874 finem

316 3916 470 3981 facit
500 3917 565 3981 et
596 3914 691 3978 sin
716 3914 922 3978 minus
947 3912 1175 3976 directe
1206 3911 1454 3974 motum
1486 3910 1691 3992 ipsum
1723 3910 2104 3993 comprimit,
2132 3911 2296 3975 sicut
2326 3912 2538 3976 motus
2569 3930 2792 3978 manus

314 4018 772 4103 comprimitur,
828 4016 997 4098 quia,
1053 4015 1128 4077 ut
1181 4011 1468 4089 diximus,
1518 4012 1581 4075 hi
1630 4013 1842 4076 motus
1889 4030 2011 4075 non
2061 4013 2478 4078 subiiciuntur
2531 4014 2791 4081 rationis

314 4121 604 4205 imperim
643 4119 922 4183 attamen
953 4115 1249 4181 indirecte
1279 4114 1381 4180 sed
1416 4114 1604 4179 simul
1636 4114 1913 4197 proxime
1944 4115 2184 4180 confert
2222 4116 2298 4180 ad
2332 4134 2435 4182 eos
2467 4118 2786 4185 sedandos.

407 4224 660 4289 Etenim
708 4223 856 4287 licet
901 4219 1268 4303 quandoque
1315 4216 1671 4283 huiusmodi
1719 4217 1930 4281 motus
1978 4236 2229 4283 causam
2284 4220 2508 4285 habere
2559 4225 2790 4303 queant

316 4347 480 4392 mere
516 4325 889 4401 naturalem,
930 4324 1090 4388 circa
1129 4341 1318 4405 quam
1366 4321 1522 4384 nihil
1568 4321 1777 4403 potest
1812 4319 1939 4395 ille,
1972 4321 2082 4402 qui
2113 4339 2216 4387 eos
2263 4325 2473 4387 motus
2512 4325 2784 4407 patitur;

313 4431 525 4493 tamen
574 4428 699 4492 fere
747 4444 987 4507 semper
1017 4442 1268 4487 causam
1304 4423 1580 4505 aliquam
1614 4422 2020 4488 extrinsecam
2067 4424 2298 4489 habent
2338 4426 2433 4490 vel
2464 4446 2628 4492 mere
2659 4449 2788 4494 ma-

313 4531 622 4607 terialem,
652 4529 752 4594 uti
789 4548 847 4592 v.
882 4547 975 4612 gr.
1010 4526 1263 4590 modum
1311 4525 1556 4590 sedendi
1606 4526 1718 4590 aut
1764 4526 2030 4591 cubandi
2076 4529 2189 4592 aut
2235 4529 2477 4594 tactum
2510 4532 2648 4609 etc„
2686 4533 2781 4597 vel

420 4652 712 4695 Bnmmmr.
734 4674 786 4683 -
805 4648 976 4693 Hor-al.
1003 4647 1139 4691 Tom.
1169 4648 1210 4691 Ι.
2619 4654 2674 4696 35
