3529 5158
715 330 822 386 672
1542 344 1854 384 APPnnmx
1894 345 1933 383 1.
1973 343 2375 386 mssnn'rafrxo

716 442 1059 526 generatim
1106 441 1460 524 allegantur
1506 439 2065 523 probabilioristae.
2101 440 2337 505 Verum
2382 440 2491 522 qui
2536 441 2764 526 legerit
2805 440 3187 507 dissertatio-

715 563 855 608 nem
903 564 939 608 a
995 564 1043 608 s.
1096 545 1362 608 Doctore
1418 561 1528 626 pro
1582 543 1850 626 benigna
1903 543 2210 607 sententia
2266 562 2406 608 ann.
2460 543 2651 608 1755.
2702 543 2958 617 editam,
3009 543 3185 609 facile

714 647 929 723 cernit,
964 666 1013 710 s,
1048 647 1382 711 Doctorem
1412 644 1633 710 leviter
1663 645 1799 710 heic
1836 646 2092 729 tangere
2125 646 2586 729 argumentum
2626 645 2794 728 quod
2829 664 2943 728 pro
2977 664 3048 710 ea
3083 647 3184 711 do-

715 749 913 813 ctrina
945 768 1052 831 per
1083 749 1291 813 totum
1328 748 1499 812 illius
1546 747 2002 812 dissertationis
2035 744 2241 830 Caput
2281 747 2360 812 ab
2392 746 2772 813 auctoritate
2805 748 3184 830 amplissime

715 850 993 927 duxerat,
1030 859 1217 933 atque
1265 850 1415 915 adeo
1464 850 1619 914 satis
1667 849 2114 934 adsignificare,
2151 868 2216 915 se
2252 849 2326 914 de
2364 868 2435 914 ea
2481 850 2792 915 sententia
2827 868 2949 914 non
2988 868 3181 929 scene,

716 970 787 1015 ac
818 953 1009 1035 priuS,
1045 953 1245 1017 adhuc
1282 953 1463 1035 plane
1494 953 1789 1017 iudicare.

805 1055 909 1119 61.
933 1053 1051 1119 Sed
1075 1054 1339 1120 ulterius
1370 1054 1435 1118 in
1468 1056 1643 1119 textu
1676 1054 1961 1137 superius
1996 1054 2190 1118 allato
2225 1072 2274 1118 s.
2301 1053 2611 1131 DoctoriS,
2637 1072 2857 1138 nempe
2886 1079 2921 1113 ‹
2944 1052 3045 1118 De
3068 1053 3186 1118 hac

710 1163 919 1222 autem
964 1157 1190 1221 ultima
1234 1158 1545 1221 sententia
1563 1157 2153 1236 probabilistarum‚
2185 1154 2353 1236 quod
2396 1155 2583 1220 liceat
2623 1158 2803 1238 sequi
2838 1158 3190 1238 opinionem

710 1264 920 1325 min-us
952 1261 1367 1341 probabilem,
1416 1261 1636 1324 relicta
1669 1259 2110 1340 probabilior-27,
2161 1278 2274 1324 IAM
2322 1277 2605 1339 DIXIMHS,
2644 1260 2812 1342 quod
2853 1281 2996 1325 cum
3041 1260 3187 1326 haec

714 1366 992 1446 quaestio
1022 1365 1102 1427 ab
1134 1364 1493 1428 auctoribus
1532 1363 1804 1445 undique
1834 1364 2131 1445 ayitetur,
2154 1363 2328 1443 apud
2355 1364 2524 1444 ipsos
2554 1364 2874 1429 observari
2888 1368 3104 1444 potest
3123 1390 3184 1437 »,

715 1468 1094 1532 observanda
1127 1469 1274 1532 sunt
1304 1468 1489 1533 verba
1536 1467 1647 1531 illa
1694 1468 1826 1530 iam
1872 1466 2183 1531 diximus:
2215 1467 2367 1531 haec
2398 1467 2562 1532 enim
2594 1466 2950 1532 referuntur
2983 1468 3062 1532 ad
3093 1486 3182 1544 ea,

714 1588 873 1652 quae
896 1570 962 1633 in
992 1570 1384 1634 Ptaefatione
1415 1569 1585 1633 illius
1617 1568 1924 1633 Editionis
1955 1569 2254 1653 leguntur
2285 1570 2350 1633 et
2378 1569 2527 1634 sunt
2561 1569 2952 1635 huiusmodi:
2986 1594 3023 1629 <
3047 1569 3183 1635 Non

715 1673 925 1737 autem
972 1672 1073 1737 hic
1117 1691 1290 1736 mens
1322 1671 1477 1735 mihi
1508 1671 1604 1735 est
1650 1670 1941 1753 loquendi
1974 1671 2047 1735 de
2079 1671 2442 1753 quaestione
2485 1671 2617 1749 illa,
2653 1690 2731 1736 an
2777 1672 2970 1737 liceat
3013 1674 3184 1754 sequi

715 1774 1065 1857 opinionem
1111 1775 1317 1838 minus
1364 1773 1744 1856 probabilem
1783 1773 1848 1837 in
1886 1791 2190 1838 concursu
2221 1774 2684 1856 probabilioris:
2718 1775 3008 1857 quaestio
3057 1776 3187 1858 qui·

714 1877 856 1942 dem
900 1896 1060 1958 quae
1091 1896 1199 1960 per
1229 1876 1351 1941 duo
1390 1876 1514 1941 fere
1547 1877 1793 1942 saecula
1841 1877 1905 1940 et
1944 1876 2271 1959 praecipue
2305 1879 2521 1943 nostra
2559 1878 2766 1942 aetate
2795 1878 3042 1942 labores
3088 1880 3187 1943 tot

714 1981 1065 2064 sapientum
1099 1979 1404 2049 exhausit,
1439 1997 1704 2060 quorum
1737 1979 1803 2053 ii,
1845 1978 1952 2061 qui
1985 1979 2219 2045 acriore
2264 1979 2505 2045 calamo
2549 1979 2946 2062 scripserunt,
2980 1980 3187 2045 minus

714 2082 880 2164 (meo
927 2082 1185 2166 iudicio)
1226 2082 1510 2146 veritatis
1549 2081 1924 2166 detegendae
1961 2080 2166 2157 finem,
2202 2100 2387 2163 quem
2435 2081 2855 2165 intendebant,
2891 2085 3040 2147 sunt
3088 2101 3186 2147 as·

714 2187 929 2251 secuti.
964 2185 1128 2250 Nam
1175 2186 1228 2250 si
1274 2185 1393 2269 ipsi
1439 2185 1823 2250 moderatius
1862 2205 1926 2250 se
1973 2185 2441 2264 continuissent,
2478 2185 2619 2251 aliis
2665 2205 2732 2252 se
2777 2185 3184 2251 reddidissent

709 2289 1016 2373 gratiores
1063 2291 1126 2353 et
1171 2290 1375 2373 magis
1423 2286 1819 2352 Christianae
1852 2287 2270 2371 Reipublicae,
2305 2289 2379 2352 ut
2411 2288 2642 2353 veritas
2673 2287 3005 2372 patefieret,
3041 2306 3178 2370 pro-

711 2390 992 2456 fuissent.
1042 2390 1410 2455 Praescindo
1458 2390 1655 2475 igitur
1702 2390 1781 2455 ab
1827 2390 1944 2453 hac
1990 2390 2393 2472 quaestione:
2445 2390 2550 2454 sed
2595 2391 2844 2456 tantum
2896 2388 3032 2455 dico
3077 2408 3179 2454 me

711 2493 1017 2578 ignorare,
1044 2492 1355 2574 quomodo
1393 2492 1635 2575 possint
1657 2492 1846 2567 refici,
1874 2494 1948 2557 ut
1983 2491 2447 2575 improbabiles,
2475 2491 2792 2575 opiniones
2822 2491 2989 2569 illae,
3025 2510 3184 2574 quae

712 2597 920 2678 aliquo
969 2596 1150 2680 gravi
1195 2614 1316 2660 non
1364 2598 1575 2660 carent
1620 2594 2024 2660 fundamento
2057 2595 2617 2660 verisimilitudinis
2648 2595 2748 2659 vel
2781 2595 3182 2660 auctoritatis

711 2702 775 2764 et
822 2700 1036 2763 contra
1085 2697 1384 2781 oppositis
1433 2698 1753 2763 sententiis
1786 2698 1961 2762 nulla
1999 2698 2239 2762 assistit
2284 2696 2632 2762 infallibilis
2677 2697 3027 2762 auctoritas
3075 2699 3183 2762 aut

711 2800 959 2865 evidens
992 2801 1174 2876 ratio,
1210 2818 1367 2881 quae
1405 2799 1477 2864 de
1510 2800 1774 2864 veritate
1806 2800 2162 2865 convincere
2200 2801 2399 2883 possit
2436 2825 2498 2863 ».

803 2904 907 2968 62.
944 2901 1110 2968 Satis
1160 2903 1232 2967 de
1279 2904 1480 2968 cetero
1513 2903 1689 2985 patet
1719 2901 1912 2966 etiam
1943 2903 2008 2967 in
2039 2903 2157 2967 hac
2192 2900 2629 2981 Praefatione,
2663 2902 2814 2966 dum
2862 2921 2913 2966 s,
2949 2903 3183 2967 Doctor

709 3007 880 3083 dicit,
916 3025 980 3071 se
1012 3005 1431 3090 praescindere
1470 3024 1505 3069 a
1539 3005 1900 3087 quaestione
1933 3005 2006 3069 de
2037 3024 2157 3070 usu
2186 3005 2360 3070 licito
2397 3005 2701 3088 opinionis
2733 3005 3071 3087 probabilis
3115 3005 3180 3067 in

710 3128 1014 3174 concursu
1059 3109 1511 3192 probabilioris
1547 3127 1669 3173 non
1715 3108 1887 3173 reiici
1936 3108 2014 3172 ab
2049 3108 2183 3190 ipso
2223 3107 2554 3192 benignam
2600 3125 2739 3171 eam
2787 3106 3179 3181 sententiam,

711 3231 783 3276 ac
826 3212 1030 3277 multo
1065 3212 1270 3275 minus
1301 3211 1660 3294 improbari.
1696 3210 1889 3276 Mitto
1924 3230 2087 3275 nunc
2118 3209 2282 3292 quod
2330 3210 2614 3292 superius
2645 3229 2706 3272 n.
2749 3210 2856 3273 55.
2891 3209 3178 3286 vidimus,

709 3334 761 3380 s.
794 3316 1129 3380 Doctorem
1174 3316 1239 3379 in
1272 3313 1544 3378 eiusdem
1577 3313 1891 3378 doctrinae
1923 3312 2519 3378 commendationem
2551 3330 2694 3376 cum
2730 3312 3034 3396 gravibus
3083 3330 3183 3375 au-

709 3418 984 3483 ctoribus
1034 3416 1358 3482 adduxisse
1407 3415 1775 3499 suffragium
1822 3434 2067 3498 quoque
2114 3414 2432 3481 Benedicti
2463 3413 2615 3478 XIV
2618 3438 2664 3491 .;
2700 3413 2807 3478 sed
2852 3433 3180 3496 quosnam,

710 3540 959 3605 quaeso,
987 3524 1168 3587 notat
1201 3522 1263 3585 in
1304 3522 1496 3586 allato
1537 3523 1713 3585 textu
1748 3521 1981 3585 acriore
2014 3520 2255 3586 calamo
2292 3538 2460 3598 usos,
2494 3536 2685 3601 quam
2714 3517 3022 3602 benignae
3054 3537 3183 3582 sen-

710 3625 943 3689 tentiae
977 3628 1231 3689 osores?
1256 3623 1325 3688 Id
1366 3643 1413 3688 s.
1443 3624 1675 3688 Doctor
1705 3622 1834 3687 iam
1865 3623 2153 3688 innuerat
2184 3623 2247 3688 in
2280 3622 2733 3688 Dissertatione
2768 3638 2880 3704 pro
2914 3621 3182 3706 benigna

711 3727 1016 3792 sententia
1043 3747 1182 3791 ann.
1214 3727 1406 3791 1649.
1434 3726 1540 3790 ubi
1572 3726 1645 3790 de
1682 3725 2042 3790 huiusmodi
2075 3724 2595 3807 probabilioristis
2632 3724 2965 3807 scripserat
3001 3724 3060 3806 ξ.
3092 3725 3177 3786 1.;

718 3853 753 3889 «
778 3830 878 3893 Ita
903 3830 1074 3893 enixe
1099 3849 1279 3894 suam
1302 3827 1671 3893 sententiam
1696 3829 1974 3904 tuentur,
2001 3830 2075 3892 ut
2105 3826 2324 3891 multis
2347 3826 2640 3893 conviciis
2664 3825 2946 3891 afficiant
2971 3844 3179 3890 secun·

711 3932 854 3996 dam
887 3933 1277 4006 sententiam,
1305 3931 1404 3995 cui
1428 3949 1539 3995 nos
1571 3930 2026 3994 subscribemus
2053 3955 2112 3993 ».
2141 3930 2423 4010 Itemque
2445 3930 2509 3992 in
2533 3927 2796 3993 Dissert.
2816 3946 2959 3992 ann.
2986 3927 3174 3991 1755.

709 4056 768 4101 11.
814 4036 870 4099 7.
906 4035 1245 4101 scribebat:
1280 4057 1314 4093 «
1344 4034 1442 4098 Ad
1490 4034 1646 4097 hanc
1693 4032 2146 4098 auctoritatum
2192 4031 2663 4097 multitudinem
2701 4029 3044 4095 adversarii
3087 4048 3174 4093 re-

709 4139 1030 4225 spondent,
1075 4137 1239 4220 quod
1286 4137 1348 4201 in
1395 4138 1511 4202 hoc
1552 4135 1945 4220 praelaudati
1992 4138 2274 4201 auctores
2321 4133 2519 4200 secuti
2565 4135 2714 4198 sunt
2749 4152 2912 4197 unus
2962 4132 3169 4206 alium,

710 4243 1034 4323 tamquam
1060 4259 1204 4304 aves
1227 4241 1292 4304 et
1315 4258 1459 4303 oves
1491 4241 1555 4304 et
1578 4237 2031 4304 Contensonius
2069 4239 2237 4303 ultra
2270 4237 2683 4322 progreditur,
2711 4254 2936 4301 acuens
2963 4236 3175 4300 contra

708 4345 953 4410 eosdem
984 4343 1141 4407 illud
1174 4341 1467 4407 Senecae:
1502 4342 1969 4424 Aryumentum
2002 4341 2268 4421 pessimi
2315 4338 2500 4403 turba
2535 4341 2645 4403 est.
2680 4337 2751 4402 Id
2789 4338 3007 4402 autem
3046 4354 3174 4420 pro·

709 4446 830 4511 fert
859 4447 1035 4510 iuxta
1066 4465 1457 4512 communem
1503 4465 1687 4510 usum
1718 4444 2385 4527 probabilioristarum‚
2420 4441 2528 4524 qui
2565 4439 2914 4506 maledictis
2946 4441 3013 4504 et
3043 4457 3173 4504 con·

706 4550 883 4614 viciis
929 4550 1197 4613 maxime
1243 4549 1623 4614 contendunt
1670 4547 2002 4633 benignam
2047 4546 2421 4613 sententiam
2453 4543 2786 4621 infirmare,
2820 4545 3038 4608 contra
3084 4544 3170 4606 ta·
