3529 5158
716 361 823 417 160
1202 376 1412 416 macr.
1459 375 1525 415 11.
1565 375 1651 414 DE
1688 373 2106 415 eonscmn'rm.
2146 373 2348 417 CAPUT
2384 374 2448 414 11.
2487 374 2629 416 nnn.
2671 377 2711 417 1.
3037 360 3184 436 [165]

716 474 985 538 dubitat.
1034 472 1102 537 3⁰
1138 472 1325 536 Ratio
1359 472 1685 554 utriusque
1725 470 2022 536 redditur.
2056 472 2127 534 4ο
2158 470 2453 551 Quaestio
2495 472 2745 536 additur
2776 471 2849 538 de
2891 476 3182 557 operante

715 597 856 641 cum
888 576 1095 652 dubio,
1138 595 1215 638 an
1255 575 1339 639 sit
1370 575 1609 640 veniale
1647 575 1745 638 vel
1785 575 2051 639 mortale
2084 577 2425 658 peccatum.

804 677 1019 758 Quoad
1057 677 1124 740 1⁰
1155 677 1319 760 quod
1357 678 1564 759 peccet
1604 696 1795 762 agens
1827 696 1969 740 cum
2002 677 2377 742 conscientia
2409 678 2675 761 practice
2713 677 2921 757 dubia,
2958 698 3056 744 res
3089 681 3182 744 est

713 784 882 846 certa
912 799 1095 864 penes
1130 799 1340 845 omnes
1365 782 1428 844 et
1462 779 1637 843 nulla
1669 779 1734 842 in
1768 798 1831 843 se
1862 778 2101 864 indiget
2134 778 2559 862 explicatione.
2596 778 2659 845 Si
2685 780 2834 863 quid
2866 784 2961 846 est
2986 780 3177 857 dubii,

713 883 776 947 id
814 885 909 947 est
939 883 1005 946 in
1037 883 1277 948 ratione
1310 882 1614 947 reddenda
1646 881 1719 946 de
1757 900 1882 965 qua
1913 900 2075 945 mox.

802 984 979 1065 Quod
1016 1005 1160 1051 vero
1197 985 1265 1048 2⁰
1296 985 1522 1050 dicitur
1558 985 1796 1068 peccari
1828 1003 1900 1048 ea
1946 984 2162 1067 specie,
2203 983 2277 1048 de
2314 1003 2439 1066 qua
2471 983 2817 1061 dubitatur,
2850 984 2915 1049 id
2956 986 3183 1050 intelli-

712 1088 983 1171 gendum
1015 1090 1109 1152 est
1139 1088 1212 1152 de
1244 1088 1441 1170 specie
1474 1089 1611 1151 tum
1639 1085 1976 1167 theoloyica
2008 1089 2145 1150 tum
2169 1085 2400 1149 morali
2417 1105 2438 1149 .·
2462 1086 2748 1151 videlicet
2772 1088 2892 1152 erit
2913 1089 3181 1153 mortale

714 1192 810 1254 vel
844 1190 1101 1268 veniale,
1127 1192 1314 1273 prout
1338 1188 1458 1254 fert
1488 1189 1747 1253 dubium
1773 1191 1834 1254 et
1859 1190 1978 1253 erit
2001 1192 2326 1272 peccatum
2350 1189 2449 1254 vel
2473 1189 2874 1256 detractionis
2899 1191 3001 1256 vel
3024 1190 3180 1255 furti

714 1293 811 1356 vel
844 1292 1153 1376 sacrilegii
1176 1294 1291 1357 etc.
1326 1294 1513 1374 prout
1546 1292 1878 1368 obiectum,
1913 1290 1986 1356 de
2017 1310 2140 1374 quo
2174 1292 2520 1369 dubitatur,
2556 1295 2650 1357 est
2686 1294 2834 1357 tale.

806 1392 1137 1473 Quaeritur
1167 1412 1314 1478 ergo
1348 1393 1418 1457 3⁰
1449 1413 1559 1456 cur
1588 1396 1798 1476 peccet
1830 1412 2089 1476 operans
2122 1414 2192 1458 ex
2224 1393 2598 1459 conscientia
2624 1395 2893 1477 practice
2924 1395 3132 1461 dubia.

804 1498 1159 1562 Difficultas
1191 1497 1402 1579 aliqua
1429 1496 1695 1561 occurrit
1717 1497 1783 1559 in
1807 1495 2113 1561 reddenda
2137 1496 2253 1560 hac
2277 1496 2552 1573 ratione3
2579 1515 2768 1579 quam
2794 1499 3006 1562 tamen
3030 1498 3180 1563 bene

712 1590 911 1677 nosse,
952 1620 1073 1666 non
1113 1619 1332 1684 parum
1364 1599 1645 1664 interest.

800 1702 1066 1784 Quidam
1113 1703 1378 1767 afferunt
1425 1701 1797 1766 sententiam
1844 1700 2134 1784 Apostoli
2164 1701 2345 1767 Rom.
2381 1699 2551 1765 XIV.
2588 1701 2724 1766 23.:
2769 1698 2983 1776 Omne,
3018 1701 3183 1783 quod

710 1828 838 1871 non
869 1811 963 1871 est
990 1827 1067 1869 ex
1098 1805 1242 1886 fide,
1264 1808 1589 1885 peccatum
1619 1808 1750 1881 est‚·
1782 1822 2020 1887 nempe,
2048 1803 2246 1880 aiunt,
2273 1805 2595 1887 peccatum
2620 1806 2734 1879 est,
2762 1803 3066 1886 quidquid
3088 1804 3179 1869 ita

713 1912 867 1995 agis,
917 1911 1144 1974 utnon
1194 1928 1345 1992 agas
1391 1906 1728 1972 secundum
1774 1906 2074 1970 iudicium
2106 1906 2535 1971 conscientiae.
2570 1905 2682 1971 Sed
2733 1907 2824 1971 ita
2872 1907 3179 1972 statuitur

714 2013 937 2077 thesis:
973 2013 1040 2075 at
1073 2009 1272 2075 adhuc
1297 2011 1493 2074 restat
1513 2008 1880 2091 inquirenda
1903 2007 2238 2072 intrinseca
2269 2008 2454 2087 ratio,
2489 2027 2598 2072 cur
2618 2008 2682 2072 id
2717 2008 2801 2073 sit
2832 2012 3175 2092 peccatum.

800 2115 1037 2178 Auctor
1068 2112 1268 2177 reddit
1304 2111 1645 2177 rationem:
1691 2111 1855 2192 Quia
1885 2109 2181 2174 illicitum
2212 2113 2323 2184 est,
2357 2109 2526 2191 quod
2552 2130 2677 2174 non
2709 2110 2789 2191 fit
2816 2130 2954 2174 cum
2985 2110 3180 2175 deter-

712 2218 949 2281 minato
980 2215 1211 2279 iudicio
1242 2215 1669 2278 conscientiae.
1706 2212 1823 2278 Sed
1862 2214 2010 2277 haec
2042 2215 2321 2278 nontam
2347 2216 2442 2278 est
2465 2213 2719 2291 solutio,
2748 2233 2938 2296 quam
2962 2233 3180 2299 propo-

714 2319 859 2385 sitio
893 2318 1295 2401 quaestionis.
1329 2317 1553 2381 Restat
1591 2317 1754 2381 enim
1790 2315 2244 2398 inquirendum,
2272 2335 2381 2380 cur
2406 2316 2493 2379 sic
2526 2335 2708 2401 agere
2740 2316 2826 2380 sit
2861 2315 3176 2381 illicitum.

712 2423 915 2487 Addet
962 2422 1156 2486 alius:
1205 2419 1332 2485 Cur
1377 2422 1472 2485 est
1515 2420 1809 2484 illicitum
1865 2438 2045 2504 agere
2093 2418 2325 2500 absque
2378 2418 2775 2501 persuasione
2832 2418 3180 2485 honestatis

713 2524 959 2609 quando
993 2525 1179 2590 simul
1211 2522 1372 2589 desit
1402 2521 1592 2588 etiam
1625 2521 1943 2607 persuasio
1982 2520 2442 2587 inhonestatis?

801 2628 927 2693 Alii
975 2628 1220 2692 dicunt:
1255 2626 1374 2707 Qui
1414 2626 1548 2710 agit
1579 2645 1720 2689 cum
1768 2624 1978 2704 dubio,
2019 2624 2268 2709 perinde
2315 2624 2568 2690 affectus
2618 2628 2713 2690 est
2759 2625 2835 2690 ad
2875 2625 3179 2693 virtutem

713 2734 901 2812 atque
948 2731 1026 2793 ad
1073 2730 1317 2794 vitium.
1359 2728 1594 2793 Verum
1630 2729 1746 2793 hoc
1792 2728 1992 2813 gratis
2039 2727 2450 2813 confingitur3
2500 2729 2598 2794 vel
2646 2729 2869 2794 saltem
2915 2727 3178 2815 fingitur

712 2832 995 2917 specialis
1027 2850 1207 2896 casus
1245 2831 1317 2895 de
1355 2830 1603 2896 homine
1636 2830 1865 2912 aliquo,
1901 2830 2008 2912 qui
2032 2830 2270 2894 nullam
2302 2830 2648 2895 honestatis
2680 2850 2892 2895 curam
2925 2831 3172 2897 habeat.

712 2937 906 3001 Porro
928 2934 1241 3020 fingamus
1274 2933 1488 3011 alium,
1515 2933 1621 3016 qui
1654 2951 1689 2996 a
1722 2936 1974 3017 peccato
2007 2933 2215 3016 potius
2255 2933 2604 3009 abhorreat,
2640 2932 2744 2998 sed
2774 2934 2960 2999 nimis
2984 2956 3175 3020 grave

711 3039 940 3104 habeat
977 3036 1285 3101 abstinere
1318 3036 1395 3099 ab
1431 3035 1542 3100 illa
1581 3034 1850 3114 actione3
1884 3035 1947 3099 in
1980 3035 2096 3100 hac
2126 3034 2453 3121 hypothesi
2484 3036 2651 3100 ratio
2680 3036 2812 3113 illa,
2847 3038 2943 3102 uti
2976 3040 3171 3120 patet,

711 3140 1039 3207 evanescit.

802 3244 991 3308 Ratio
1038 3241 1427 3308 communior
1472 3243 1534 3305 et
1565 3259 1723 3323 quae
1760 3239 1887 3305 fere
1935 3259 1970 3303 a
2017 3239 2323 3323 plerisque
2371 3240 2626 3306 affertur
2673 3243 2767 3306 est
2799 3241 2950 3323 (vid.
2992 3241 3170 3307 Suar.

711 3347 773 3410 in
811 3347 936 3410 1.2.
963 3348 1042 3410 tr.
1070 3346 1132 3408 3.
1167 3344 1324 3427 disp.
1355 3345 1456 3407 12.
1492 3345 1638 3409 sect.
1675 3344 1733 3407 5.
1768 3362 1830 3406 n.
1859 3343 1971 3426 2.)‚
2011 3342 2160 3424 quia
2205 3342 2391 3408 homo
2430 3362 2620 3428 agens
2656 3364 2799 3409 cum
2836 3345 2954 3409 tali
2983 3345 3174 3410 dubio

713 3468 777 3511 se
810 3448 1065 3527 exponit
1082 3445 1366 3526 periculo
1383 3446 1707 3525 peccandi.
1743 3446 1842 3511 Ita
1877 3466 1934 3509 v,
1969 3465 2062 3530 gr.
2099 3464 2130 3509 e
2167 3446 2612 3511 recentioribus
2645 3467 2692 3512 s,
2727 3448 2911 3531 Alph.
2947 3468 3006 3513 n.
3044 3450 3170 3527 22„

714 3549 978 3625 Scavini‚
1020 3548 1094 3611 dc
1133 3547 1348 3612 Conso.
1383 3568 1515 3631 cap.
1557 3548 1617 3610 3.
1661 3550 1778 3612 art.
1808 3550 1866 3610 2.
1898 3548 1955 3631 g.
1984 3549 2045 3611 2.
2079 3568 2137 3629 q.
2175 3547 2233 3611 6.
2270 3550 2332 3612 et
2363 3568 2473 3631 pro
2520 3547 2774 3632 reliquis
2822 3548 3174 3634 Stephanus

715 3651 1099 3736 De-Champs
1142 3650 1388 3731 Qecaest.
1421 3649 1577 3729 facti
1610 3652 1724 3714 etc.
1760 3669 1892 3733 cap.
1939 3651 2032 3714 1.:
2081 3675 2115 3709 «
2149 3647 2404 3715 Certum
2441 3652 2553 3728 est,
2589 3671 2752 3729 eum,
2787 3653 2893 3734 qui
2929 3653 3174 3737 proprie

712 3756 1004 3822 dubitans
1036 3754 1189 3839 agit,
1223 3772 1362 3817 vere
1393 3771 1661 3836 peccare.
1689 3752 1866 3832 Quod
1900 3753 2273 3817 remetior-cs
2301 3750 2431 3831 fere
2463 3773 2673 3818 omues
2703 3755 3030 3837 probant...
3057 3757 3173 3820 hac

710 3860 984 3925 ratione:
1029 3857 1152 3939 Qui
1180 3859 1474 3938 operatur
1503 3876 1642 3919 cum
1675 3855 1793 3918 tali
1821 3855 2028 3930 dubie,
2064 3855 2319 3935 exponit
2344 3875 2411 3918 sc
2428 3855 2737 3935 pcccaaeuii
2751 3855 3038 3935 periculo
3065 3883 3125 3921 ».

800 3959 951 4035 185.
987 3963 1409 4028 Veruntamen
1456 3963 1519 4025 ct
1566 3961 1715 4024 haec
1760 3959 1945 4037 ratic,
1995 3958 2115 4023 nisi
2162 3957 2310 4040 quid
2344 3958 2628 4034 addatur,
2664 3959 2919 4024 obscura
2968 3965 3061 4025 est
3110 3963 3172 4025 et

709 4066 977 4132 difficilis
1011 4065 1085 4129 ad
1118 4061 1563 4147 explicandum.
1598 4061 1761 4126 Nam
1808 4062 1907 4124 vel
1952 4061 2317 4144 intelligunt
2362 4062 2704 4146 periculum
2752 4062 3175 4127 committenda·

690 4173 1018 4250 peccatum
1048 4164 1392 4239 vrmtcrz'alc,
1426 4166 1524 4230 vel
1535 4163 1844 4246 peccandi
1872 4161 2243 4242 formaliter.
2279 4164 2473 4247 Atqui
2506 4185 2628 4230 non
2661 4169 2868 4249 potest
2899 4167 2958 4231 id
2994 4166 3172 4232 intel-

705 4271 821 4356 ligi
853 4270 924 4334 de
956 4270 1206 4352 peccato
1253 4267 1590 4344 materiali3
1626 4268 1774 4350 quia
1820 4286 1994 4332 secus
2040 4286 2162 4332 non
2194 4267 2408 4333 liceret
2448 4286 2649 4352 agere,
2689 4268 2809 4333 nisi
2839 4269 2950 4334 ubi
2997 4271 3172 4334 abest

709 4392 886 4439 omne
924 4371 1264 4455 periculum
1310 4370 1724 4434 materialiter
1771 4368 2042 4435 violandi
2090 4370 2341 4452 aliquod
2389 4373 2817 4454 praeceptum3
2867 4389 3014 4455 ergo
3063 4391 3172 4436 nec

708 4477 920 4540 liceret
965 4475 1139 4556 sequi
1186 4473 1533 4557 opinionem
1580 4473 1806 4538 nedum
1853 4472 2253 4556 probabilem,
2293 4472 2397 4537 sed
2429 4492 2625 4555 neque
2671 4473 3168 4556 probabiliorem,

708 4578 835 4643 imo
868 4595 1063 4659 neque
1101 4575 1660 4660 probabilissimam
1708 4575 1902 4657 (quod
1949 4576 2156 4640 tamen
2197 4576 2561 4640 damnatum
2590 4576 2667 4640 ab
2697 4575 2966 4642 Ecclesia
3017 4578 3168 4656 est):
