3529 5158
709 389 747 441 8
1158 398 1369 439 macr.
1410 398 1450 437 1.
1488 396 1574 437 mn
1611 393 1868 437 acrinus
1905 393 2201 435 nunnus.
2240 392 2438 437 captrr
2473 393 2538 432 11.
2577 379 2628 448 ξ.
2668 378 2719 431 2.
3100 378 3172 453 [8]

714 499 1022 571 voluntas,
1072 494 1531 559 distinctionem
1578 492 1641 556 in
1690 492 1868 555 actus
1926 489 2247 555 interiores
2294 492 2358 554 et
2402 489 2729 555 exteriores
2774 489 3049 554 referunt
3094 490 3174 555 ad

711 600 912 681 ipsam
958 598 1157 663 solam
1205 597 1615 670 voluntatem,
1648 594 1742 658 ita
1788 595 1862 656 ut
1907 592 2228 657 interiores
2275 593 2452 656 actus
2499 592 2643 668 sint,
2678 609 2834 672 quos
2881 592 3175 677 voluntas

710 720 817 782 per
863 720 925 764 se
973 700 1214 773 exserit,
1265 697 1592 762 exteriores
1638 696 1784 772 sint,
1833 696 1941 775 qui
2001 713 2072 758 ex
2126 695 2305 758 motu
2351 693 2697 758 voluntatis
2744 694 2822 758 ab
2869 693 3009 758 aliis
3071 713 3175 776 po-

712 803 945 879 tentiiS,
981 802 1173 866 etiam
1205 800 1619 876 interioribuS,
1653 796 2073 881 perficiuntur.
2109 795 2406 875 Quocirca
2437 796 2586 859 haec
2627 795 2963 874 distinctio,
2997 796 3172 861 iuxta

712 905 826 969 hos
873 907 1175 980 auctores,
1206 901 1425 967 recidit
1470 902 1533 965 in
1566 899 2025 983 praecedentem
2057 899 2131 963 de
2178 897 2420 962 actibus
2466 897 2689 961 elicitis
2721 900 2784 960 et
2828 898 3170 980 imperatis.

822 1063 906 1115 VI.
935 1064 1188 1115 Praeterea
1227 1062 1387 1126 quoad
1427 1065 1558 1123 vota,
1586 1058 1872 1120 iuramenta,
1917 1063 2213 1121 contractuS,
2252 1055 2449 1122 iudicia,
2488 1061 2801 1119 sacramenta,
2829 1060 2921 1109 etc.
2955 1058 3164 1110 notanda

716 1154 828 1200 sunt
866 1162 918 1200 se
956 1145 1138 1200 nentia.

827 1235 875 1298 a)
906 1164 1057 1284 :ectus
1094 1238 1169 1284 est
1195 1245 1422 1293 vatibus,
1452 1244 1563 1282 cum
1588 1227 1816 1282 omnibus
1839 1229 1900 1280 ad
1926 1226 2032 1281 eius
2063 1227 2282 1280 valorem
2309 1224 2634 1279 essentialiter
2660 1223 2911 1291 requisitis
2947 1230 3169 1279 constat:

718 1330 984 1369 ixvaunus
1023 1329 1159 1377 vero,
1186 1314 1228 1369 si
1269 1318 1346 1368 vel
1388 1328 1533 1368 unum
1570 1328 1633 1367 ex
1670 1311 2015 1366 essentialibus
2055 1310 2197 1365 desit.

806 1442 876 1514 8.
926 1445 1117 1508 Porro
1178 1463 1287 1527 pro
1336 1443 1574 1508 diversa
1629 1443 1717 1507 rei
1774 1445 1998 1506 natura
2045 1441 2354 1505 interdum
2416 1442 2718 1523 quaedam
2774 1443 3175 1524 requiruntur

713 1547 846 1611 iure
878 1547 1166 1629 positive,
1201 1546 1503 1627 quaedam
1551 1547 1681 1609 iure
1728 1547 2007 1609 naturae.
2037 1542 2136 1607 Sic
2167 1544 2491 1607 essentiale
2523 1546 2616 1607 est
2649 1563 2719 1606 ex
2748 1543 2881 1607 iure
2912 1546 3173 1608 naturae

717 1651 795 1713 ad
840 1648 1308 1712 matrimonium
1364 1666 1692 1712 consensus
1749 1645 2289 1710 contrahentium:
2339 1646 2412 1709 de
2459 1646 2590 1709 iure
2638 1650 2847 1709 autem
2903 1647 3172 1729 positivo

714 1751 1040 1815 necessarii
1072 1754 1217 1816 sunt
1247 1753 1438 1815 testes
1471 1752 1533 1814 et
1563 1750 1912 1832 praesentia
1945 1749 2214 1831 parochi,
2243 1748 2350 1812 ubi
2373 1745 2718 1813 Concilium
2742 1748 3171 1813 Tridentinum

714 1855 777 1918 in
825 1853 1025 1918 forma
1070 1854 1445 1936 praescripta
1491 1851 1680 1915 fuerit
1726 1852 2214 1935 promulgatum.
2250 1849 2314 1913 Si
2362 1851 2607 1931 quando
2657 1852 2865 1914 autem
2913 1852 3174 1916 defuerit

716 1955 967 2035 aliquod
1000 1974 1070 2017 ex
1117 1954 1566 2031 essentialibus,
1603 1956 1780 2017 actus
1828 1955 1922 2017 est
1966 1952 2295 2027 invalidus,
2331 1952 2542 2015 eodem
2590 1971 2838 2034 prorsus
2885 1952 3069 2017 modo
3104 1973 3174 2016 ac

716 2057 969 2119 sublata
1016 2056 1281 2119 essentia
1327 2056 1575 2119 tollitur
1619 2074 1734 2119 res.

804 2156 1264 2220 Advertendum
1312 2160 1521 2221 autem
1554 2156 1749 2237 (quod
1781 2157 1980 2220 elucet
2010 2175 2081 2219 ex
2112 2155 2294 2219 dictis
2327 2155 2398 2219 de
2445 2154 2758 2236 requisitis
2793 2155 2870 2219 ad
2901 2156 3173 2219 valorem

714 2259 1199 2323 matrimonialis
1248 2260 1630 2340 contractus)
1679 2258 1979 2340 quosdam
2028 2259 2204 2321 actus
2250 2258 2490 2321 validos
2538 2277 2646 2339 per
2691 2277 2754 2321 se
2802 2276 2930 2321 esse
2977 2276 3173 2340 posse,

716 2362 772 2425 si
817 2360 913 2425 ius
960 2363 1218 2425 naturae
1274 2364 1607 2444 spectatur,
1657 2361 1764 2443 qui
1819 2359 2076 2424 invalidi
2120 2363 2329 2424 tamen
2379 2359 2503 2423 sint
2550 2380 2620 2422 ex
2673 2360 2806 2424 iure
2861 2361 3172 2443 positivo:

716 2465 807 2527 ita
840 2464 1010 2527 verbi
1039 2465 1245 2547 gratia
1278 2464 1331 2527 si
1376 2483 1530 2527 uxor
1562 2464 1690 2527 sine
1721 2462 1941 2526 iudicis
1991 2463 2337 2526 interventu
2374 2462 2670 2526 alienaret
2701 2463 2927 2527 dotem.
2961 2462 3175 2545 Neque

716 2565 777 2629 id
825 2567 1052 2629 mirum
1100 2585 1229 2630 esse
1277 2565 1482 2641 debet;
1533 2585 1654 2629 non
1702 2565 1864 2629 enim
1910 2563 1973 2628 id
2021 2564 2181 2628 cedit
2227 2564 2290 2629 in
2339 2566 2760 2647 contemptum
2809 2564 2965 2650 legis
2997 2568 3176 2630 natu-

717 2670 885 2732 ralis.
921 2669 1083 2732 Nam
1130 2669 1227 2732 lex
1258 2671 1517 2731 naturae
1564 2668 1719 2731 nihil
1749 2669 1968 2749 utique
2015 2667 2278 2732 ulterius
2311 2668 2556 2732 videtur
2601 2668 2839 2751 exigere
2887 2668 2964 2730 ad
2997 2670 3173 2732 actus

719 2770 981 2833 alicuius
1027 2770 1437 2846 validitatem,
1464 2771 1518 2833 si
1550 2771 1857 2833 abstracte
1902 2788 1998 2833 res
2047 2771 2463 2834 consideretur
2508 2770 2636 2834 sine
2668 2770 3170 2835 circumstantiis.

717 2872 804 2934 At
848 2871 981 2952 ipsa
1029 2873 1124 2935 lex
1177 2874 1437 2935 naturae
1484 2872 1693 2956 exigit,
1745 2874 1835 2948 ut,
1884 2871 2101 2934 habita
2146 2872 2386 2935 ratione
2433 2872 3061 2949 circumstantiarum,
3110 2873 3170 2936 in

718 2977 999 3039 concreto
1050 2975 1255 3039 omnia
1302 2975 1392 3037 ita
1441 2977 1836 3058 peragantur,
1870 2977 1943 3038 ut
1991 2975 2066 3039 ad
2114 2975 2344 3038 bonum
2392 2993 2715 3038 commune
2761 2975 3124 3040 conducant.

804 3077 994 3140 Porro
1028 3076 1458 3140 determinatio
1492 3096 1723 3153 eorum,
1752 3095 1910 3157 quae
1942 3077 2264 3141 conferunt
2298 3076 2372 3140 ad
2404 3077 2635 3141 bonum
2669 3096 3010 3155 commune,
3035 3080 3172 3162 ipsa

715 3178 987 3243 dictante
1032 3180 1168 3264 lege
1213 3182 1492 3254 naturae,
1528 3179 1794 3262 pertinet
1827 3179 1903 3242 ad
1949 3179 2148 3258 illum,
2185 3179 2293 3260 qui
2339 3199 2549 3242 curam
2595 3180 2786 3243 habet
2831 3183 3173 3245 communi—

714 3283 888 3346 tatis.
938 3282 1100 3366 Ergo
1149 3281 1285 3364 ipsa
1331 3282 1428 3345 lex
1472 3285 1731 3345 naturae
1781 3281 1975 3365 exigit
2021 3283 2083 3345 et
2128 3281 2346 3358 sancit,
2396 3284 2470 3344 ut
2515 3281 2863 3346 habeantur
2913 3283 3172 3348 invalidi

710 3383 806 3445 illi
854 3386 1048 3462 actUS,
1099 3403 1252 3465 quos
1299 3384 1456 3447 tales
1503 3384 1776 3447 declarat
1822 3383 2068 3466 publica
2115 3385 2411 3466 potestas,
2447 3384 2622 3447 cuius
2667 3404 2896 3449 munus
2943 3386 3037 3449 est
3078 3386 3174 3451 de-

714 3489 1045 3552 terminare
1092 3508 1182 3564 ea,
1217 3508 1375 3570 quae
1421 3509 1492 3553 ex
1537 3489 1672 3572 lege
1719 3491 1979 3553 naturae
2027 3489 2501 3554 indeterminata
2550 3489 2855 3554 videntur.

828 3650 880 3720 b)
908 3654 1058 3706 Actus
1084 3652 1277 3705 validus
1302 3651 1561 3717 aliquando
1587 3667 1994 3705 lnufiscmmmus
2021 3658 2095 3704 est
2121 3667 2374 3706 assotum
2406 3660 2487 3706 aut
2520 3655 2691 3707 saltem
2719 3654 2851 3708 nulla
2879 3654 3171 3710 auctoritate

715 3751 836 3802 pure
874 3740 1081 3789 humana
1121 3736 1333 3790 rescindi
1371 3743 1547 3804 potest.
1589 3736 1861 3802 Aliquando
1902 3751 2021 3789 vero
2058 3735 2244 3790 irritari
2281 3743 2442 3804 potest
2479 3753 2567 3804 per
2605 3753 2732 3803 eum,
2762 3738 2844 3805 qui
2875 3740 3168 3794 auctoritate

712 3822 892 3888 polleat
930 3820 977 3873 in
1018 3821 1257 3874 subditos

800 3949 866 4021 9.
917 3952 1093 4031 Quod
1139 3953 1367 4016 dicitur
1412 3953 1485 4016 de
1538 3953 2101 4017 irrescindibilitate
2165 3957 2361 4030 actus,
2417 3955 2505 4016 1.⁰
2558 3953 3032 4038 intelligendum
3081 3959 3174 4020 est

713 4057 995 4135 respectu
1027 4055 1356 4135 potestatis
1388 4074 1552 4119 mere
1583 4055 1910 4128 humanae,
1948 4057 2039 4118 2.⁰
2062 4055 2253 4119 donec
2282 4074 2406 4120 non
2439 4055 2851 4120 immutentur
2881 4055 3176 4121 adiuncta

712 4154 1014 4233 quaedam
1063 4156 1333 4221 eiusdem
1379 4157 1484 4221 rei.
1536 4155 1634 4220 Sic
1680 4177 1739 4219 v.
1774 4176 1866 4240 gr.
1901 4157 2369 4221 matrimonium
2414 4176 2538 4221 non
2581 4157 2766 4221 modo
2812 4159 3024 4222 ratum
3070 4159 3176 4224 sed

713 4257 776 4317 et
798 4260 1316 4336 consummatum,
1331 4258 1491 4322 inter
1515 4259 1741 4336 fideles,
1763 4260 1934 4322 nulla
1961 4259 2235 4323 humana
2261 4260 2637 4324 auctoritate
2660 4260 2918 4325 dissolvi
2941 4263 3171 4344 potest:

711 4356 965 4421 dissolvi
1010 4361 1219 4424 tamen
1267 4362 1475 4441 posset
1519 4360 1746 4423 divina.
1783 4358 1976 4424 Cuius
2021 4361 2111 4425 rei
2154 4361 2317 4426 ratio
2366 4362 2627 4444 petenda
2673 4365 2768 4426 est
2801 4382 2839 4427 a
2886 4382 3173 4446 supremo

710 4457 1001 4538 dominio,
1037 4461 1201 4543 quod
1234 4463 1363 4524 Deo
1411 4462 1708 4543 competit
1739 4462 1803 4526 in
1839 4462 2044 4526 omnia
2075 4466 2140 4528 et
2169 4463 2346 4528 cuius
2393 4463 2666 4529 dominio
2699 4464 2925 4530 cedunt
2964 4467 3176 4530 omnia

714 4563 1133 4625 creaturarum
1182 4563 1337 4625 iura.
