3529 5158
353 367 500 445 [400]
1207 378 1536 420 onmanro
1571 379 1981 421 msrmzsaunr
2708 368 2816 422 391

354 480 518 546 unde
548 477 823 543 Trident.
857 494 1002 541 sess.
1040 476 1144 540 25.
1171 494 1304 559 cap.
1350 476 1451 539 18.
1486 474 1559 539 de
1597 474 1877 556 Reform.
1917 481 2129 543 monet
2158 478 2223 543 in
2255 478 2816 562 dispensationibus

352 580 755 649 concedendis
778 579 1084 645 delectum
1108 597 1512 661 personarum
1534 598 1665 644 esse
1688 580 2071 645 habendum:
2100 583 2238 645 tum
2262 600 2556 665 personae
2574 580 2817 661 dispen-

349 687 581 758 santis,
616 683 693 749 ad
742 681 1180 748 ostendendam
1213 681 1400 746 scilic.
1435 701 1614 746 suam
1645 701 1793 767 erga
1825 683 2108 748 subditos
2138 684 2531 749 clementiam
2571 703 2643 749 ac
2672 684 2818 749 libe-

349 789 694 863 ralitatem,
729 786 868 848 tum
895 782 1275 863 reipublicae
1320 782 1643 865 cultusque
1690 783 1911 860 divini,
1944 785 2007 850 in
2045 786 2222 851 cuius
2258 787 2708 852 incrementum
2755 789 2819 851 et

348 890 813 976 promotionem
860 886 1060 951 omnis
1106 885 1483 970 dispensatio
1531 886 1872 952 redundare
1918 888 2117 953 debet.
2157 888 2257 952 Ita
2291 889 2511 966 Diana,
2548 891 2699 954 tom.
2757 890 2819 952 3.

350 999 435 1059 tr.
473 995 534 1057 2.
568 1011 685 1056 res.
725 990 826 1053 14.
861 1007 932 1054 ex
980 1007 1290 1054 commun.
1324 991 1386 1053 et
1417 986 1643 1053 Suarez
1681 990 1790 1054 lib.
1828 990 1888 1053 6.
1929 988 2005 1054 de
2041 990 2261 1072 Leqib.
2302 1010 2435 1075 cap.
2481 992 2582 1056 18.
2616 1013 2676 1056 n.
2713 992 2819 1054 24.

349 1097 438 1161 Et
475 1093 684 1178 quoad
716 1090 1008 1157 adiuncta
1039 1109 1460 1174 personarum,
1494 1091 1558 1156 in
1597 1110 1730 1174 cap.
1763 1091 2076 1166 Innotmft,
2110 1091 2184 1156 de
2206 1093 2535 1158 Electione
2567 1094 2821 1157 dicitur:

355 1225 394 1259 α
435 1198 639 1262 multa
669 1196 833 1261 enim
869 1195 934 1259 in
982 1194 1099 1259 hoc
1144 1211 1291 1258 casu
1341 1193 1863 1277 dispensationem
1900 1194 2187 1260 inducere
2218 1195 2606 1273 videbantur,
2655 1194 2821 1259 litte-

346 1319 566 1366 rarum
615 1298 893 1373 scientia,
940 1314 1186 1360 morum
1233 1295 1546 1373 honestas,
1595 1295 1763 1360 vitae
1812 1296 2014 1361 virtus
2046 1300 2110 1362 et
2146 1297 2313 1361 fama
2352 1316 2711 1380 personae...
2740 1318 2817 1359 »z

345 1421 515 1486 quae
538 1400 830 1465 dicuntur
855 1399 928 1464 de
953 1396 1359 1480 dispensando
1378 1416 1562 1480 super
1577 1397 2044 1482 irregularitate
2063 1400 2140 1463 ob
2157 1399 2466 1464 defectum
2489 1399 2816 1464 natalium.

443 1505 527 1569 Et
558 1523 607 1569 s.
643 1503 862 1568 Thom.
898 1502 959 1565 2.
988 1502 1049 1563 2.
1075 1519 1135 1581 q.
1162 1499 1267 1563 63.
1295 1499 1412 1562 art.
1443 1500 1504 1562 2.
1531 1497 1608 1562 ad
1635 1501 1725 1564 2.:
1769 1526 1803 1558 α
1838 1501 2232 1584 Dispensatio
2265 1501 2652 1566 matrimonii
2683 1519 2821 1565 con·

346 1606 646 1673 trahendi
684 1604 1105 1689 principaliter
1136 1602 1268 1666 fieri
1316 1602 1640 1679 consuevit
1682 1606 1934 1686 propter
1962 1604 2177 1669 foedus
2224 1605 2393 1688 pacis
2425 1605 2818 1669 firmandum.

349 1709 538 1791 Quod
576 1707 823 1791 quidem
847 1708 1053 1789 magis
1086 1706 1181 1769 est
1210 1703 1623 1768 necessarium
1670 1706 1985 1769 communi
2022 1706 2291 1771 utilitati
2322 1707 2483 1771 circa
2530 1724 2822 1790 personas

346 1812 740 1877 excellentes.
775 1809 858 1873 Et
884 1808 1024 1873 ideo
1071 1826 1210 1871 cum
1247 1807 1337 1869 eis
1382 1803 1639 1885 facilius
1675 1806 2069 1890 dispensatur
2101 1807 2331 1890 absque
2362 1809 2612 1891 peccato
2662 1826 2823 1872 acce-

345 1914 587 1998 ptionis
619 1929 1025 1995 personarum
1057 1935 1119 1973 ».

443 2017 528 2081 Et
576 2016 739 2080 circa
775 2032 997 2079 causas
1043 2012 1432 2089 extrinsecaS‚
1483 2010 1793 2094 sapienter
1840 2010 2012 2077 addit
2058 2010 2283 2078 Suarez
2322 2012 2396 2076 de
2448 2011 2602 2095 Ley.
2636 2012 2725 2076 lib
2759 2012 2818 2075 6.

345 2139 487 2203 cap.
529 2120 632 2183 18.
665 2138 725 2181 n.
763 2117 904 2181 26.:
947 2141 983 2173 ⁴<
1016 2114 1231 2180 Solum
1279 2116 1558 2198 superest
1595 2133 1791 2178 unum
1837 2114 2095 2178 verbum
2128 2113 2346 2179 addere
2384 2114 2459 2180 de
2496 2115 2823 2179 consuetu-

345 2223 495 2287 dine
519 2218 885 2286 concedendi
918 2218 1161 2301 aliquas
1192 2216 1681 2300 dispensationes
1712 2216 1843 2282 sine
1868 2234 2075 2281 causa.
2111 2217 2248 2281 Dici
2280 2220 2492 2282 autem
2514 2217 2576 2280 in
2602 2216 2819 2300 primis

347 2327 583 2411 potest,
632 2322 880 2389 concedi
926 2320 1174 2403 quidem
1221 2320 1351 2385 sine
1398 2338 1587 2384 causa
1633 2319 1985 2395 intrinseca,
2020 2337 2141 2383 non
2190 2322 2399 2384 tamen
2433 2320 2563 2383 sine
2610 2319 2820 2400 aliqua

345 2429 580 2494 saltem
625 2426 986 2501 extrinseca,
1036 2422 1423 2488 considerata
1470 2441 1540 2487 ex
1595 2423 1773 2504 parte
1817 2420 2197 2506 legislatoris
2244 2419 2322 2484 ad
2378 2420 2819 2485 ostendendam

343 2529 805 2616 benignitatem
853 2545 1032 2592 suam
1077 2526 1175 2591 vel
1222 2524 1711 2590 misericordiam
1756 2524 1821 2588 in
1870 2525 2146 2608 tempore
2179 2524 2548 2609 opportuno,
2582 2522 2815 2589 Deinde

345 2636 604 2710 dicitur,
637 2633 785 2697 licet
806 2650 928 2696 non
962 2628 1288 2695 antecedat
1318 2647 1526 2704 causa,
1568 2648 1674 2711 per
1713 2627 1914 2710 ipsam
1943 2627 2469 2708 dispensationem
2492 2626 2822 2690 atmodum

345 2740 488 2804 eius
518 2733 974 2809 consummari;
1009 2751 1155 2797 nam
1185 2730 1434 2814 quando
1467 2731 1654 2795 datur
1677 2731 2053 2813 dispensatio
2079 2731 2210 2797 sine
2241 2750 2449 2809 causa,
2476 2731 2818 2815 imponitur

348 2842 566 2923 aliqua
599 2836 947 2903 satisfactio
980 2835 1079 2900 vel
1115 2834 1350 2898 mulcta
1383 2834 1446 2897 in
1485 2834 1660 2916 pium
1692 2853 1847 2917 opus
1878 2835 1976 2898 vel
2015 2834 2078 2897 in
2111 2834 2299 2900 aliam
2334 2834 2678 2899 utilitatem
2712 2833 2821 2896 ch

348 2943 578 3008 clesiae
608 2957 1018 3015 communem,
1052 2957 1159 3020 per
1189 2937 1353 3018 quod
1380 2955 1536 3019 opus
1567 2938 1889 3020 consurgit
1920 2955 2105 3000 causa
2139 2936 2634 3020 dispensationis,
2661 2955 2819 3019 quae

348 3050 504 3111 tunc
542 3043 616 3109 fit
646 3062 754 3126 per
789 3040 1044 3107 modum
1091 3040 1666 3105 commutationis...
1716 3059 1776 3101 v,
1809 3059 1903 3120 gr.
1936 3038 2000 3101 in
2040 3039 2491 3122 eleemosynam
2526 3040 2637 3101 aut
2683 3057 2820 3101 con-

350 3146 762 3214 tributionem
788 3144 1064 3225 aliquam
1079 3143 1144 3206 in
1164 3141 1508 3206 subsidium
1535 3141 1682 3205 belli
1705 3141 1922 3204 contra
1946 3138 2155 3202 hostes
2180 3139 2487 3202 Ecclesiae
2519 3137 2618 3202 vel
2650 3136 2820 3201 aliud

349 3250 561 3316 simile
591 3249 766 3331 pium
798 3265 956 3330 opus
982 3271 1043 3309 ».

447 3352 510 3417 S.
545 3351 897 3434 Alphonsus
920 3348 1028 3414 lib.
1074 3348 1131 3411 1.
1166 3367 1225 3411 n.
1266 3346 1411 3410 195.
1448 3345 1537 3409 sic
1567 3344 1835 3408 breviter
1872 3360 2091 3407 causas
2130 3339 2520 3424 dispensandi
2552 3339 2821 3421 comple-

349 3456 585 3522 ctitur:
628 3478 662 3512 «
700 3451 904 3518 Causa
950 3454 1045 3516 est
1091 3449 1366 3534 dignitas
1413 3446 1699 3531 petentia
1734 3447 1849 3510 aut
1879 3444 2233 3528 superioris,
2267 3444 2341 3509 ut
2373 3462 2436 3508 se
2482 3442 2821 3526 benignum

350 3557 649 3626 ostendat
677 3575 788 3620 nec
817 3574 940 3620 non
973 3553 1220 3619 utilitas
1257 3550 1623 3628 communis
1666 3552 1777 3614 aut
1814 3549 2061 3632 privata
2093 3550 2157 3614 et
2192 3547 2443 3613 similia.
2478 3547 2551 3611 In
2583 3545 2820 3629 dispen-

348 3660 705 3727 sationibus
738 3660 950 3723 autem
979 3655 1560 3739 impedimentorum
1588 3671 1697 3736 pro
1738 3651 2174 3726 matrimoniis
2201 3651 2435 3716 sufficit
2473 3669 2584 3734 pro
2632 3668 2820 3714 causa

347 3765 587 3831 solutio
626 3762 921 3845 pecuniae
952 3759 1016 3823 in
1055 3757 1402 3823 subsidium
1437 3756 1767 3829 Ecclesiae,
1801 3757 1876 3820 ut
1908 3757 2003 3820 est
2034 3756 2240 3838 praxis
2272 3779 2334 3818 ».

438 3868 525 3932 Et
557 3865 694 3929 heic
724 3863 976 3946 prodest
1007 3860 1304 3925 subiicere
1335 3860 1576 3924 monita
1609 3858 1952 3942 Roncaglia
1985 3857 2058 3919 de
2090 3856 2309 3938 Leyib.
2343 3875 2474 3937 cap.
2506 3857 2565 3917 2.
2592 3855 2655 3918 in
2679 3853 2815 3917 fin.:

353 3997 390 4030 ι
423 3965 803 4036 Confessarii
832 3964 1286 4039 Praelatorum‚
1322 3963 1375 4027 si
1414 3963 1541 4026 sint
1572 3961 1853 4025 difficiles
1884 3960 1949 4024 in
1987 3957 2384 4024 concedendis
2420 3955 2822 4039 dispensatio·

347 4074 557 4148 nibuS‚
593 4071 763 4154 ipsos
797 4067 1169 4132 admoneant
1200 4066 1273 4129 de
1310 4064 1489 4148 gravi
1530 4064 1930 4148 obligatione,
1966 4080 2155 4144 quam
2186 4060 2436 4137 habent,
2471 4077 2576 4124 eas
2607 4075 2821 4122 conce-

348 4175 556 4250 dendi,
591 4171 860 4237 maxime
892 4169 1042 4233 dum
1073 4167 1490 4250 supplicantes
1525 4169 1672 4231 sunt
1707 4166 1773 4229 in
1807 4165 1987 4249 gravi
2016 4163 2323 4246 pericul03
2364 4164 2439 4226 ut
2470 4180 2612 4225 cum
2644 4178 2820 4243 expo-

349 4278 553 4342 scitur
583 4273 964 4358 dispensatio
1015 4291 1048 4334 a
1097 4270 1690 4353 proclamationibus
1738 4266 2123 4332 matrimonii
2156 4267 2220 4330 et
2251 4286 2285 4331 a
2319 4265 2601 4349 pluribus
2632 4263 2817 4342 votis,

346 4398 513 4462 quae
553 4377 744 4442 iidem
782 4373 1200 4458 supplicantes
1238 4392 1525 4455 persaepe
1565 4372 1889 4436 violant».

444 4476 634 4553 400.
669 4477 949 4559 Denique
978 4475 1216 4540 Auctor
1248 4474 1418 4548 dicit,
1453 4476 1832 4557 superiorem
1847 4493 1968 4538 non
1994 4473 2187 4538 teneri
2222 4471 2295 4536 ad
2322 4470 2819 4554 dispensandum,

346 4586 550 4651 etiam
590 4580 914 4665 supposita
946 4598 1134 4643 causa
1166 4579 1354 4654 iusta,
1389 4578 1654 4660 exceptis
1693 4576 2062 4658 quibusdam
2095 4575 2358 4652 casibus,
2395 4594 2550 4657 quos
2582 4572 2819 4637 innuit:
