3529 5158
703 321 813 376 450
1346 330 1558 371 τιιΑοτ.
1598 332 1689 371 ιιι.
1733 329 1819 368 na·
1854 325 2135 368 nmmos.
2175 325 2376 367 capum
2413 327 2518 368 vn.
3028 316 3173 385 [474]

703 431 870 496 diate
918 428 1315 513 privilegium
1362 426 1650 491 cohaeret
1695 426 1759 488 et
1806 423 1868 487 in
1917 439 2209 505 personas
2254 422 2579 500 redundat,
2630 423 2703 486 ad
2752 443 2910 506 quas
2942 445 3018 490 ea
3055 446 3172 505 ιω,

697 535 894 611 locuS,
936 530 1209 615 dignitas
1247 530 1362 594 etc.
1403 530 1689 612 pertinet,
1731 529 1795 591 et
1827 525 2055 589 dicitur
2093 524 2490 609 privilegium
2521 524 2710 590 reale.

792 634 857 698 Si
903 652 1046 698 vero
1096 631 1284 696 alicui
1328 631 1685 696 immediate
1732 627 2089 692 conceditur
2134 627 2533 711 privilegium
2581 629 2660 693 ob
2696 630 2830 693 eius
2872 630 3173 712 favorem,

699 741 795 804 est
829 736 1182 818 personale.
1234 735 1410 815 Quod
1442 735 1666 817 triplex
1704 731 2149 816 distinguitur:
2199 730 2470 813 primum
2515 731 2935 813 sinqularitcr
2966 755 3177 814 perso-

699 839 865 913 nale,
904 839 1071 922 quod
1116 838 1224 902 uni
1272 856 1587 921 personae,
1628 835 1896 899 alterum
1944 834 2352 896 communiter
2387 835 2741 913 personale,
2790 836 2959 917 quod
3005 840 3176 903 certo

699 943 910 1029 generi
934 961 1354 1025 personarum,
1388 941 1463 1003 ut
1492 938 1837 1003 minoribus
1861 936 2259 1019 privilegium
2289 935 2708 1001 restitutionis
2738 937 2803 1001 in
2834 939 3174 1024 integrum,

701 1046 959 1111 tertium
1005 1043 1343 1124 corporale,
1384 1041 1548 1124 quod
1581 1039 1824 1123 corpori
1861 1039 1978 1102 hoc
2009 1039 2105 1101 est
2134 1039 2572 1103 communitati
2610 1039 2799 1104 alicui
2835 1041 3171 1107 confertur.

698 1148 963 1214 Constat
1009 1148 1404 1232 privilegium
1451 1146 1615 1209 reale
1662 1142 1992 1207 adhaerere
2038 1141 2125 1205 rei
2173 1142 2237 1205 et
2281 1160 2423 1206 cum
2471 1160 2542 1206 ea
2588 1143 2855 1208 transire
2903 1145 2979 1209 ad
3028 1146 3172 1212 illos

701 1268 930 1328 omneS,
981 1251 1089 1333 qui
1133 1250 1309 1314 illam
1357 1248 1639 1313 obtinent
1684 1247 1746 1309 et
1796 1264 1938 1308 cum
1985 1263 2057 1307 ea
2103 1244 2445 1326 exspirare:
2495 1247 2814 1327 personale
2850 1248 3172 1314 inhaerere

696 1372 992 1437 personae
1023 1355 1088 1417 et
1118 1372 1260 1416 cum
1291 1371 1363 1415 ea
1401 1350 1691 1414 desinere.

787 1456 870 1520 Et
913 1456 1061 1539 quia
1107 1474 1202 1519 res
1250 1454 1582 1538 perpetuae
1615 1470 1744 1514 esse
1784 1449 2065 1532 possunt,
2101 1448 2430 1533 privilegia
2476 1450 2667 1513 realia
2714 1449 3009 1515 dicuntur
3040 1471 3172 1535 per-

699 1559 907 1642 petua,
957 1577 1131 1623 secus
1180 1576 1251 1621 ac
1295 1554 1664 1640 personalia.
1712 1550 2072 1617 Personalia
2119 1569 2263 1615 vero
2312 1550 2560 1615 secundi
2599 1551 2662 1615 et
2707 1551 2881 1615 tertii
2926 1555 3169 1637 generis

696 1660 996 1723 accedunt
1043 1659 1330 1732 realibuS,
1381 1657 1528 1739 quia
1575 1656 1640 1719 et
1683 1655 1822 1738 ipsa
1869 1654 2197 1717 transeunt
2242 1653 2319 1716 ad
2366 1653 2615 1717 heredes
2653 1654 2719 1717 et
2764 1672 3165 1721 successores.

694 1761 1017 1847 Laymann
1049 1762 1155 1826 lib.
1196 1762 1252 1824 1.
1288 1760 1363 1823 de
1395 1758 1775 1837 Privileyiis
1806 1778 1857 1820 c.
1902 1757 2006 1819 23.
2042 1777 2101 1819 ιι.
2146 1757 2294 1819 2.·4.

878 1867 950 1928 2⁰
992 1864 1181 1928 Aliud
1221 1865 1316 1927 est
1344 1866 1564 1925 cont-ra
1601 1861 1721 1932 ias,
1756 1858 1927 1922 aliud
1946 1861 2208 1937 practer
2238 1858 2335 1921 vel
2376 1857 2550 1920 ultra
2597 1860 2717 1922 ius.
2758 1860 3165 1944 Privilegium

696 1969 912 2032 contra
959 1968 1057 2030 ius
1104 1966 1364 2049 derogat
1400 1964 1520 2027 iuri
1569 1962 1882 2027 communi
1920 1963 1985 2024 et
2016 1962 2112 2024 est
2142 1960 2408 2025 facultas
2440 1962 2663 2044 agendi
2701 1963 2865 2044 quod
2902 1963 3000 2027 lex
3032 1983 3168 2047 pro-

694 2070 868 2133 hibet
913 2068 1012 2132 vel
1058 2087 1177 2132 non
1227 2065 1450 2151 agendi
1488 2064 1652 2146 quod
1685 2065 1781 2128 lex
1815 2063 2131 2147 praecipit.
2173 2062 2263 2127 Ut
2302 2066 2513 2127 autem
2550 2064 2948 2149 privilegium
2994 2065 3166 2131 dero-

694 2172 803 2256 get
830 2171 951 2234 iuri
976 2169 1289 2234 communi
1314 2188 1436 2233 non
1463 2186 1616 2251 opus
1649 2169 1762 2241 est,
1791 2168 1864 2229 ut
1897 2165 2221 2230 muniatur
2243 2166 2525 2231 clausula
2556 2167 2986 2252 derogatoria3
3013 2170 3163 2251 quia

687 2275 819 2338 iam
852 2273 1271 2356 praesumitur
1303 2271 1584 2354 princeps
1609 2288 1789 2334 nosse
1805 2268 1975 2352 leges
2000 2286 2374 2332 communes,
2397 2268 2456 2333 S.
2476 2268 2660 2351 Alph.
2689 2269 2763 2332 de
2787 2269 3165 2352 Privileyiis

690 2394 751 2441 ιι.
790 2378 850 2440 2.
884 2375 1291 2460 Privilegium
1322 2374 1566 2457 praeter
1595 2372 1694 2435 ius
1726 2372 1823 2434 est
1853 2371 2161 2435 concessio
2193 2370 2425 2435 favoris
2458 2372 2522 2436 in
2554 2372 2687 2436 iure
2717 2392 2839 2437 non
2873 2375 3161 2457 expressi.

680 2478 928 2543 Prioris
962 2477 1304 2559 exemplum
1343 2476 1427 2539 sit
1458 2476 1766 2556 exemptio
1800 2492 1837 2537 a
1874 2472 2185 2537 solvendis
2216 2472 2488 2551 decimiS,
2529 2493 2566 2537 a
2606 2475 2938 2540 recitandis
2976 2475 3165 2541 Horis

692 2581 1029 2654 canonicis:
1080 2579 1337 2644 alterius
1385 2577 1655 2641 facultas
1703 2575 2061 2640 absolvendi
2109 2596 2145 2639 a
2191 2576 2539 2641 reservatis,

872 2687 945 2746 3⁸
978 2683 1168 2747 Aliud
1201 2685 1296 2745 est
1330 2686 1572 2744 tantum
1601 2679 1967 2758 favorabile,
2000 2681 2063 2744 in
2096 2681 2330 2745 nullius
2361 2700 2697 2765 gravamen
2728 2683 3057 2759 redundas,
3093 2685 3165 2747 ut

689 2785 957 2849 facultas
998 2782 1344 2847 celebrandi
1377 2785 1520 2846 ante
1560 2801 1879 2858 auroram:
1916 2782 2087 2845 aliud
2119 2782 2419 2856 odiosum,
2451 2784 2801 2848 redundans
2830 2786 3069 2850 scilicet
3097 2786 3157 2849 in

690 2899 1026 2972 gravamen
1077 2885 1355 2963 alterius,
1393 2885 1490 2949 vel
1528 2884 1828 2948 exsistens
1875 2886 2092 2948 contra
2123 2886 2221 2949 ius
2254 2904 2596 2963 commune,
2638 2889 2711 2950 ut
2743 2888 3051 2971 exemptio
3084 2888 3159 2951 ab

686 2989 998 3053 ordinarii
1026 2987 1471 3053 iurisdictione.

866 3093 940 3154 4⁰
968 3090 1158 3155 Aliud
1192 3092 1287 3155 est
1319 3089 1682 3155 beneficium
1715 3108 1787 3153 ex
1820 3090 1956 3153 sola
1972 3090 2293 3170 principis
2336 3093 2550 3172 qratia
2580 3091 2949 3174 procedens:
2991 3090 3157 3155 aliud

685 3211 806 3261 non
856 3196 951 3258 est
997 3212 1164 3258 mera
1214 3193 1442 3277 gratia,
1477 3191 1582 3256 sed
1621 3192 1713 3256 vel
1756 3194 2304 3272 remunerativum,
2345 3194 2395 3257 si
2433 3194 2510 3258 ob
2548 3195 2771 3258 merita
2817 3195 3019 3273 detur,
3059 3194 3154 3258 vel

682 3296 1169 3372 conventionale,
1211 3296 1265 3360 si
1297 3316 1438 3360 cum
1470 3295 1842 3377 interposito
1878 3314 2056 3360 onere
2090 3298 2203 3360 aut
2239 3298 2601 3381 gravamine
2638 3297 3049 3377 concedatur.

864 3403 935 3462 5⁸
972 3398 1154 3462 Aliud
1208 3399 1372 3479 quod
1401 3398 1662 3477 proprio
1708 3401 1879 3461 motu
1926 3399 2216 3482 principis
2268 3399 2612 3464 confertur:
2664 3401 2834 3464 aliud
2882 3400 3049 3483 quod
3094 3400 3153 3464 in

680 3503 957 3583 qratiam
975 3501 1252 3579 pete-ntis
1289 3500 1417 3564 sive
1448 3500 1536 3562 ad
1563 3500 1938 3563 instantiam
1976 3501 2252 3564 alterius

865 3603 936 3663 6⁸
966 3602 1155 3664 Aliud
1188 3604 1283 3666 est
1312 3623 1352 3664 a
1359 3602 1790 3682 ffirmatz’vum,
1819 3601 1984 3683 quod
2009 3602 2196 3666 datur
2220 3603 2297 3666 ad
2323 3603 2558 3685 aliquid
2584 3605 2955 3678 faciendum,
2984 3605 3149 3686 aliud

680 3704 1056 3786 ηεραέιῗίηινη,
1091 3704 1256 3785 quod
1303 3704 1488 3768 datur
1536 3705 1610 3767 ad
1662 3705 1899 3786 aliquid
1949 3722 2067 3768 non
2108 3704 2474 3769 faciendum.
2516 3706 2671 3784 Hoc,
2706 3710 2781 3771 ut
2812 3711 3011 3790 patet,
3060 3713 3153 3773 est

682 3824 918 3889 semper
956 3807 1171 3870 contra
1206 3806 1340 3883 ius:
1375 3806 1529 3869 illud
1563 3807 1771 3888 potest
1808 3826 1939 3870 esse
1979 3809 2043 3871 et
2075 3808 2318 3889 praeter
2346 3807 2464 3871 ina.

860 3911 931 3974 7⁸
966 3909 1155 3973 Aliud
1204 3910 1299 3973 est
1346 3908 1699 3987 temporale,
1749 3909 1803 3972 si
1850 3908 2032 3973 detur
2079 3910 2156 3973 ad
2203 3911 2440 3974 certum
2490 3913 2734 3994 tempus
2768 3930 2879 3976 seu
2917 3915 3147 3978 certam

681 4013 1019 4078 actionem:
1072 4011 1240 4074 aliud
1275 4015 1664 4090 perpet-aum,
1722 4011 1777 4074 si
1832 4012 2060 4094 absque
2107 4013 2483 4078 limitatione
2538 4014 2899 4081 huiusmodi
2949 4018 3147 4083 detur.

681 4115 1051 4181 Conferatur
1097 4114 1416 4197 Laymann
1450 4114 1491 4177 l.
1527 4135 1576 4177 c.
1618 4116 1680 4179 et
1712 4112 1939 4178 Suarez
1978 4115 2020 4178 l.
2056 4135 2105 4178 e.
2147 4135 2232 4179 cc.
2269 4117 2419 4180 3.-6.

766 4214 947 4288 474.
983 4217 1200 4297 Quoad
1225 4217 1802 4299 interpretationem
1834 4216 2322 4300 privilegiorum,
2356 4220 2754 4303 potissimum
2786 4223 2848 4287 in
2883 4223 3151 4288 conside-

676 4323 978 4386 rationem
1004 4318 1194 4394 venit,
1229 4320 1442 4382 utrum
1468 4319 1866 4402 privilegium
1891 4320 1976 4383 sit
2005 4320 2357 4405 gratiosum
2389 4341 2466 4386 an
2502 4323 2804 4389 odiosum.
2833 4326 2907 4390 In
2933 4326 3146 4410 primis

675 4443 819 4488 vero
853 4422 1009 4486 illud
1047 4420 1380 4484 tenendum
1411 4422 1526 4496 est,
1563 4421 1726 4502 quod
1759 4422 2177 4507 privilegium,
2213 4424 2643 4506 quodcumque
2680 4426 2783 4502 sit,
2825 4428 2917 4491 ita
2966 4429 3145 4492 inter-

674 4524 904 4608 pretari
945 4523 1209 4604 oportet,
1244 4523 1318 4586 ut
1350 4522 1584 4604 aliquid
1619 4524 1925 4605 operetur,
1961 4525 2213 4607 aliquod
2246 4526 2607 4592 beneficium
2654 4529 2976 4602 conferat:
3027 4531 3141 4594 huc

675 4626 837 4688 enim
870 4622 1281 4689 essentialiter
1320 4625 1575 4706 spectat,
1617 4625 1736 4688 nisi
1776 4625 2087 4691 iniustitia
2125 4632 2288 4693 esset
2319 4628 2669 4693 manifesta.
