3529 5158
685 351 791 404 190
1163 364 1377 404 ‘mm-r.
1419 364 1481 402 11.
1521 363 1607 401 m:
1642 361 2057 403 consciam-m.
2097 360 2295 401 CAPUT
2331 360 2395 400 11.
2433 358 2574 399 mm.
2614 358 2676 397 11.
3003 338 3146 415 [192]

779 458 936 532 192.
965 462 1087 523 Pro
1113 447 1637 524 demonstratione
1661 460 1909 522 nostrae
1934 459 2272 523 sententiae
2296 458 2452 521 nihil
2474 458 2750 521 facturos
2782 475 2895 520 nos
2927 454 3149 519 condu-

688 564 934 627 cibilius
968 563 1256 626 arbitrati
1295 581 1530 633 sumus.
1571 580 1759 643 quam
1799 562 1849 624 si
1891 563 2255 644 argumenta
2280 562 2714 624 mutuaremur
2739 578 2774 622 a
2806 578 2854 621 s.
2882 559 3148 621 Doctore

690 666 1010 747 Alphonso
1037 684 1231 747 eaque
1269 664 1594 747 ipsissimis
1626 665 1757 727 eius
1784 664 1985 726 verbis
2023 663 2405 727 referremus
2445 662 2668 725 Exstat
2689 661 2985 725 nimirum
3018 660 3153 723 Dis-

690 769 949 831 sertatio
984 767 1063 830 ab
1102 767 1312 830 eodem
1353 786 1538 848 super
1568 766 1684 829 hac
1721 766 2081 847 quaestione
2112 766 2278 829 edita
2315 783 2475 828 anno
2519 765 2710 827 1755.
2750 780 2909 845 quae
2944 763 3151 826 locum

688 890 875 933 suum
909 870 1230 934 obtinebat
1268 871 1456 933 etiam
1506 871 1567 932 in
1617 869 1929 932 volumine
1981 870 2081 930 15.
2123 867 2409 931 editionis
2442 866 2711 949 Operum
2758 884 2806 929 s.
2842 865 3148 939 Doctoris,

691 992 850 1054 quae
889 973 1215 1057 Augustae
1255 972 1670 1035 Taurinorum
1701 971 2066 1053 prodierunt
2111 989 2269 1034 311110
2307 970 2498 1032 1829.
2538 968 2673 1047 Quo
2723 970 2934 1031 autem
2981 968 3153 1050 typo-

695 1075 1079 1158 graphorum
1113 1075 1211 1137 vel
1243 1074 1552 1138 editorum
1588 1074 1845 1137 001131110
1877 1073 2112 1136 factum
2151 1073 2252 1138 sit.
2288 1073 2362 1135 ut
2406 1091 2567 1135 nunc
2605 1071 2683 1133 ab
2721 1069 2993 1134 eiusdem
3030 1070 3154 1133 Au-

689 1179 880 1241 ctoris
915 1177 1287 1241 editionibus
1327 1195 1399 1239 ea
1431 1176 1804 1239 Dissertatio
1837 1177 2060 1249 exulet,
2096 1176 2368 1257 profecto
2401 1175 2723 1238 nescimus

781 1280 898 1343 Sed
924 1280 1149 1363 dignus
1182 1280 1280 1342 est
1301 1280 1463 1343 certe
1495 1278 1698 1343 foetus
1733 1279 1895 1342 tanti
1927 1280 2063 1353 viri,
2090 1280 2152 1342 in
2187 1297 2329 1359 quo.
2364 1278 2416 1340 si
2441 1296 2716 1358 unquam
2749 1277 2923 1354 alias,
2959 1296 3006 1339 s,
3037 1277 3156 1340 Do-

690 1385 827 1445 ctor
859 1382 1224 1446 methodum
1265 1381 1698 1445 scholasticam
1736 1400 1941 1464 presse
1973 1382 2254 1463 sequitur
2285 1382 2347 1443 et
2369 1381 2707 1444 clarissime
2739 1382 2925 1462 atque
2959 1379 3157 1443 effica-

690 1485 939 1548 cissime
968 1485 1463 1568 argumentatur.
1492 1483 1741 1547 Titulus
1774 1485 1906 1547 eius
1938 1485 2063 1547 est:
2104 1483 2489 1546 Dissertatio
2511 1481 3158 1547 scholastico-moralis

685 1606 805 1666 pro
830 1607 950 1649 ‘asa
973 1585 1288 1649 moderato
1311 1587 1626 1665 opinionis
1647 1586 1999 1665 probabilis
2035 1589 2103 1649 in
2141 1606 2443 1649 conen-rsit
2467 1585 2940 1665 mohabilioris.
2974 1585 3157 1649 Edita

693 1691 791 1753 est
820 1688 1081 1772 Neapoli
1126 1689 1316 1752 1755.
1357 1689 1814 1772 Argiunentum
1848 1690 1980 1752 eius
2018 1690 2133 1753 hoc
2170 1691 2296 1753 est:
2350 1687 2653 1756 Ultimam
2682 1689 2872 1769 (inter
2918 1707 3161 1751 enume-

698 1794 870 1855 ratas
909 1793 1095 1874 paulo
1135 1794 1313 1856 ante:
1348 1796 1576 1872 qzmrta
1607 1793 1918 1853 sen-tentia
1957 1796 2135 1863 tenet,
2171 1792 2409 1855 licit-nm
2441 1811 2569 1855 esse
2599 1793 2778 1872 sequi
2812 1792 3161 1870 opinionem

685 1893 1073 1973 probabilem
1124 1898 1185 1954 et
1228 1895 1438 1957 minias·
1473 1898 1687 1965 tutam,
1721 1893 1941 1955 relicta
1962 1893 2420 1976 probabiliore)
2463 1893 2885 1974 beniqniorem
2914 1895 2977 1955 et
3011 1913 3163 1955 eom-

696 1998 1137 2058 marnas-finiam
1171 1995 1572 2075 probandam
1615 1996 2040 2077 ayyredimur,
2073 2016 2286 2075 nempe
2320 1996 2560 2059 licitum
2587 2015 2716 2059 esse
2746 1997 2844 2058 nii
2878 1997 3164 2074 opinione

681 2097 1015 2178 probabili
1060 2099 1248 2160 etiam
1292 2100 1362 2160 in
1408 2118 1710 2163 emicui-su
1757 2099 2213 2179 probabilioris
2256 2120 2377 2179 pro
2432 2099 2580 2181 leae,
2629 2120 2868 2178 semper
2919 2120 2995 2161 ac
3050 2098 3163 2161 illa

694 2205 932 2262 eertum
966 2205 1026 2262 et
1059 2222 1248 2282 gyrare
1286 2200 1511 2263 babeat
1545 2201 2019 2280 sie-ndamentmn
2066 2202 2156 2283 (111
2205 2204 2319 2266 hoc
2365 2203 2598 2266 scilicet
2636 2203 2794 2266 situs
2842 2204 2937 2266 est
2967 2201 3164 2265 mode-

695 2308 883 2368 ratas
915 2305 1045 2369 eius
1071 2324 1241 2381 usus,
1277 2306 1351 2368 de
1376 2324 1497 2387 qua
1521 2306 1946 2369 moderatione
1969 2306 2125 2369 nihil
2155 2305 2301 2369 data
2328 2325 2511 2388 opera
2534 2306 2687 2370 dicit
2707 2307 2771 2369 in
2795 2306 2932 2369 tota
2965 2305 3159 2389 diss).

788 2407 931 2471 Non
966 2409 1274 2493 integram
1312 2408 1712 2472 recitabimus
1744 2408 2269 2472 dissertationem:
2304 2409 2457 2472 satis
2495 2409 2615 2472 erit
2637 2410 3007 2493 argumenta
3031 2428 3165 2491 pro-

693 2510 877 2579 ferre.
908 2512 1132 2593 quibus
1158 2532 1205 2574 S.
1233 2513 1467 2575 Doctor
1492 2512 1863 2575 sententiam
1896 2530 2073 2575 suam
2103 2512 2327 2584 munit,
2362 2530 2519 2593 quae
2551 2511 2919 2596 argumenta
2952 2512 3161 2576 nostra

703 2633 950 2696 quoque
989 2614 1270 2690 facimus,
1306 2617 1380 2678 ut
1417 2634 1537 2679 non
1587 2615 1791 2679 solum
1838 2615 2199 2679 auctoritati
2240 2616 2547 2689 DoctoriS,
2582 2615 2686 2678 sed
2732 2615 2795 2678 vi
2840 2616 3162 2698 praecipue

700 2718 1222 2800 argumentorum
1261 2718 1393 2781 eius
1437 2717 1698 2781 velimus
1736 2718 2127 2786 sententiam.
2162 2737 2350 2800 quam
2394 2717 2794 2796 defendimuS‚
2829 2719 3032 2782 inniti.
3069 2717 3164 2782 Sic

695 2837 847 2901 ergo
898 2839 943 2882 s.
981 2821 1232 2884 Doctor.

1900 3023 1946 3085 I.

1179 3155 1400 3221 Proba
1411 3161 1512 3218 tur
1559 3161 1777 3218 nostra
1823 3161 2034 3221 senten
2044 3159 2128 3218 iia
2176 3157 2670 3221 auctoritatibus.

802 3359 834 3388 «
869 3333 1204 3408 MereoruS,
1241 3333 1575 3396 acerrimus
1610 3332 1846 3416 rigidae
1879 3333 2217 3396 sententiae
2249 3336 2693 3419 propugnator,
2726 3335 2840 3399 hos
2871 3336 3030 3400 citat
3068 3356 3171 3400 311-

705 3461 741 3492 «
774 3436 975 3498 ctores
1007 3435 1287 3498 nostram
1323 3434 1696 3497 sententiam
1725 3436 2025 3498 tutantes.
2060 3435 2278 3498 Barth.
2315 3434 2563 3499 Medina
2589 3437 2674 3500 to.
2709 3438 2764 3501 1.
2793 3457 2851 3519 (1.
2883 3439 2986 3502 16.
3022 3458 3058 3502 3
3088 3440 3164 3514 7.,

703 3562 739 3594 α
779 3537 886 3598 ubi
912 3536 1098 3598 dixit:
1130 3533 1204 3597 Si
1226 3539 1320 3598 est
1341 3537 1549 3613 opinio
1562 3535 1936 3614 probabilis,
1963 3536 2203 3599 licitum-
2233 3540 2327 3599 03ΐ
2347 3557 2481 3600 eam
2503 3539 2698 3619 sequi,
2727 3538 2873 3602 lieet
2892 3542 3167 3621 opposita

708 3665 740 3696 «
767 3636 1162 3716 probabilior
1192 3638 1295 3699 sit.
1334 3637 1492 3700 Eum
1527 3639 1828 3720 sequutus
1867 3639 2007 3702 suit.
2043 3660 2101 3722 p.
2136 3639 2407 3703 Didacus
2438 3641 2698 3706 Alvarez
2746 3643 2871 3723 (vir
2915 3643 3172 3707 celeber-

707 3765 742 3797 «
781 3740 978 3803 rimus
1004 3738 1254 3822 propter
1269 3738 1723 3821 disputationes
1750 3741 1828 3804 ab
1853 3742 1986 3824 ipso
2011 3744 2436 3826 propugnatas
2468 3762 2577 3825 pro
2602 3746 2807 3829 gratia
2832 3744 3172 3827 praedeter-

711 3868 744 3898 «
784 3842 1089 3923 minante)
1113 3841 1177 3905 in
1199 3842 1255 3904 1.
1279 3843 1337 3904 2.
1359 3861 1417 3923 (1.
1445 3844 1545 3905 19.
1574 3841 1631 3905 (1.
1654 3844 1780 3920 80„
1809 3843 1912 3906 ubi
1941 3845 2188 3925 scripsit
2205 3866 2218 3908 ε
2237 3843 2652 3925 Potestsequi
2666 3847 2875 3925 opinio
2892 3847 3171 3926 practice

708 3970 743 4002 «
772 3943 1144 4024 probabilis,
1184 3944 1406 4007 relicta
1425 3944 1854 4024 probabiliore
1875 3966 1895 4010 .·
1927 3965 2067 4009 cum
2106 3946 2293 4028 paulo
2326 3949 2471 4010 ante
2499 3947 2754 4011 dixerit:
2793 3948 2989 4011 Tenet
3014 3947 3171 4012 hane

715 4074 748 4105 «
782 4068 888 4111 sen
898 4049 1162 4109 tentiam
1197 4048 1498 4128 mayieter
1528 4047 1800 4110 BIedina
1831 4051 1891 4109 et
1924 4047 2044 4110 alii
2077 4048 2419 4111 doctissimi
2451 4047 2823 4113 Thomistae.
2850 4051 2932 4114 Et
2962 4069 3171 4116 revera

710 4177 744 4207 «
779 4151 865 4214 sic
898 4151 1086 4213 etiam
1113 4150 1363 4212 tenuere
1388 4149 1476 4211 M.
1498 4150 1764 4226 Bannez‚
1785 4150 2192 4214 confessarius
2217 4151 2274 4214 d.
2294 4151 2620 4215 Theresiae
2643 4153 2698 4216 l.
2720 4154 2779 4216 2.
2799 4173 2857 4234 q.
2889 4155 2993 4217 10.
3014 4173 3069 4217 3.
3095 4155 3169 4220 1..

716 4278 750 4310 «
790 4252 925 4314 ubi:
982 4251 1208 4313 Verum
1238 4255 1351 4322 est,
1379 4272 1558 4330 posse
1592 4249 1898 4315 bominem
1932 4255 2110 4333 sequi
2132 4254 2521 4332 proba-bilem
2551 4256 2924 4334 opinionem,
2956 4257 3174 4320 relicta

709 4379 744 4412 «
774 4352 1222 4433 probabiliore.
1258 4353 1345 4417 M.
1382 4354 1684 4418 Martinez
1716 4355 1782 4419 in
1817 4357 1874 4419 1.
1905 4357 1964 4419 2.
1992 4375 2050 4437 (1.
2083 4358 2183 4420 19.
2214 4376 2267 4420 3.
2297 4359 2355 4420 6.
2382 4357 2524 4421 ubi:
2558 4357 2836 4421 Licitani
2872 4364 2967 4423 est
3000 4360 3172 4441 sequi

717 4482 750 4514 «
785 4458 1136 4537 opinionem
1182 4458 1394 4520 minus*
1427 4457 1841 4536 probabile-m,
1872 4457 2093 4520 relicta
2128 4460 2571 4538 probabiliore.
2606 4461 2693 4524 M.
2728 4460 2925 4526 Lorca
2972 4462 3031 4526 d.
3065 4463 3166 4525 39.

715 4585 752 4616 «
787 4558 873 4622 M.
902 4559 1122 4642 Lopez.
1151 4581 1209 4643 p.
1243 4561 1300 4622 1.
1328 4581 1376 4622 e.
1411 4561 1556 4623 120.
1586 4560 1670 4623 Μ.
1699 4559 2031 4625 Montesin.
2059 4562 2115 4625 d.
2146 4564 2249 4627 29.
2269 4582 2328 4645 q.
2358 4567 2415 4627 5.
2444 4563 2529 4627 M.
2557 4562 2871 4629 Candibus
2895 4565 3080 4648 Disq.
3112 4567 3165 4628 1.
