3529 5158
304 330 447 406 [114]
909 346 1174 388 nana-no
1212 347 1463 390 omnuu
1499 348 1565 387 m
1601 348 1795 391 nnuu.
1835 348 1881 389 s.
1919 347 2163 390 'mous
2667 335 2770 391 107

391 442 458 509 Si
492 442 719 511 autem
763 443 1011 528 integra
1041 444 1322 508 doctrina
1361 464 1409 509 s.
1445 444 1719 508 Thomae
1766 444 2126 520 retineatur,
2178 446 2437 528 patebit,
2473 444 2550 509 ad
2582 447 2771 511 ratio·

303 565 441 610 nem
466 545 645 609 actus
669 545 995 618 meritorii,
1021 547 1265 628 praeter
1286 545 1463 621 illud,
1497 544 1657 627 quod
1683 544 1850 609 idem
1875 563 1923 608 s.
1958 546 2195 609 Doctor
2226 546 2512 629 exigebat
2535 546 2610 610 cf.
2631 566 2766 630 sup.

305 667 340 711 a
375 668 435 710 n.
474 647 623 710 105.
658 645 961 729 deinceps,
995 648 1070 711 ut
1100 648 1278 710 actus
1315 647 1436 710 dici
1466 648 1676 729 posset
1706 646 1904 711 bonus
1936 648 2277 724 moraliter,
2313 648 2470 711 nihil
2506 648 2770 713 ulterius

302 747 554 830 requiri,
588 747 710 812 nisi
747 749 823 811 ut
859 748 965 829 qui
997 747 1299 813 eiusmodi
1332 750 1543 811 actum
1579 748 1912 812 honestum
1949 748 2144 830 ponit,
2180 749 2265 812 sit
2294 749 2675 813 constitutus
2705 750 2770 813 in

302 853 474 914 statu
520 849 766 933 gratiae
812 851 877 913 et
922 868 1031 932 per
1077 850 1192 914 hoc
1237 849 1529 913 satisfieri
1575 849 1946 933 obligationi
1992 850 2292 915 referendi
2332 869 2544 915 omnes
2592 853 2769 916 actus

306 951 377 1015 ad
426 951 699 1035 gloriam
749 950 885 1014 Dei.

390 1052 563 1132 Quae
609 1052 859 1134 quidem
896 1053 1000 1134 (111
1028 1054 1145 1117 hoc
1175 1053 1367 1117 etiam
1396 1052 1462 1116 in
1495 1054 1881 1118 antecessum
1910 1056 2302 1137 moneamus)
2338 1073 2461 1119 non
2492 1055 2584 1119 ita
2622 1058 2771 1119 sunt

303 1154 673 1239 accipienda,
721 1155 902 1236 quasi
948 1157 1062 1219 aut
1104 1155 1305 1219 maior
1350 1155 1642 1237 perfectio
1698 1155 1895 1220 eidem
1942 1156 2172 1221 actioni
2219 1158 2332 1220 aut
2377 1157 2579 1221 maior
2625 1177 2769 1240 pro-

304 1264 509 1340 pterea
556 1257 765 1321 meriti
794 1257 957 1321 ratio
991 1257 1270 1322 accedere
1302 1275 1426 1322 non
1457 1258 1689 1339 possit;
1723 1258 1831 1322 sed
1859 1259 1971 1335 ita,
2007 1260 2082 1321 ut
2111 1258 2242 1335 illa,
2278 1277 2437 1340 quae
2474 1258 2764 1333 diximus,

304 1359 379 1423 ad
423 1378 636 1424 veram
680 1358 988 1423 rationem
1020 1359 1220 1441 operis
1256 1358 1561 1423 meritorii
1593 1359 1760 1422 vitae
1794 1361 2079 1423 aeternae
2125 1358 2198 1422 de
2245 1359 2548 1443 condigno
2582 1360 2764 1443 plane

308 1461 644 1526 sufficiant.

394 1557 533 1632 114.
573 1561 779 1641 Quam
804 1562 1017 1642 itaque
1049 1561 1494 1645 obligationem
1525 1561 1811 1643 imponat
1840 1564 2238 1643 praeceptum
2284 1561 2585 1639 caritatis,
2620 1581 2769 1644 qua-

308 1668 485 1731 tenus
511 1664 591 1728 ad
619 1663 773 1728 illud
810 1663 1095 1746 pertinet,
1120 1664 1195 1726 ut
1220 1663 1429 1728 omnia
1462 1663 1536 1726 ad
1576 1662 1693 1726 Dei
1724 1662 1992 1745 gloriam
2016 1662 2380 1740 referantur,
2415 1682 2463 1727 s.
2499 1662 2770 1726 Thomas

307 1768 398 1832 ita
445 1767 734 1849 explicat.

484 1870 552 1933 1ο
583 1867 650 1933 Si
680 1868 869 1933 verba
911 1867 1095 1931 Pauli
1143 1865 1527 1948 accipiantur
1557 1866 1862 1946 neyative,
1894 1866 2058 1930 idest
2100 1868 2177 1930 111
2219 1864 2379 1930 1111111
2410 1866 2524 1930 fiat
2555 1869 2771 1933 contra

308 1971 419 2036 Dei
447 1971 741 2055 gloriam,
775 1968 1009 2033 scilicet
1038 1966 1365 2051 peccando,
1400 1968 1547 2031 tunc
1579 1968 1806 2031 sonant
1835 1968 2251 2050 praeceptum.

482 2073 552 2134 2⁰
584 2070 652 2135 Si
688 2070 1071 2153 accipiantur
1099 2068 1499 2150 affirmative,
1534 2068 1842 2150 duplicem
1872 2068 2187 2153 distingue
2221 2069 2607 2147 relationem,
2641 2071 2769 2132 vir—

305 2173 535 2237 tualem
564 2174 631 2237 et
664 2170 990 2236 actualem.
1023 2169 1089 2236 Si
1119 2169 1193 2235 de
1224 2168 1487 2234 virtuali
1530 2170 1833 2235 relatione
1879 2189 2079 2235 sermo
2119 2170 2223 2243 sit,
2257 2170 2407 2235 haec
2454 2172 2623 2236 cadit
2651 2173 2767 2237 sub

304 2276 723 2357 praeceptum.

478 2376 550 2438 30
599 2373 666 2439 Si
710 2374 786 2439 de
829 2372 1069 2437 actuali
1111 2374 1431 2449 relatione,
1481 2392 1697 2438 rursus
1743 2372 2091 2457 distingue:
2142 2372 2198 2436 si
2243 2373 2406 2437 enim
2451 2374 2768 2459 intelligas

301 2478 372 2541 de
417 2478 664 2542 actibus
704 2475 1101 2539 distributive
1133 2495 1241 2540 seu
1275 2475 1529 2539 divisim
1558 2476 1849 2557 sumptiS,
1884 2476 1980 2539 est
2016 2474 2366 2539 consilium.

478 2581 550 2643 4⁰
584 2575 650 2643 Si
695 2578 770 2642 de
817 2578 1057 2643 actibus
1103 2575 1412 2642 collective
1443 2596 1551 2642 seu
1584 2576 1775 2641 simul
1812 2576 2099 2642 omnibus
2130 2578 2417 2661 sumptis,
2451 2578 2540 2643 sic
2570 2597 2768 2660 neque

301 2684 702 2766 praeceptum
733 2682 830 2745 est
857 2699 1053 2761 neque
1077 2680 1425 2756 consilium,
1459 2679 1566 2743 sed
1596 2679 1735 2743 finis
1767 2679 2097 2762 praecepti,
2124 2681 2412 2764 proprius
2443 2681 2768 2745 beatorum

303 2784 907 2868 comprehensorum.

387 2885 709 2951 Audiatur
745 2903 793 2948 s.
835 2884 1254 2949 Doctorin2.
1294 2883 1438 2947 dist.
1473 2884 1579 2947 40.
1615 2902 1672 2964 q.
1720 2883 1775 2946 1.
1810 2901 1866 2947 3.
1903 2885 1963 2948 5.
1999 2884 2076 2947 ad
2113 2884 2170 2948 7.
2211 2885 2417 2949 «Hoc
2463 2885 2629 2967 quod
2675 2884 2768 2948 di-

300 2989 496 3053 citur:
533 2987 745 3053 omnia
776 2986 842 3052 in
871 2986 1139 3069 gloriam
1167 2985 1285 3050 Dei
1314 2984 1520 3057 facite,
1554 2986 1761 3068 potest
1790 2985 2062 3070 intelligi
2091 2985 2443 3068 dupliciter,
2476 2987 2575 3051 vel
2609 2987 2772 3050 affir-

304 3092 536 3155 mative
567 3088 669 3154 vel
700 3087 1007 3171 negative.
1048 3085 1112 3151 Si
1148 3086 1450 3167 amative,
1476 3086 1577 3150 1113
1614 3087 1709 3150 331
1739 3104 1984 3151 sensus:
2017 3087 2173 3149 1111111
2204 3088 2421 3151 contra
2454 3088 2655 3150 Deum
2687 3087 2772 3148 fa-

304 3193 481 3257 ciatis
519 3193 588 3256 et
623 3191 743 3254 hoc
772 3188 958 3253 modo
996 3189 1390 3272 praeceptum
1436 3189 1534 3252 est
1579 3189 1642 3250 et
1688 3187 1777 3250 sic
1823 3188 2219 3268 praeceptum
2250 3187 2367 3250 hoc
2398 3186 2772 3267 praeteritur

306 3296 397 3359 vel
428 3314 537 3378 per
570 3294 897 3376 peccatum
927 3291 1211 3367 mortale,
1246 3289 1412 3371 quod
1444 3290 1659 3352 contra
1692 3288 1895 3351 Deum
1927 3286 1999 3350 fit
2031 3287 2129 3352 vel
2167 3307 2274 3369 per
2321 3289 2643 3369 peccatum
2675 3306 2772 3350 ve·

303 3397 482 3470 niale,
518 3394 691 3478 quod
723 3393 968 3476 praeter
1004 3394 1400 3475 praeceptum
1449 3391 1512 3454 et
1558 3390 1802 3471 praeter
1847 3390 2051 3454 Deum
2098 3390 2190 3454 fit.
2225 3387 2290 3453 Si
2339 3391 2549 3454 autem
2595 3390 2774 3454 intel·

302 3498 539 3582 ligatur
568 3495 977 3577 affirvmtive,
1010 3495 1126 3559 hoe
1157 3494 1363 3576 potest
1409 3510 1540 3556 esse
1587 3490 1949 3573 dupliciter:
2002 3493 2114 3556 aut
2157 3492 2250 3556 ita
2297 3489 2461 3574 quod
2508 3493 2771 3557 actualis

301 3600 521 3664 relatio
570 3598 637 3662 in
688 3598 895 3661 Deum
942 3597 1025 3660 sit
1062 3595 1390 3660 coniuncta
1425 3593 1653 3658 actioni
1684 3595 1934 3657 nostrae
1965 3594 2240 3668 cuilibet,
2275 3614 2396 3661 non
2428 3595 2673 3677 quidem
2705 3596 2770 3660 in

305 3706 464 3778 actu,
499 3700 609 3765 sed
639 3699 707 3763 in
741 3698 995 3774 virtute,
1031 3696 1367 3761 secundum
1414 3695 1578 3778 quod
1613 3695 1814 3760 virtus
1846 3695 2080 3778 primae
2113 3697 2517 3763 ordinationis
2563 3701 2775 3763 manet

303 3802 363 3866 in
400 3802 694 3867 omnibus
728 3798 1078 3863 actionibus
1117 3797 1534 3879 sequentibus,
1585 3797 1748 3861 sicut
1795 3798 1858 3861 et
1897 3797 2096 3862 virtus
2133 3798 2272 3862 finis
2319 3800 2532 3863 ultimi
2561 3800 2774 3863 manet

302 3903 362 3968 in
394 3904 688 3969 omnibus
730 3899 958 3964 finibus
990 3899 1069 3963 ad
1097 3900 1303 3981 ipsum
1352 3897 1653 3963 ordinatis
1687 3899 1752 3962 31
1788 3898 1877 3962 313
1908 3898 2109 3962 adhuc
2146 3902 2540 3981 praeceptum
2586 3901 2680 3961 est
2711 3902 2777 3962 31

304 4005 628 4090 contingit,
667 4000 1068 4067 omissionem
1115 4000 1248 4064 eius
1280 4018 1410 4064 esse
1457 3999 1759 4065 venialem
1794 3999 1892 4063 vel
1937 3999 2286 4076 mortalem,
2328 4000 2490 4063 sicut
2535 3997 2772 4062 dictum

305 4113 409 4172 est.
441 4107 561 4171 Vel
593 4106 692 4169 ita
723 4101 892 4185 quod
926 4101 1232 4166 ordinatio
1258 4100 1523 4166 actualis
1554 4101 1619 4165 in
1642 4102 1846 4165 Deum
1879 4099 1964 4164 sit
1987 4102 2133 4164 actu
2157 4100 2484 4164 coniuncta
2516 4099 2774 4166 cuilibet

304 4209 524 4273 actioni
570 4206 835 4272 nostrae
881 4203 944 4267 et
988 4203 1076 4267 sic
1122 4204 1330 4285 potest
1374 4203 1642 4286 intelligi
1689 4201 2038 4284 dupliciter,
2087 4203 2187 4267 vel
2234 4201 2629 4266 distributive
2675 4206 2774 4269 vel

307 4309 627 4372 collective.
680 4304 753 4370 Si
802 4302 1214 4378 (lintributive,
1263 4305 1351 4369 sic
1397 4306 1493 4369 est
1538 4323 1787 4369 sensus:
1837 4322 2290 4386 quamcumque
2338 4306 2644 4370 actionem
2692 4307 2778 4372 fa-

308 4412 458 4488 citis,
492 4411 728 4475 melius
778 4408 895 4483 est,
929 4406 981 4480 si
1013 4425 1149 4470 eam
1182 4408 1326 4470 actu
1371 4406 1437 4470 in
1483 4407 1687 4471 Deum
1736 4404 2032 4471 ordinetis
2079 4408 2143 4470 et
2173 4406 2260 4470 sic
2291 4409 2389 4471 est
2424 4407 2773 4473 consilinm.

307 4510 367 4576 Si
396 4516 610 4577 autem
659 4509 955 4575 sumatur
999 4506 1324 4580 collective,
1373 4507 1462 4570 sic
1507 4508 1601 4571 est
1648 4525 1896 4571 sensus:
1943 4507 2149 4570 omnia
2197 4526 2382 4591 opera
2429 4511 2634 4573 vestra
2681 4510 2775 4573 ita
