3529 5158
753 370 861 426 692
1560 388 1874 428 APPmNDIX
1911 387 1951 426 1.
1990 385 2392 428 mserum-Ano

752 484 1014 547 materia
1046 503 1389 548 sermonem
1419 485 1659 561 habuit,
1695 504 1934 568 semper
1964 502 2114 548 usus
2145 485 2241 548 est
2271 483 2473 547 verbis
2519 484 2839 567 expressis,
2866 505 3027 567 quae
3058 488 3216 554 hanc

752 604 882 650 esse
917 586 1187 650 mentem
1218 606 1397 651 suam
1429 587 1591 651 clare
1626 585 1960 651 ostenth
1993 611 2029 645 »

842 688 1355 753 Dissertationem
1400 690 1658 770 denique
1705 690 1795 752 sic
1839 707 1888 752 s,
1923 689 2157 752 Doctor
2185 708 2246 751 n.
2282 688 2386 751 84.
2420 690 2828 771 peremptorie
2868 692 3210 758 concludit:

757 814 791 849 «
816 790 1090 856 Tandem
1138 793 1216 855 ab
1263 792 1566 870 omnibuS,
1607 811 1766 875 quae
1797 792 1931 856 heic
1977 791 2254 874 exposita
2299 793 2465 867 sunt,
2498 790 2761 856 firmiter
2806 793 3214 860 confirmatur

746 893 1115 976 principium
1162 913 1199 957 a
1232 915 1279 958 s.
1315 895 1555 959 Thema
1601 894 1779 958 nobis
1825 893 2149 971 traditum,
2190 893 2354 975 quod
2384 893 2501 970 lex,
2535 893 2654 958 nisi
2703 894 2789 958 sit
2834 896 3215 961 sufficienter

747 1013 818 1058 ac
840 998 1002 1060 certe
1033 996 1451 1080 promulgata,
1478 1016 1600 1061 non
1633 996 1892 1080 obligat.
1920 995 2152 1060 Deinde
2183 995 2593 1074 concluditur,
2620 996 2783 1077 quod
2826 1013 2950 1061 ursi
2982 1016 3209 1075 ormo,

746 1112 909 1171 QUAE
958 1115 1104 1160 srA‘r
1150 1115 1267 1161 PRO
1314 1116 1492 1174 LEGE,
1533 1116 1624 1162 sir
1669 1116 1792 1162 Aur
1839 1114 2035 1162 CERTA
2082 1114 2203 1160 Aur
2249 1113 2487 1160 snm-:M
2534 1113 2729 1161 CERTE
2773 1115 3208 1180 Pnonassmon,

743 1215 945 1263 Paour
976 1217 1055 1262 ΑΒ
1093 1217 1281 1263 mmo
1312 1218 1593 1279 mxmus,
1628 1219 1757 1264 EAM
1792 1217 1973 1274 sst
2009 1217 2134 1263 NON
2167 1216 2470 1263 TENEMUR
2500 1225 2562 1263 ».

832 1303 997 1368 Hinc
1026 1324 1169 1369 vero
1207 1306 1451 1369 nullum
1498 1306 1771 1389 profecto
1819 1307 1993 1388 patet
2038 1304 2363 1388 effugium:
2397 1308 2762 1370 revocentur
2807 1307 2974 1370 enim
3025 1309 3208 1373 verba

740 1425 790 1471 s.
825 1406 1127 1489 Alphonsi
1159 1426 1292 1489 sup.
1329 1429 1386 1471 n.
1423 1409 1550 1484 88„
1585 1409 1689 1472 ubi
1722 1408 1918 1472 semet
1947 1406 2255 1489 explicans
2286 1406 2457 1484 dicit,
2493 1407 2843 1491 opinionem
2875 1413 3043 1472 certe
3061 1431 3208 1490 pro-

737 1507 1102 1573 babiliorem
1132 1510 1377 1593 perinde
1410 1530 1540 1575 esse
1574 1529 1645 1574 ac
1668 1509 2031 1573 notabiliter
2050 1507 2540 1588 probabiliorem
2550 1529 2573 1586 ,·
2597 1508 2812 1574 deinde
2843 1530 3203 1577 revocemus

738 1611 857 1674 huc
888 1612 1074 1675 verba
1121 1611 1464 1676 doctissimi
1509 1614 1573 1676 et
1604 1613 1811 1676 eximii
1847 1611 2202 1694 interpretis
2237 1629 2492 1693 operum
2526 1629 2574 1675 s.
2609 1610 2938 1695 Alphonsi‚
2974 1613 3044 1676 P.
3080 1614 3206 1678 Ha-

732 1712 966 1797 ringer:
1002 1738 1038 1770 e<
1070 1712 1185 1776 Ad
1226 1713 1660 1778 certitudinem
1703 1711 2021 1786 moralem,
2068 1712 2273 1795 inquit
2307 1713 2596 1793 proxime
2639 1712 2883 1777 accedit
2925 1716 3197 1795 opinio...

730 1814 1094 1878 notabiliter
1111 1815 1527 1894 probabilior,
1561 1836 1718 1897 quae
1754 1836 1882 1879 non
1931 1816 2058 1878 iam
2096 1817 2193 1878 est
2217 1816 2431 1879 stricte
2476 1813 2688 1890 dubia,
2720 1814 2835 1880 sed
2877 1817 3206 1881 moraliter

733 1919 847 1979 aut
882 1919 1067 1997 qmai
1110 1917 1436 1981 moraliter
1479 1922 1668 1992 certa,
1718 1922 1779 1981 et
1821 1918 2101 1998 opposita
2145 1915 2225 1996 sit
2269 1917 2536 2007 tenuiter
2567 1916 2926 1997 probabilis
2964 1944 3026 1983 ».
3067 1921 3203 1985 Dis-

735 2020 1071 2084 sertissime
1118 2040 1262 2103 ergo
1312 2041 1359 2085 s.
1403 2022 1633 2085 Doctor
1678 2021 2036 2104 Alphonsus
2092 2021 2155 2084 et
2201 2019 2452 2101 quidem
2495 2020 2561 2084 in
2606 2019 3046 2087 dissertatione
3097 2043 3202 2107 po·

734 2122 980 2187 stremis
1028 2124 1190 2187 curis
1238 2124 1313 2186 ab
1360 2125 1494 2206 ipso
1529 2124 1850 2200 adornata,
1885 2123 2154 2206 expolita
2186 2125 2249 2188 et
2286 2125 2490 2199 aucta,
2524 2123 2854 2207 profitetur
2884 2126 2949 2188 et
2996 2125 3198 2200 docet,

729 2223 975 2288 licitum
1021 2244 1150 2289 esse
1182 2245 1366 2290 usum
1399 2227 1703 2309 opinionis
1736 2226 1929 2289 etiam
1964 2226 2170 2290 minus
2212 2225 2570 2309 probabilis,
2607 2244 2928 2308 quousque
2976 2229 3202 2309 proba-

729 2323 968 2391 bilioris
993 2346 1102 2409 pro
1134 2328 1268 2411 lege
1300 2330 1515 2392 tantus
1547 2347 1669 2392 non
1704 2330 2002 2411 appareat
2031 2347 2330 2405 excessus,
2364 2329 2438 2392 ut
2469 2328 2620 2392 haec
2652 2347 2834 2412 prope
2864 2329 3202 2393 moraliter

728 2429 915 2504 certa,
950 2429 1058 2492 illa
1093 2448 1233 2493 vero
1268 2430 1537 2494 tenuiter
1576 2433 1687 2495 aut
1719 2431 1943 2495 saltem
1975 2429 2157 2494 dubie
2190 2430 2527 2513 probabilis
2560 2429 2858 2495 censenda
2896 2430 3001 2494 sit.

818 2531 900 2596 Et
931 2551 1072 2596 cum
1103 2533 1225 2597 ista
1250 2551 1487 2608 norma,
1516 2554 1551 2597 a
1576 2553 1623 2597 s,
1645 2534 1912 2598 Doctore
1944 2552 2220 2616 expresse
2244 2532 2498 2611 tradita,
2526 2531 2758 2616 optime
2781 2538 3197 2616 componatur

726 2653 869 2697 cum
906 2637 1409 2699 communissima
1448 2637 1744 2719 simplicis
1778 2636 2204 2720 probabilismi
2237 2635 2563 2710 sententia,
2597 2636 2898 2700 nimirum
2945 2636 3193 2703 licitum

727 2754 857 2799 esse
904 2756 1087 2799 usum
1134 2738 1436 2819 opinionis
1468 2739 1660 2802 solide
1694 2739 2029 2821 probabilis
2062 2739 2252 2803 etiam
2291 2738 2354 2802 in
2401 2756 2701 2802 concursu
2752 2739 3189 2821 probabilioris

724 2856 836 2920 pro
885 2838 1036 2922 lege,
1072 2840 1556 2904 concludendum
1602 2843 1715 2915 est,
1749 2841 2064 2925 integrum
2110 2840 2538 2924 probabilismi
2575 2843 2851 2925 systema
2902 2861 2937 2905 a
2988 2861 3039 2905 s.
3074 2843 3189 2907 Do-

723 2942 892 3006 ctore
939 2942 1254 3025 Alphonso
1304 2943 1381 3007 ad
1428 2944 1592 3008 vitae
1641 2963 1835 3025 usque
1883 2943 2118 3008 exitum
2169 2942 2359 3007 fuisse
2407 2942 2748 3006 admissum
2798 2945 2990 3025 atque
3038 2944 3185 3009 adeo

724 3043 975 3108 admitti
1021 3063 1141 3108 non
1174 3065 1349 3127 posse
1387 3066 1495 3110 nec
1543 3046 1757 3110 debere
1806 3044 2415 3128 aequiprobabilismi
2460 3048 2753 3129 systema,
2793 3047 3102 3127 quatenus
3150 3066 3184 3110 a

719 3146 985 3229 simplici
1033 3148 1470 3229 probabilismo
1511 3149 1920 3232 distinguitur
1967 3149 2143 3229 eique
2192 3147 2543 3230 opponitur,
2580 3166 2615 3210 a
2664 3167 2713 3211 s.
2765 3147 3036 3213 Doctore
3085 3149 3189 3212 Al-

720 3249 956 3330 phonso
1004 3250 1315 3313 invectum
1364 3269 1434 3314 ac
1480 3253 1946 3333 propugnatum
1995 3249 2205 3314 fuisse.

809 3353 914 3416 91.
947 3352 1160 3434 Neque
1192 3353 1325 3416 heic
1358 3353 1772 3417 omittendum
1802 3352 1958 3416 illud
1999 3354 2110 3430 est,
2146 3352 2312 3435 quod
2342 3371 2391 3417 s,
2429 3353 2662 3417 Doctor
2700 3352 2922 3416 scribit
2955 3352 3018 3416 in
3049 3353 3186 3416 Mo—

712 3455 865 3532 nito,
905 3457 1072 3537 quod
1104 3456 1229 3538 ipse
1263 3456 1455 3520 etiam
1499 3458 1849 3539 postremae
1883 3453 2252 3537 Systematis
2296 3453 2558 3518 moralis
2603 3453 2863 3519 editioni
2900 3455 3186 3520 adiunxit

714 3576 774 3620 n.
811 3556 915 3620 85.
942 3576 1083 3620 cum
1114 3558 1229 3620 hoc
1260 3558 1485 3622 titulo:
1514 3557 1853 3633 Monitum,
1883 3558 1951 3620 in
1980 3577 2100 3638 quo
2124 3559 2458 3639 exponitur
2487 3555 2827 3621 Decretum
2853 3555 2921 3621 S.
2959 3555 3030 3622 C.
3068 3556 3185 3621 Ge-

709 3657 952 3722 neralis
997 3658 1441 3740 Inquisitionis
1476 3659 1715 3724 Romae
1752 3658 2067 3724 conditum
2109 3681 2261 3726 ann.
2304 3665 2496 3725 1764.
2531 3661 2700 3723 circa
2729 3679 2916 3723 usum
2947 3661 3184 3739 opinio-

711 3784 865 3826 num
873 3761 1303 3842 probabilium
1319 3784 1339 3824 .·
1363 3762 1529 3845 quod
1562 3763 1811 3846 quidem
1842 3764 2156 3828 decretum
2178 3765 2394 3828 contra
2419 3762 2766 3826 doctrinam
2794 3779 2842 3824 s.
2870 3760 3179 3843 Alphonsi

713 3864 1020 3930 obiecerat
1063 3865 1134 3928 P.
1169 3865 1533 3930 Vincentius
1562 3866 1855 3938 Patuzzi;
1896 3866 2119 3948 quippe
2150 3865 2315 3947 quod
2346 3864 2685 3928 damnabat
2721 3862 2947 3927 folium
2998 3863 3182 3928 unde·

711 3967 831 4031 cim
879 3967 1081 4030 theses
1112 3967 1429 4031 continens
1461 3987 1604 4031 cum
1641 3968 1859 4032 titulo:
1898 3964 2406 4030 Probabilis-mus
2424 3964 2718 4046 publicae
2758 3963 3181 4045 disputationi

709 4088 842 4131 ven.
871 4065 1051 4132 Clero
1075 4067 1414 4132 Aviniensi
1444 4070 1728 4131 exercitii
1758 4089 1950 4133 causa
1979 4070 2291 4149 expositus
2314 4071 2531 4133 contra
2547 4065 3176 4148 probabiliorisnmm

707 4172 919 4234 stricte
954 4169 1155 4247 talem,
1190 4174 1394 4250 utpote
1424 4171 1740 4254 negotium
1758 4170 2211 4252 perambulans
2256 4172 2326 4235 in
2359 4170 2645 4235 tenebris.
2680 4169 2764 4235 Et
2795 4189 2935 4235 cum
2965 4169 3172 4253 prima

705 4272 958 4337 illarum
1006 4273 1275 4337 thesium
1319 4273 1415 4336 his
1453 4274 1653 4337 verbis
1685 4275 2032 4338 constaret:
2074 4271 2586 4337 Probabilismus
2632 4275 2845 4336 noster
2883 4275 3173 4334 versatur

707 4375 875 4438 circa
904 4374 1050 4439 haec
1083 4376 1239 4438 tria:
1274 4374 1451 4438 Licet
1493 4376 1671 4458 sequi
1686 4374 2178 4455 probabiliore-m
2195 4396 2318 4455 pro
2352 4374 2657 4448 libertate,
2691 4372 2912 4438 relicta
2961 4375 3172 4437 nu'nns

694 4480 1015 4560 probabili
1030 4501 1153 4561 pro
1192 4480 1360 4562 leye:
1393 4481 1575 4546 Licet
1616 4483 1795 4564 sequi
1823 4502 2015 4564 aeque
2032 4480 2424 4562 probabilem
2443 4501 2566 4561 pro
2604 4480 2915 4554 libertate,
2951 4480 3170 4544 relicta

701 4602 891 4664 aeque
928 4582 1247 4663 probabili
1286 4604 1400 4662 pro
1434 4583 1581 4665 leye.
1625 4584 1808 4648 Licet
1833 4587 2011 4667 sequi
2040 4585 2249 4648 minus
2269 4582 2662 4664 probabilem
2696 4603 2820 4664 pro
2854 4581 3161 4654 libertate,
