3529 5158
765 312 874 367 510
1158 323 1370 364 τιιΑοτ.
1409 322 1490 363 1v.
1527 321 1612 361 Dm
1648 318 1955 360 moeurs.
1993 318 2191 359 CAPUT
2225 317 2265 356 1.
2305 317 2449 360 nun.
2488 317 2552 357 11.
2592 319 2728 360 Αιιτ.
2765 320 2830 360 11.
3091 304 3236 380 [558]

776 423 965 488 terita
997 421 1095 486 vel
1124 420 1387 502 futura),
1428 437 1585 498 quae
1623 417 1707 480 sit
1735 435 1908 480 mera
1947 414 2310 498 approbatio
2350 414 2575 479 obiecti
2603 416 2784 497 quasi
2814 417 3230 499 speculativa:

773 528 847 590 ut
894 544 1033 588 cum
1081 521 1270 586 vidua
1315 519 1566 603 gaudet,
1624 538 1687 582 se
1741 519 1873 582 viro
1921 517 2252 581 reddidisse
2305 517 2604 594 debitum,
2652 519 2751 582 vel
2804 537 2869 583 se
2916 522 3234 602 expertam

766 628 957 692 fuisse
990 625 1461 690 delectationem
1493 622 1904 706 coniugalem,
1937 620 2034 684 vel
2066 639 2326 703 sponsus
2357 620 2610 705 gaudet,
2650 621 2816 704 quod
2848 623 3082 705 poterit
3112 622 3232 687 frui

767 749 1012 814 sponsa.
1054 728 1224 808 Quae
1270 725 1597 791 delectatio
1630 726 1692 788 in
1723 725 1908 788 modo
1955 722 2242 788 tendendi
2287 742 2411 787 non
2456 722 2661 787 differt
2706 724 2830 787 fere
2864 743 2898 787 a
2931 724 3231 788 desiderio

769 852 879 896 nec
927 833 1103 895 affert
1150 849 1358 894 secum
1404 828 1578 891 illam
1626 826 1898 908 corporis
1945 826 2444 903 commotionem,
2493 826 2656 890 sicut
2703 826 2881 891 affert
2927 826 3036 890 illa
3087 827 3229 905 alia,

765 954 925 1018 quae
972 934 1254 998 versatur
1300 932 1459 996 circa
1509 930 1837 1005 obiectum,
1873 929 2036 992 sicut
2066 929 2118 992 si
2157 931 2316 993 esset
2352 947 2658 1012 praesens.
2707 928 2909 1008 Quam
2958 929 3233 993 differen-

768 1038 925 1102 tiam
948 1035 1373 1116 unusquisque
1404 1033 1582 1096 facile
1614 1032 1925 1114 experitur
1955 1035 2017 1095 et
2048 1031 2242 1113 aliqui
2266 1032 2567 1095 Auctores
2601 1031 2926 1114 explicant,
2953 1031 3227 1109 dicendo,

769 1140 1227 1214 delectationes,
1269 1157 1426 1218 quae
1458 1138 1605 1200 sunt
1636 1135 1699 1197 in
1732 1135 1864 1199 sola
1913 1135 2255 1214 voluntate,
2305 1155 2434 1199 esse
2479 1135 2706 1212 licitaS,
2739 1154 2861 1200 non
2895 1155 3040 1200 vero
3073 1154 3230 1217 quae

765 1245 913 1306 sunt
944 1241 1005 1304 in
1039 1240 1323 1322 appetitu
1354 1239 1670 1302 sensitivo.
1704 1238 1805 1301 Ita
1841 1238 2120 1319 loquitur
2158 1238 2427 1301 Thomas
2465 1235 2735 1301 Sanchez
2767 1236 2987 1300 Dccal.
3023 1238 3134 1302 lib.
3173 1239 3229 1303 1.

766 1363 898 1425 cap.
936 1345 994 1405 2.
1022 1362 1082 1404 n.
1110 1343 1215 1404 32.
1244 1360 1409 1421 seqq.
1444 1339 1643 1419 Quam
1675 1339 2134 1404 distinctionem
2167 1340 2496 1423 impugnat
2518 1340 2749 1403 Palaus
2781 1344 2861 1404 tr.
2890 1343 2949 1403 2.
2983 1340 3138 1423 disp.
3168 1342 3227 1403 2.

772 1446 982 1529 punct.
1015 1446 1115 1507 10.
1146 1444 1204 1526 ἓ.
1233 1445 1292 1506 2.
1322 1464 1379 1506 n.
1410 1447 1499 1505 ἵνα
1537 1443 1663 1525 ipse
1710 1443 1918 1505 autem
1970 1442 2109 1505 aliis
2149 1441 2497 1506 nominibus
2544 1442 2879 1527 distinguit
2915 1443 3092 1506 illam
3127 1442 3233 1506 du-

768 1549 989 1632 plicem
1042 1546 1548 1610 delectationem:
1599 1543 1861 1607 alteram
1909 1547 2092 1608 vocat
2143 1565 2378 1607 meram
2422 1544 2930 1625 affobationem
2988 1544 3230 1617 obe‘eeti,

770 1670 957 1733 quam
1004 1648 1155 1713 dicit
1199 1667 1318 1712 non
1369 1647 1582 1711 afferre
1628 1667 1836 1711 secum
1873 1647 2049 1710 illam
2095 1647 2593 1723 commotionem,
2642 1646 2907 1711 alteram
2953 1646 3231 1729 appellat

772 1750 1138 1833 simpliciter
1183 1748 1663 1812 delectationem.
1714 1747 1831 1812 Sed
1877 1749 2079 1830 quoad
2128 1750 2244 1813 hoc
2275 1750 2556 1831 quaestio
2602 1749 2721 1814 erit
2765 1750 2839 1814 de
2885 1749 3228 1816 vocabulis.

773 1853 1026 1919 Certum
1075 1853 1283 1917 autem
1334 1852 1595 1928 videtur,
1631 1851 1766 1915 dari
1797 1852 1857 1915 in
1892 1853 2068 1916 nobis
2115 1852 2338 1935 duplex
2369 1852 2525 1916 illud
2569 1872 2765 1937 genus
2796 1854 3228 1919 delectationis

771 1955 948 2020 valde
995 1955 1307 2017 diversum
1354 1956 1414 2017 et
1460 1954 1606 2018 licet
1652 1956 1988 2036 utrumque
2034 1954 2213 2018 detur
2258 1956 2320 2017 in
2369 1955 2713 2029 voluntate,
2763 1956 2960 2019 altera
3019 1959 3226 2020 tamen

768 2080 841 2123 ex
887 2059 1012 2121 illis
1060 2058 1211 2121 facit
1256 2057 1471 2122 sentiri
1509 2058 1759 2122 effectus
1808 2077 1952 2122 suos
1999 2058 2062 2121 in
2110 2060 2285 2141 parte
2332 2059 2628 2124 sensitiva
2675 2061 2738 2122 et
2777 2058 2914 2123 ideo
2956 2058 3227 2124 Sanchez

775 2164 838 2226 et
884 2162 992 2225 alii
1038 2161 1341 2236 dixerunt,
1384 2161 1555 2224 illam
1605 2180 1733 2225 esse
1764 2162 1829 2224 in
1877 2162 2160 2244 appetitu
2204 2162 2499 2227 sensitivo
2533 2187 2595 2224 ».

854 2260 1028 2335 558.
1067 2265 1158 2328 Ex
1204 2264 1300 2327 his
1336 2264 1511 2326 facile
1550 2265 1723 2346 patet
1751 2263 1915 2326 ratio
1964 2264 2287 2344 utriusque
2325 2263 2520 2345 partis
2566 2262 2998 2338 resolutionis;
3031 2281 3228 2344 quarn

762 2368 990 2435 clarius
1023 2367 1365 2450 partiemur
1393 2386 1514 2431 non
1549 2386 1658 2449 pro
1692 2365 2086 2430 distinctione
2117 2365 2618 2443 delectationum,
2651 2363 2757 2429 sed
2787 2383 3224 2448 personarum;

767 2471 839 2533 ut
885 2468 1119 2533 scilicet
1166 2468 1564 2550 inspiciamus
1597 2467 1746 2549 quid
1779 2468 2145 2552 coniugibus
2189 2468 2393 2545 liceat,
2435 2466 2578 2549 quid
2614 2467 2828 2531 deinde
2859 2467 3069 2531 viduis
3117 2469 3225 2533 aut

760 2571 1000 2654 sponsis
1047 2591 1156 2635 seu
1201 2570 1444 2635 solutis,

853 2673 1031 2753 Quod
1064 2693 1210 2757 ergo
1245 2674 1323 2737 ad
1352 2675 1644 2759 coniuges
1677 2675 1923 2752 attinet,
1951 2674 2102 2739 dicit
2131 2675 2228 2751 A.‚
2262 2693 2366 2739 eos
2397 2694 2516 2739 non
2550 2694 2816 2759 peccare,
2858 2674 2910 2739 si
2944 2677 3224 2755 appetitu

764 2776 1071 2839 rationali
1115 2775 1495 2840 delectentur
1540 2777 1613 2840 de
1659 2779 1807 2841 actu
1854 2777 2126 2861 coniugii
2174 2779 2287 2840 aut
2331 2776 2664 2860 praeterito
2702 2778 2815 2840 aut
2861 2776 3084 2841 futuro
3117 2778 3223 2841 aut

766 2879 1049 2961 possibili
1094 2883 1374 2962 respectu
1419 2880 1753 2961 compartis
1800 2879 1897 2943 vel
1944 2880 2282 2962 praesentis
2329 2880 2428 2944 vel
2473 2878 2763 2943 absentis,

851 2981 1120 3045 Adverte
1152 2980 1367 3065 igitur,
1402 2982 1505 3065 agi
1538 2981 1610 3044 de
1644 2982 1928 3063 appetitu
1958 2980 2265 3045 rationali
2299 2984 2486 3062 atque
2519 2980 2668 3046 adeo
2692 2980 2767 3045 de
2790 2980 3218 3059 delectatione,

762 3103 953 3167 quam
999 3084 1265 3149 diximus
1310 3084 1683 3147 rationalem
1740 3087 1802 3146 et
1856 3104 2015 3165 quae
2061 3086 2156 3148 est
2201 3084 2504 3166 quaedam
2564 3083 2952 3167 speculativa
3002 3084 3221 3148 obiecti

767 3187 1153 3270 approbatiO,
1205 3189 1275 3251 ut
1320 3187 1499 3271 Lugo
1547 3207 1606 3250 n.
1656 3206 1854 3269 praec.
1894 3187 2155 3251 dicebat.
2203 3186 2473 3251 Licitam
2508 3188 2719 3251 autem
2765 3205 2898 3252 esse
2945 3188 3122 3271 patet
3149 3206 3220 3250 ex

761 3294 1002 3356 ratione
1027 3292 1266 3367 addita;
1296 3310 1441 3354 nam
1464 3289 1673 3354 licitus
1697 3293 1793 3353 est
1816 3294 1993 3354 actus
2010 3309 2156 3375 erga
2183 3290 2492 3354 obiectum
2514 3287 2786 3367 licitum;
2808 3288 3010 3370 atqui.
3036 3288 3218 3373 Ergo.

843 3396 933 3459 At
980 3394 1164 3471 enim,
1214 3413 1323 3456 cur
1367 3394 1442 3456 A.
1492 3412 1614 3457 non
1652 3393 1803 3456 dicit
1839 3392 2076 3456 licitam
2123 3411 2252 3456 esse
2300 3411 2436 3456 eam
2482 3389 2976 3466 delectationem,
3010 3390 3222 3473 prouti

755 3499 1073 3581 postulare
1121 3498 1364 3561 videtur
1395 3499 1557 3563 ratio
1605 3498 1850 3572 addita3
1887 3498 1986 3561 sed
2021 3497 2300 3562 restricte
2347 3497 2516 3573 dicit,
2564 3516 2687 3561 non
2734 3516 2864 3561 esse
2894 3497 3221 3579 peccatum

752 3599 1063 3670 mortale?

850 3702 1036 3785 Resp.
1064 3702 1393 3767 Rationem
1426 3703 1625 3767 reddit
1656 3703 1974 3785 Laymann
2009 3703 2114 3766 lib.
2148 3703 2203 3765 1.
2227 3704 2304 3766 tr.
2334 3704 2394 3765 3.
2420 3721 2551 3784 cap.
2581 3702 2640 3763 6.
2668 3721 2728 3764 n.
2766 3702 2869 3764 12.
2903 3700 3216 3783 inquiens:

760 3832 795 3865 «ι
836 3806 950 3870 Est
997 3808 1206 3870 tamen
1253 3809 1572 3888 peccatum
1620 3806 1877 3879 veniale,
1918 3806 2121 3887 inquit
2156 3804 2512 3879 CaietanuS,
2551 3825 2693 3869 cum
2738 3823 2847 3868 nec
2885 3805 3218 3868 necessitas

752 3929 863 3974 nec
897 3908 1097 3992 pietas
1138 3907 1327 3972 talem
1359 3908 1582 3972 mentis
1623 3908 2087 3991 occupationem
2125 3908 2385 3973 suadeat
2417 3934 2476 3970 ».

851 4011 1087 4075 Verum
1118 4011 1267 4074 haec
1298 4010 1505 4074 minus
1530 4011 1670 4093 apte
1696 4030 1732 4073 a
1755 4011 2079 4095 Laymann
2104 4011 2447 4088 adduntur3
2483 4010 2627 4093 quia
2659 4009 2861 4092 reipsa
2886 4009 3050 4075 falso
3085 4030 3216 4093 sup-

753 4115 1030 4196 ponitur,
1065 4111 1433 4176 Caietanum
1464 4113 1614 4177 haec
1650 4113 1723 4176 de
1755 4113 2160 4179 delectatione
2207 4133 2371 4178 mere
2415 4111 2709 4177 rationali
2738 4112 3213 4195 pronunciasse3

760 4215 1042 4297 quinimo
1090 4216 1414 4279 contextus
1452 4215 1798 4298 persuadet,
1840 4216 1989 4280 haec
2025 4216 2188 4279 dicta
2229 4215 2306 4279 ab
2344 4235 2413 4281 eo
2453 4215 2643 4280 fuisse
2688 4215 2760 4278 de
2807 4213 3216 4279 delectatione

755 4317 1147 4398 amplissimo
1174 4336 1355 4380 sensu
1380 4318 1649 4400 accepta.
1683 4344 1717 4375 «
1738 4317 1850 4381 Vir
1874 4319 2153 4402 cogitans
2178 4317 2409 4399 (inquit
2433 4317 2510 4381 V.
2527 4314 2907 4400 Delectatio)
2932 4317 3010 4381 de
3035 4335 3215 4382 uxore

751 4418 1007 4481 absente
1055 4421 1117 4483 et
1163 4423 1310 4483 actu
1356 4420 1627 4505 coniugii
1674 4424 1736 4485 et
1785 4421 2132 4486 voluntarie
2166 4421 2506 4485 delectatus
2553 4420 2626 4484 de
2671 4420 2801 4497 illo,
2836 4439 2963 4484 non
3003 4420 3213 4484 incidit

755 4521 818 4583 in
876 4539 1157 4585 morosae
1204 4522 1629 4587 delectationis
1677 4523 1938 4599 crimen,
1989 4524 2134 4605 quia
2183 4524 2254 4588 de
2303 4526 2447 4588 actu
2494 4523 2612 4587 sibi
2655 4522 2828 4613 licito
2878 4524 3034 4587 tunc
3064 4523 3216 4588 dele-
