<?xml version="1.0" encoding="UTF-8"?>
<!DOCTYPE html PUBLIC "-//W3C//DTD XHTML 1.0 Transitional//EN"
    "http://www.w3.org/TR/xhtml1/DTD/xhtml1-transitional.dtd">
<html xmlns="http://www.w3.org/1999/xhtml" xml:lang="en" lang="en">
 <head>
  <title>
</title>
<meta http-equiv="Content-Type" content="text/html;charset=utf-8" />
  <meta name='ocr-system' content='tesseract 3.04.00' />
  <meta name='ocr-capabilities' content='ocr_page ocr_carea ocr_par ocr_line ocrx_word'/>
</head>
<body>
  <div class='ocr_page' id='page_1' title='image "./opustheologicum00palmgoog/opustheologicum00palmgoog_0511.png"; bbox 0 0 3529 5158; ppageno 0'>
   <div class='ocr_carea' id='block_1_1' title="bbox 684 347 3162 437">
    <p class='ocr_par' dir='ltr' id='par_1_1' title="bbox 684 347 3162 437">
     <span class='ocr_line' id='line_1_1' title="bbox 684 347 3162 437; baseline -0.005 -23"><span class='ocrx_word' id='word_1_1' title='bbox 684 359 793 414; x_wconf 74' lang='lat'><strong>418</strong></span> <span class='ocrx_word' id='word_1_2' title='bbox 1005 424 1016 437; x_wconf 19' lang='grc' dir='ltr'>ἢ</span> <span class='ocrx_word' id='word_1_3' title='bbox 1201 367 1412 409; x_wconf 72' lang='lat' dir='ltr'><strong>ram-r.</strong></span> <span class='ocrx_word' id='word_1_4' title='bbox 1450 366 1539 406; x_wconf 80' lang='grc' dir='ltr'><strong>ιιι.</strong></span> <span class='ocrx_word' id='word_1_5' title='bbox 1579 365 1664 405; x_wconf 73' lang='lat' dir='ltr'><strong>nn</strong></span> <span class='ocrx_word' id='word_1_6' title='bbox 1702 362 1984 406; x_wconf 69' lang='lat' dir='ltr'><strong>nmmos.</strong></span> <span class='ocrx_word' id='word_1_7' title='bbox 2023 362 2227 405; x_wconf 66' lang='lat' dir='ltr'><strong>carm·</strong></span> <span class='ocrx_word' id='word_1_8' title='bbox 2260 363 2343 403; x_wconf 77' lang='grc' dir='ltr'><strong>ιν.</strong></span> <span class='ocrx_word' id='word_1_9' title='bbox 2381 362 2524 404; x_wconf 81' lang='lat' dir='ltr'><strong>nun.</strong></span> <span class='ocrx_word' id='word_1_10' title='bbox 2566 362 2646 401; x_wconf 74' lang='grc' dir='ltr'><strong>ιν.</strong></span> <span class='ocrx_word' id='word_1_11' title='bbox 3017 347 3162 422; x_wconf 78' lang='lat'>[432]</span> 
     </span>
    </p>
   </div>
   <div class='ocr_carea' id='block_1_2' title="bbox 688 458 3162 861">
    <p class='ocr_par' dir='ltr' id='par_1_2' title="bbox 688 458 3162 861">
     <span class='ocr_line' id='line_1_2' title="bbox 689 458 3162 541; baseline -0.004 -8"><span class='ocrx_word' id='word_1_12' title='bbox 689 469 977 535; x_wconf 89' lang='lat' dir='ltr'><strong>irritatur</strong></span> <span class='ocrx_word' id='word_1_13' title='bbox 1006 464 1482 531; x_wconf 75' lang='lat' dir='ltr'><strong>matrimonium</strong></span> <span class='ocrx_word' id='word_1_14' title='bbox 1505 463 1678 527; x_wconf 88' lang='lat' dir='ltr'><strong>metu</strong></span> <span class='ocrx_word' id='word_1_15' title='bbox 1711 461 2122 526; x_wconf 89' lang='lat' dir='ltr'><strong>contractum.</strong></span> <span class='ocrx_word' id='word_1_16' title='bbox 2148 458 2559 541; x_wconf 78' lang='lat' dir='ltr'>Prosequitur</span> <span class='ocrx_word' id='word_1_17' title='bbox 2587 478 2637 523; x_wconf 79' lang='lat' dir='ltr'><strong>e.</strong></span> <span class='ocrx_word' id='word_1_18' title='bbox 2665 459 2934 523; x_wconf 89' lang='lat' dir='ltr'><strong>Doctor:</strong></span> <span class='ocrx_word' id='word_1_19' title='bbox 2977 484 3011 517; x_wconf 86' lang='lat'><strong>‹</strong></span> <span class='ocrx_word' id='word_1_20' title='bbox 3044 458 3162 523; x_wconf 89' lang='lat' dir='ltr'><strong>Ob-</strong></span> 
     </span>
     <span class='ocr_line' id='line_1_3' title="bbox 689 560 3156 648; baseline -0.004 -12"><span class='ocrx_word' id='word_1_21' title='bbox 689 571 887 636; x_wconf 88' lang='lat' dir='ltr'><strong>tentio</strong></span> <span class='ocrx_word' id='word_1_22' title='bbox 935 569 1147 634; x_wconf 89' lang='lat' dir='ltr'><strong>autem</strong></span> <span class='ocrx_word' id='word_1_23' title='bbox 1193 566 1340 631; x_wconf 81' lang='lat' dir='ltr'><strong>talis</strong></span> <span class='ocrx_word' id='word_1_24' title='bbox 1393 563 1871 648; x_wconf 85' lang='lat' dir='ltr'><strong>dispensationis</strong></span> <span class='ocrx_word' id='word_1_25' title='bbox 1931 563 2029 628; x_wconf 89' lang='lat' dir='ltr'><strong>est</strong></span> <span class='ocrx_word' id='word_1_26' title='bbox 2087 562 2279 627; x_wconf 89' lang='lat' dir='ltr'><strong>etiam</strong></span> <span class='ocrx_word' id='word_1_27' title='bbox 2325 561 2519 639; x_wconf 87' lang='lat' dir='ltr'><strong>licita,</strong></span> <span class='ocrx_word' id='word_1_28' title='bbox 2570 561 2623 625; x_wconf 91' lang='lat' dir='ltr'><strong>si</strong></span> <span class='ocrx_word' id='word_1_29' title='bbox 2667 560 2831 624; x_wconf 89' lang='lat' dir='ltr'><strong>iuste</strong></span> <span class='ocrx_word' id='word_1_30' title='bbox 2879 560 3156 643; x_wconf 89' lang='lat' dir='ltr'><strong>praelato</strong></span> 
     </span>
     <span class='ocr_line' id='line_1_4' title="bbox 688 663 3160 754; baseline -0.005 -15"><span class='ocrx_word' id='word_1_31' title='bbox 688 675 895 740; x_wconf 90' lang='lat' dir='ltr'><strong>metus</strong></span> <span class='ocrx_word' id='word_1_32' title='bbox 920 671 1215 747; x_wconf 89' lang='lat' dir='ltr'><strong>iniicitur,</strong></span> <span class='ocrx_word' id='word_1_33' title='bbox 1249 691 1307 734; x_wconf 87' lang='lat' dir='ltr'><strong>v.</strong></span> <span class='ocrx_word' id='word_1_34' title='bbox 1341 690 1435 754; x_wconf 91' lang='lat' dir='ltr'><strong>gr.</strong></span> <span class='ocrx_word' id='word_1_35' title='bbox 1469 669 1521 732; x_wconf 92' lang='lat' dir='ltr'><strong>si</strong></span> <span class='ocrx_word' id='word_1_36' title='bbox 1553 667 1843 732; x_wconf 88' lang='lat' dir='ltr'><strong>subditus</strong></span> <span class='ocrx_word' id='word_1_37' title='bbox 1873 666 2164 741; x_wconf 75' lang='lat' dir='ltr'><strong>minetur,</strong></span> <span class='ocrx_word' id='word_1_38' title='bbox 2198 684 2265 728; x_wconf 89' lang='lat' dir='ltr'><strong>se</strong></span> <span class='ocrx_word' id='word_1_39' title='bbox 2308 665 2796 746; x_wconf 76' lang='lat' dir='ltr'><strong>conquesturimi</strong></span> <span class='ocrx_word' id='word_1_40' title='bbox 2843 663 3007 745; x_wconf 90' lang='lat' dir='ltr'><strong>apud</strong></span> <span class='ocrx_word' id='word_1_41' title='bbox 3056 682 3160 728; x_wconf 89' lang='lat' dir='ltr'><strong>su-</strong></span> 
     </span>
     <span class='ocr_line' id='line_1_5' title="bbox 690 765 3159 861; baseline -0.004 -20"><span class='ocrx_word' id='word_1_42' title='bbox 690 795 974 861; x_wconf 85' lang='lat' dir='ltr'><strong>premum</strong></span> <span class='ocrx_word' id='word_1_43' title='bbox 1019 774 1417 857; x_wconf 89' lang='lat' dir='ltr'><strong>superiorem,</strong></span> <span class='ocrx_word' id='word_1_44' title='bbox 1451 771 1550 836; x_wconf 89' lang='lat' dir='ltr'><strong>vel</strong></span> <span class='ocrx_word' id='word_1_45' title='bbox 1579 770 1816 835; x_wconf 89' lang='lat' dir='ltr'><strong>iustam</strong></span> <span class='ocrx_word' id='word_1_46' title='bbox 1861 768 2319 834; x_wconf 79' lang='lat' dir='ltr'><strong>accusationem</strong></span> <span class='ocrx_word' id='word_1_47' title='bbox 2362 767 2645 831; x_wconf 88' lang='lat' dir='ltr'><strong>laturum</strong></span> <span class='ocrx_word' id='word_1_48' title='bbox 2676 766 2754 829; x_wconf 90' lang='lat' dir='ltr'><strong>ab</strong></span> <span class='ocrx_word' id='word_1_49' title='bbox 2801 765 3013 847; x_wconf 86' lang='lat' dir='ltr'><strong>aliquo</strong></span> <span class='ocrx_word' id='word_1_50' title='bbox 3046 785 3159 831; x_wconf 90' lang='lat' dir='ltr'><strong>suo</strong></span> 
     </span>
    </p>
   </div>
   <div class='ocr_carea' id='block_1_3' title="bbox 687 868 3251 952">
    <p class='ocr_par' dir='ltr' id='par_1_3' title="bbox 687 868 3251 952">
     <span class='ocr_line' id='line_1_6' title="bbox 687 868 3251 952; baseline -0.005 -6"><span class='ocrx_word' id='word_1_51' title='bbox 687 880 964 946; x_wconf 88' lang='lat' dir='ltr'><strong>crimine.</strong></span> <span class='ocrx_word' id='word_1_52' title='bbox 1003 878 1234 942; x_wconf 88' lang='lat' dir='ltr'><strong>Illicita</strong></span> <span class='ocrx_word' id='word_1_53' title='bbox 1258 877 1470 941; x_wconf 82' lang='lat' dir='ltr'><strong>autem</strong></span> <span class='ocrx_word' id='word_1_54' title='bbox 1495 876 1657 939; x_wconf 88' lang='lat' dir='ltr'><strong>esset</strong></span> <span class='ocrx_word' id='word_1_55' title='bbox 1686 874 1739 939; x_wconf 91' lang='lat' dir='ltr'><strong>si</strong></span> <span class='ocrx_word' id='word_1_56' title='bbox 1770 874 1976 937; x_wconf 90' lang='lat' dir='ltr'><strong>metus</strong></span> <span class='ocrx_word' id='word_1_57' title='bbox 2007 872 2092 936; x_wconf 89' lang='lat' dir='ltr'><strong>sit</strong></span> <span class='ocrx_word' id='word_1_58' title='bbox 2127 872 2431 947; x_wconf 86' lang='lat' dir='ltr'><strong>iniustus;</strong></span> <span class='ocrx_word' id='word_1_59' title='bbox 2473 870 2746 951; x_wconf 82' lang='lat' dir='ltr'><strong>adeoque</strong></span> <span class='ocrx_word' id='word_1_60' title='bbox 2778 868 3158 952; x_wconf 78' lang='lat' dir='ltr'><strong>dispensatio</strong></span> <span class='ocrx_word' id='word_1_61' title='bbox 3248 932 3251 933; x_wconf 8' lang='lat' dir='ltr'><strong>a</strong></span> 
     </span>
    </p>
   </div>
   <div class='ocr_carea' id='block_1_4' title="bbox 676 971 3164 4654">
    <p class='ocr_par' dir='ltr' id='par_1_4' title="bbox 688 971 3160 1365">
     <span class='ocr_line' id='line_1_7' title="bbox 690 971 3159 1065; baseline -0.005 -17"><span class='ocrx_word' id='word_1_62' title='bbox 690 986 841 1047; x_wconf 90' lang='lat' dir='ltr'><strong>tunc</strong></span> <span class='ocrx_word' id='word_1_63' title='bbox 887 981 1095 1065; x_wconf 90' lang='lat' dir='ltr'><strong>posset</strong></span> <span class='ocrx_word' id='word_1_64' title='bbox 1141 997 1250 1062; x_wconf 92' lang='lat' dir='ltr'><strong>pro</strong></span> <span class='ocrx_word' id='word_1_65' title='bbox 1281 978 1483 1042; x_wconf 91' lang='lat' dir='ltr'><strong>lubito</strong></span> <span class='ocrx_word' id='word_1_66' title='bbox 1516 997 1553 1040; x_wconf 87' lang='lat' dir='ltr'><strong>a</strong></span> <span class='ocrx_word' id='word_1_67' title='bbox 1584 976 1898 1059; x_wconf 83' lang='lat' dir='ltr'><strong>superiore</strong></span> <span class='ocrx_word' id='word_1_68' title='bbox 1928 977 2145 1058; x_wconf 89' lang='lat' dir='ltr'><strong>postea</strong></span> <span class='ocrx_word' id='word_1_69' title='bbox 2191 973 2466 1038; x_wconf 83' lang='lat' dir='ltr'><strong>revocari</strong></span> <span class='ocrx_word' id='word_1_70' title='bbox 2497 972 2647 1056; x_wconf 89' lang='lat' dir='ltr'><strong>(nisi</strong></span> <span class='ocrx_word' id='word_1_71' title='bbox 2693 972 2904 1036; x_wconf 90' lang='lat' dir='ltr'><strong>tamen</strong></span> <span class='ocrx_word' id='word_1_72' title='bbox 2950 971 3159 1036; x_wconf 87' lang='lat' dir='ltr'><strong>debita</strong></span> 
     </span>
     <span class='ocr_line' id='line_1_8' title="bbox 688 1073 3160 1167; baseline -0.005 -17"><span class='ocrx_word' id='word_1_73' title='bbox 688 1085 897 1167; x_wconf 87' lang='lat' dir='ltr'><strong>foret).</strong></span> <span class='ocrx_word' id='word_1_74' title='bbox 933 1080 1191 1161; x_wconf 81' lang='lat' dir='ltr'><strong>Quando</strong></span> <span class='ocrx_word' id='word_1_75' title='bbox 1218 1098 1362 1144; x_wconf 88' lang='lat' dir='ltr'><strong>vero</strong></span> <span class='ocrx_word' id='word_1_76' title='bbox 1401 1079 1699 1161; x_wconf 83' lang='lat' dir='ltr'><strong>superior,</strong></span> <span class='ocrx_word' id='word_1_77' title='bbox 1725 1079 1901 1141; x_wconf 92' lang='lat' dir='ltr'><strong>metu</strong></span> <span class='ocrx_word' id='word_1_78' title='bbox 1932 1077 2204 1154; x_wconf 87' lang='lat' dir='ltr'><strong>coactus,</strong></span> <span class='ocrx_word' id='word_1_79' title='bbox 2239 1076 2441 1140; x_wconf 85' lang='lat' dir='ltr'><strong>verbis</strong></span> <span class='ocrx_word' id='word_1_80' title='bbox 2480 1076 2732 1139; x_wconf 90' lang='lat' dir='ltr'><strong>tantum</strong></span> <span class='ocrx_word' id='word_1_81' title='bbox 2761 1073 3045 1138; x_wconf 90' lang='lat' dir='ltr'><strong>concedit</strong></span> <span class='ocrx_word' id='word_1_82' title='bbox 3072 1074 3160 1138; x_wconf 88' lang='lat' dir='ltr'><strong>di-</strong></span> 
     </span>
     <span class='ocr_line' id='line_1_9' title="bbox 690 1175 3154 1269; baseline -0.004 -19"><span class='ocrx_word' id='word_1_83' title='bbox 690 1184 1167 1269; x_wconf 87' lang='lat' dir='ltr'><strong>spensationem,</strong></span> <span class='ocrx_word' id='word_1_84' title='bbox 1215 1200 1337 1247; x_wconf 93' lang='lat' dir='ltr'><strong>non</strong></span> <span class='ocrx_word' id='word_1_85' title='bbox 1371 1181 1584 1244; x_wconf 91' lang='lat' dir='ltr'><strong>autem</strong></span> <span class='ocrx_word' id='word_1_86' title='bbox 1629 1181 1858 1256; x_wconf 84' lang='lat' dir='ltr'><strong>anime,</strong></span> <span class='ocrx_word' id='word_1_87' title='bbox 1893 1181 2044 1243; x_wconf 86' lang='lat' dir='ltr'><strong>tunc</strong></span> <span class='ocrx_word' id='word_1_88' title='bbox 2073 1180 2238 1243; x_wconf 90' lang='lat' dir='ltr'><strong>certe</strong></span> <span class='ocrx_word' id='word_1_89' title='bbox 2281 1179 2419 1262; x_wconf 89' lang='lat' dir='ltr'><strong>ipsa</strong></span> <span class='ocrx_word' id='word_1_90' title='bbox 2449 1179 2547 1243; x_wconf 92' lang='lat' dir='ltr'><strong>est</strong></span> <span class='ocrx_word' id='word_1_91' title='bbox 2574 1178 2771 1243; x_wconf 90' lang='lat' dir='ltr'><strong>nulla.</strong></span> <span class='ocrx_word' id='word_1_92' title='bbox 2804 1175 3154 1257; x_wconf 85' lang='lat' dir='ltr'><strong>Caeterum,</strong></span> 
     </span>
     <span class='ocr_line' id='line_1_10' title="bbox 690 1280 2798 1365; baseline -0.003 -14"><span class='ocrx_word' id='word_1_93' title='bbox 690 1288 809 1351; x_wconf 91' lang='lat' dir='ltr'><strong>nisi</strong></span> <span class='ocrx_word' id='word_1_94' title='bbox 834 1286 1077 1351; x_wconf 90' lang='lat' dir='ltr'><strong>constet</strong></span> <span class='ocrx_word' id='word_1_95' title='bbox 1107 1283 1373 1348; x_wconf 81' lang='lat' dir='ltr'><strong>defuisse</strong></span> <span class='ocrx_word' id='word_1_96' title='bbox 1404 1283 1702 1359; x_wconf 91' lang='lat' dir='ltr'><strong>animum,</strong></span> <span class='ocrx_word' id='word_1_97' title='bbox 1737 1283 1856 1346; x_wconf 90' lang='lat' dir='ltr'><strong>hoc</strong></span> <span class='ocrx_word' id='word_1_98' title='bbox 1886 1300 2008 1346; x_wconf 90' lang='lat' dir='ltr'><strong>non</strong></span> <span class='ocrx_word' id='word_1_99' title='bbox 2055 1282 2151 1346; x_wconf 90' lang='lat' dir='ltr'><strong>est</strong></span> <span class='ocrx_word' id='word_1_100' title='bbox 2181 1280 2698 1365; x_wconf 88' lang='lat' dir='ltr'><strong>praesumendum</strong></span> <span class='ocrx_word' id='word_1_101' title='bbox 2736 1305 2798 1344; x_wconf 84' lang='lat'><strong>».</strong></span> 
     </span>
    </p>

    <p class='ocr_par' dir='ltr' id='par_1_5' title="bbox 692 1383 3164 1879">
     <span class='ocr_line' id='line_1_11' title="bbox 782 1383 3159 1468; baseline -0.002 -17"><span class='ocrx_word' id='word_1_102' title='bbox 782 1383 966 1457; x_wconf 79' lang='grc'><strong>432.</strong></span> <span class='ocrx_word' id='word_1_103' title='bbox 1000 1385 1219 1466; x_wconf 83' lang='lat' dir='ltr'><strong>Quoad</strong></span> <span class='ocrx_word' id='word_1_104' title='bbox 1252 1386 1514 1450; x_wconf 88' lang='lat' dir='ltr'><strong>alteram</strong></span> <span class='ocrx_word' id='word_1_105' title='bbox 1537 1386 1800 1468; x_wconf 90' lang='lat' dir='ltr'><strong>partem,</strong></span> <span class='ocrx_word' id='word_1_106' title='bbox 1825 1384 1900 1449; x_wconf 90' lang='lat' dir='ltr'><strong>de</strong></span> <span class='ocrx_word' id='word_1_107' title='bbox 1922 1384 2376 1467; x_wconf 86' lang='lat' dir='ltr'><strong>dispensatione</strong></span> <span class='ocrx_word' id='word_1_108' title='bbox 2390 1403 2678 1450; x_wconf 87' lang='lat' dir='ltr'><strong>concessa</strong></span> <span class='ocrx_word' id='word_1_109' title='bbox 2712 1383 2917 1448; x_wconf 78' lang='lat' dir='ltr'><strong>solum</strong></span> <span class='ocrx_word' id='word_1_110' title='bbox 2938 1387 3159 1456; x_wconf 78' lang='lat' dir='ltr'><strong>mente,</strong></span> 
     </span>
     <span class='ocr_line' id='line_1_12' title="bbox 692 1486 3164 1571; baseline -0.002 -17"><span class='ocrx_word' id='word_1_111' title='bbox 692 1509 816 1555; x_wconf 93' lang='lat' dir='ltr'><strong>non</strong></span> <span class='ocrx_word' id='word_1_112' title='bbox 841 1490 1053 1553; x_wconf 81' lang='lat' dir='ltr'><strong>autem</strong></span> <span class='ocrx_word' id='word_1_113' title='bbox 1099 1488 1323 1561; x_wconf 89' lang='lat' dir='ltr'><strong>verbis,</strong></span> <span class='ocrx_word' id='word_1_114' title='bbox 1355 1488 1592 1552; x_wconf 78' lang='lat' dir='ltr'><strong>Auctor</strong></span> <span class='ocrx_word' id='word_1_115' title='bbox 1623 1486 1925 1571; x_wconf 87' lang='lat' dir='ltr'><strong>intelligit</strong></span> <span class='ocrx_word' id='word_1_116' title='bbox 1969 1487 2490 1570; x_wconf 85' lang='lat' dir='ltr'><strong>dispensationem</strong></span> <span class='ocrx_word' id='word_1_117' title='bbox 2539 1488 2810 1564; x_wconf 61' lang='lat' dir='ltr'><strong>ascitam,</strong></span> <span class='ocrx_word' id='word_1_118' title='bbox 2845 1506 3007 1569; x_wconf 89' lang='lat' dir='ltr'><strong>quae</strong></span> <span class='ocrx_word' id='word_1_119' title='bbox 3052 1488 3164 1551; x_wconf 87' lang='lat' dir='ltr'><strong>sci-</strong></span> 
     </span>
     <span class='ocr_line' id='line_1_13' title="bbox 693 1588 3157 1674; baseline -0.002 -17"><span class='ocrx_word' id='word_1_120' title='bbox 693 1592 838 1657; x_wconf 89' lang='lat' dir='ltr'><strong>licet</strong></span> <span class='ocrx_word' id='word_1_121' title='bbox 885 1612 957 1656; x_wconf 84' lang='lat' dir='ltr'><strong>ex</strong></span> <span class='ocrx_word' id='word_1_122' title='bbox 1002 1590 1250 1656; x_wconf 89' lang='lat' dir='ltr'><strong>silentio</strong></span> <span class='ocrx_word' id='word_1_123' title='bbox 1284 1588 1478 1671; x_wconf 89' lang='lat' dir='ltr'><strong>(quod</strong></span> <span class='ocrx_word' id='word_1_124' title='bbox 1524 1590 1621 1653; x_wconf 91' lang='lat' dir='ltr'><strong>est</strong></span> <span class='ocrx_word' id='word_1_125' title='bbox 1665 1589 1979 1671; x_wconf 87' lang='lat' dir='ltr'><strong>quoddam</strong></span> <span class='ocrx_word' id='word_1_126' title='bbox 2024 1589 2291 1673; x_wconf 89' lang='lat' dir='ltr'><strong>factum)</strong></span> <span class='ocrx_word' id='word_1_127' title='bbox 2335 1589 2749 1673; x_wconf 86' lang='lat' dir='ltr'><strong>dispensantis</strong></span> <span class='ocrx_word' id='word_1_128' title='bbox 2794 1590 3157 1674; x_wconf 78' lang='lat' dir='ltr'><strong>colligitur3</strong></span> 
     </span>
     <span class='ocr_line' id='line_1_14' title="bbox 693 1690 3157 1777; baseline -0.001 -18"><span class='ocrx_word' id='word_1_129' title='bbox 693 1695 814 1759; x_wconf 90' lang='lat' dir='ltr'><strong>nisi</strong></span> <span class='ocrx_word' id='word_1_130' title='bbox 851 1694 1014 1758; x_wconf 92' lang='lat' dir='ltr'><strong>enim</strong></span> <span class='ocrx_word' id='word_1_131' title='bbox 1061 1692 1273 1775; x_wconf 90' lang='lat' dir='ltr'><strong>aliquo</strong></span> <span class='ocrx_word' id='word_1_132' title='bbox 1320 1711 1394 1756; x_wconf 82' lang='lat' dir='ltr'><strong>ex</strong></span> <span class='ocrx_word' id='word_1_133' title='bbox 1424 1690 1650 1756; x_wconf 89' lang='lat' dir='ltr'><strong>indicio</strong></span> <span class='ocrx_word' id='word_1_134' title='bbox 1683 1692 2102 1777; x_wconf 87' lang='lat' dir='ltr'><strong>colligeretur,</strong></span> <span class='ocrx_word' id='word_1_135' title='bbox 2153 1692 2396 1757; x_wconf 88' lang='lat' dir='ltr'><strong>inutilis</strong></span> <span class='ocrx_word' id='word_1_136' title='bbox 2450 1695 2613 1758; x_wconf 88' lang='lat' dir='ltr'><strong>esset</strong></span> <span class='ocrx_word' id='word_1_137' title='bbox 2664 1694 2843 1757; x_wconf 88' lang='lat' dir='ltr'><strong>actus</strong></span> <span class='ocrx_word' id='word_1_138' title='bbox 2895 1692 3157 1769; x_wconf 85' lang='lat' dir='ltr'><strong>mentis;</strong></span> 
     </span>
     <span class='ocr_line' id='line_1_15' title="bbox 694 1794 2681 1879; baseline -0.002 -18"><span class='ocrx_word' id='word_1_139' title='bbox 694 1796 841 1879; x_wconf 89' lang='lat' dir='ltr'><strong>quia</strong></span> <span class='ocrx_word' id='word_1_140' title='bbox 880 1796 975 1859; x_wconf 89' lang='lat' dir='ltr'><strong>uti</strong></span> <span class='ocrx_word' id='word_1_141' title='bbox 1007 1814 1187 1861; x_wconf 90' lang='lat' dir='ltr'><strong>nemo</strong></span> <span class='ocrx_word' id='word_1_142' title='bbox 1220 1813 1292 1858; x_wconf 89' lang='lat' dir='ltr'><strong>ea</strong></span> <span class='ocrx_word' id='word_1_143' title='bbox 1330 1794 1807 1876; x_wconf 85' lang='lat' dir='ltr'><strong>dispensatione,</strong></span> <span class='ocrx_word' id='word_1_144' title='bbox 1848 1814 2039 1875; x_wconf 91' lang='lat' dir='ltr'><strong>quam</strong></span> <span class='ocrx_word' id='word_1_145' title='bbox 2069 1813 2191 1860; x_wconf 90' lang='lat' dir='ltr'><strong>non</strong></span> <span class='ocrx_word' id='word_1_146' title='bbox 2223 1795 2417 1874; x_wconf 89' lang='lat' dir='ltr'><strong>novit,</strong></span> <span class='ocrx_word' id='word_1_147' title='bbox 2453 1797 2681 1879; x_wconf 90' lang='lat' dir='ltr'><strong>posset.</strong></span> 
     </span>
    </p>

    <p class='ocr_par' dir='ltr' id='par_1_6' title="bbox 691 1895 3164 2474">
     <span class='ocr_line' id='line_1_16' title="bbox 784 1895 3164 1981; baseline -0 -18"><span class='ocrx_word' id='word_1_148' title='bbox 784 1898 1110 1963; x_wconf 83' lang='lat' dir='ltr'><strong>Sciendum</strong></span> <span class='ocrx_word' id='word_1_149' title='bbox 1143 1916 1311 1981; x_wconf 90' lang='lat' dir='ltr'><strong>ergo,</strong></span> <span class='ocrx_word' id='word_1_150' title='bbox 1351 1896 1654 1979; x_wconf 88' lang='lat' dir='ltr'><strong>distingui</strong></span> <span class='ocrx_word' id='word_1_151' title='bbox 1687 1896 1883 1961; x_wconf 88' lang='lat' dir='ltr'><strong>solere</strong></span> <span class='ocrx_word' id='word_1_152' title='bbox 1929 1895 2452 1980; x_wconf 87' lang='lat' dir='ltr'><strong>dispensationem</strong></span> <span class='ocrx_word' id='word_1_153' title='bbox 2482 1898 2546 1961; x_wconf 91' lang='lat' dir='ltr'><strong>in</strong></span> <span class='ocrx_word' id='word_1_154' title='bbox 2579 1916 2928 1980; x_wconf 85' lang='lat' dir='ltr'><strong>expressam</strong></span> <span class='ocrx_word' id='word_1_155' title='bbox 2975 1899 3164 1980; x_wconf 82' lang='lat' dir='ltr'><strong>(quae</strong></span> 
     </span>
     <span class='ocr_line' id='line_1_17' title="bbox 692 1999 3162 2083; baseline -0 -18"><span class='ocrx_word' id='word_1_156' title='bbox 692 2002 930 2066; x_wconf 84' lang='lat' dir='ltr'><strong>scilicet</strong></span> <span class='ocrx_word' id='word_1_157' title='bbox 973 2001 1238 2083; x_wconf 89' lang='lat' dir='ltr'><strong>propriis</strong></span> <span class='ocrx_word' id='word_1_158' title='bbox 1276 2000 1341 2063; x_wconf 90' lang='lat' dir='ltr'><strong>et</strong></span> <span class='ocrx_word' id='word_1_159' title='bbox 1388 1999 1618 2082; x_wconf 91' lang='lat' dir='ltr'><strong>apertis</strong></span> <span class='ocrx_word' id='word_1_160' title='bbox 1664 1999 1869 2063; x_wconf 85' lang='lat' dir='ltr'><strong>verbis</strong></span> <span class='ocrx_word' id='word_1_161' title='bbox 1923 1999 2308 2083; x_wconf 89' lang='lat' dir='ltr'><strong>conceditur)</strong></span> <span class='ocrx_word' id='word_1_162' title='bbox 2353 2002 2418 2065; x_wconf 91' lang='lat' dir='ltr'><strong>et</strong></span> <span class='ocrx_word' id='word_1_163' title='bbox 2478 1999 2739 2065; x_wconf 83' lang='lat' dir='ltr'><strong>tacitam</strong></span> <span class='ocrx_word' id='word_1_164' title='bbox 2785 1999 2976 2082; x_wconf 91' lang='lat' dir='ltr'><strong>(quae</strong></span> <span class='ocrx_word' id='word_1_165' title='bbox 3024 2001 3162 2065; x_wconf 86' lang='lat' dir='ltr'><strong>aliis</strong></span> 
     </span>
     <span class='ocr_line' id='line_1_18' title="bbox 692 2100 3159 2187; baseline 0 -19"><span class='ocrx_word' id='word_1_166' title='bbox 692 2102 888 2187; x_wconf 86' lang='lat' dir='ltr'><strong>signis</strong></span> <span class='ocrx_word' id='word_1_167' title='bbox 913 2120 1023 2165; x_wconf 89' lang='lat' dir='ltr'><strong>seu</strong></span> <span class='ocrx_word' id='word_1_168' title='bbox 1052 2101 1234 2165; x_wconf 86' lang='lat' dir='ltr'><strong>factis</strong></span> <span class='ocrx_word' id='word_1_169' title='bbox 1263 2100 1621 2184; x_wconf 87' lang='lat' dir='ltr'><strong>indicatur),</strong></span> <span class='ocrx_word' id='word_1_170' title='bbox 1648 2120 1808 2182; x_wconf 90' lang='lat' dir='ltr'><strong>quae</strong></span> <span class='ocrx_word' id='word_1_171' title='bbox 1831 2101 2100 2183; x_wconf 87' lang='lat' dir='ltr'><strong>quidem,</strong></span> <span class='ocrx_word' id='word_1_172' title='bbox 2119 2102 2194 2165; x_wconf 90' lang='lat' dir='ltr'><strong>ut</strong></span> <span class='ocrx_word' id='word_1_173' title='bbox 2217 2102 2423 2184; x_wconf 88' lang='lat' dir='ltr'><strong>inquit</strong></span> <span class='ocrx_word' id='word_1_174' title='bbox 2444 2100 2671 2167; x_wconf 87' lang='lat' dir='ltr'><strong>Suarez</strong></span> <span class='ocrx_word' id='word_1_175' title='bbox 2690 2103 2764 2166; x_wconf 85' lang='lat' dir='ltr'><strong>de</strong></span> <span class='ocrx_word' id='word_1_176' title='bbox 2781 2102 2935 2185; x_wconf 75' lang='lat' dir='ltr'><strong>Ley.</strong></span> <span class='ocrx_word' id='word_1_177' title='bbox 2962 2104 3072 2168; x_wconf 87' lang='lat' dir='ltr'><strong>lib.</strong></span> <span class='ocrx_word' id='word_1_178' title='bbox 3101 2104 3159 2167; x_wconf 80' lang='lat'><strong>6.</strong></span> 
     </span>
     <span class='ocr_line' id='line_1_19' title="bbox 692 2202 3159 2287; baseline 0.001 -19"><span class='ocrx_word' id='word_1_179' title='bbox 692 2223 826 2287; x_wconf 89' lang='lat' dir='ltr'><strong>cap.</strong></span> <span class='ocrx_word' id='word_1_180' title='bbox 874 2204 974 2267; x_wconf 85' lang='lat'><strong>13.</strong></span> <span class='ocrx_word' id='word_1_181' title='bbox 1009 2224 1068 2267; x_wconf 91' lang='lat' dir='ltr'><strong>n.</strong></span> <span class='ocrx_word' id='word_1_182' title='bbox 1109 2204 1210 2266; x_wconf 92' lang='grc'><strong>11.</strong></span> <span class='ocrx_word' id='word_1_183' title='bbox 1252 2227 1287 2261; x_wconf 84' lang='lat'><strong>«</strong></span> <span class='ocrx_word' id='word_1_184' title='bbox 1319 2202 1631 2267; x_wconf 86' lang='lat' dir='ltr'><strong>difficilior</strong></span> <span class='ocrx_word' id='word_1_185' title='bbox 1662 2206 1759 2267; x_wconf 90' lang='lat' dir='ltr'><strong>est</strong></span> <span class='ocrx_word' id='word_1_186' title='bbox 1791 2203 1868 2267; x_wconf 89' lang='lat' dir='ltr'><strong>ad</strong></span> <span class='ocrx_word' id='word_1_187' title='bbox 1916 2204 2378 2287; x_wconf 80' lang='lat' dir='ltr'><strong>explicandum;</strong></span> <span class='ocrx_word' id='word_1_188' title='bbox 2413 2205 2561 2287; x_wconf 91' lang='lat' dir='ltr'><strong>quia</strong></span> <span class='ocrx_word' id='word_1_189' title='bbox 2591 2223 2715 2270; x_wconf 89' lang='lat' dir='ltr'><strong>non</strong></span> <span class='ocrx_word' id='word_1_190' title='bbox 2762 2206 3054 2271; x_wconf 76' lang='lat' dir='ltr'><strong>consistit</strong></span> <span class='ocrx_word' id='word_1_191' title='bbox 3099 2208 3159 2271; x_wconf 92' lang='lat' dir='ltr'><strong>in</strong></span> 
     </span>
     <span class='ocr_line' id='line_1_20' title="bbox 691 2304 3163 2390; baseline 0.002 -20"><span class='ocrx_word' id='word_1_192' title='bbox 691 2306 906 2389; x_wconf 86' lang='lat' dir='ltr'><strong>aperta</strong></span> <span class='ocrx_word' id='word_1_193' title='bbox 944 2304 1395 2390; x_wconf 85' lang='lat' dir='ltr'><strong>significatione</strong></span> <span class='ocrx_word' id='word_1_194' title='bbox 1425 2306 1793 2383; x_wconf 83' lang='lat' dir='ltr'><strong>voluntatis,</strong></span> <span class='ocrx_word' id='word_1_195' title='bbox 1813 2305 1920 2370; x_wconf 91' lang='lat' dir='ltr'><strong>sed</strong></span> <span class='ocrx_word' id='word_1_196' title='bbox 1944 2306 2192 2370; x_wconf 89' lang='lat' dir='ltr'><strong>tantum</strong></span> <span class='ocrx_word' id='word_1_197' title='bbox 2220 2306 2288 2370; x_wconf 91' lang='lat' dir='ltr'><strong>in</strong></span> <span class='ocrx_word' id='word_1_198' title='bbox 2298 2311 2730 2387; x_wconf 76' lang='lat' dir='ltr'><strong>praesumpta,</strong></span> <span class='ocrx_word' id='word_1_199' title='bbox 2757 2326 2919 2389; x_wconf 87' lang='lat' dir='ltr'><strong>quae</strong></span> <span class='ocrx_word' id='word_1_200' title='bbox 2953 2309 3163 2374; x_wconf 85' lang='lat' dir='ltr'><strong>obscu-</strong></span> 
     </span>
     <span class='ocr_line' id='line_1_21' title="bbox 691 2410 1036 2474; baseline -0.003 -1"><span class='ocrx_word' id='word_1_201' title='bbox 691 2410 824 2474; x_wconf 87' lang='lat' dir='ltr'><strong>rior</strong></span> <span class='ocrx_word' id='word_1_202' title='bbox 850 2410 948 2473; x_wconf 86' lang='lat' dir='ltr'><strong>est</strong></span> <span class='ocrx_word' id='word_1_203' title='bbox 975 2434 1036 2472; x_wconf 80' lang='grc'><strong>».</strong></span> 
     </span>
    </p>

    <p class='ocr_par' dir='ltr' id='par_1_7' title="bbox 691 2511 3161 3002">
     <span class='ocr_line' id='line_1_22' title="bbox 777 2511 3160 2596; baseline 0.002 -21"><span class='ocrx_word' id='word_1_204' title='bbox 777 2511 952 2576; x_wconf 88' lang='lat' dir='ltr'><strong>Licet</strong></span> <span class='ocrx_word' id='word_1_205' title='bbox 997 2530 1180 2596; x_wconf 89' lang='lat' dir='ltr'><strong>porro</strong></span> <span class='ocrx_word' id='word_1_206' title='bbox 1229 2511 1483 2593; x_wconf 83' lang='lat' dir='ltr'><strong>quidam</strong></span> <span class='ocrx_word' id='word_1_207' title='bbox 1529 2511 1687 2575; x_wconf 89' lang='lat' dir='ltr'><strong>hanc</strong></span> <span class='ocrx_word' id='word_1_208' title='bbox 1734 2512 2067 2577; x_wconf 87' lang='lat' dir='ltr'><strong>secundam</strong></span> <span class='ocrx_word' id='word_1_209' title='bbox 2112 2531 2237 2577; x_wconf 89' lang='lat' dir='ltr'><strong>uon</strong></span> <span class='ocrx_word' id='word_1_210' title='bbox 2300 2512 2679 2592; x_wconf 88' lang='lat' dir='ltr'><strong>admiserint,</strong></span> <span class='ocrx_word' id='word_1_211' title='bbox 2747 2517 3160 2582; x_wconf 88' lang='lat' dir='ltr'><strong>communiter</strong></span> 
     </span>
     <span class='ocr_line' id='line_1_23' title="bbox 692 2614 3161 2701; baseline 0.002 -21"><span class='ocrx_word' id='word_1_212' title='bbox 692 2618 904 2681; x_wconf 86' lang='lat' dir='ltr'><strong>tamen</strong></span> <span class='ocrx_word' id='word_1_213' title='bbox 952 2632 1164 2678; x_wconf 86' lang='lat' dir='ltr'><strong>omnes</strong></span> <span class='ocrx_word' id='word_1_214' title='bbox 1210 2615 1328 2678; x_wconf 87' lang='lat' dir='ltr'><strong>hoc</strong></span> <span class='ocrx_word' id='word_1_215' title='bbox 1364 2614 1841 2696; x_wconf 87' lang='lat' dir='ltr'><strong>dispensationis</strong></span> <span class='ocrx_word' id='word_1_216' title='bbox 1887 2634 2084 2700; x_wconf 90' lang='lat' dir='ltr'><strong>genus</strong></span> <span class='ocrx_word' id='word_1_217' title='bbox 2122 2617 2458 2682; x_wconf 89' lang='lat' dir='ltr'><strong>autumant</strong></span> <span class='ocrx_word' id='word_1_218' title='bbox 2487 2619 2551 2682; x_wconf 91' lang='lat' dir='ltr'><strong>et</strong></span> <span class='ocrx_word' id='word_1_219' title='bbox 2597 2619 2889 2701; x_wconf 89' lang='lat' dir='ltr'><strong>possibile</strong></span> <span class='ocrx_word' id='word_1_220' title='bbox 2936 2639 3071 2684; x_wconf 87' lang='lat' dir='ltr'><strong>esse</strong></span> <span class='ocrx_word' id='word_1_221' title='bbox 3102 2622 3161 2684; x_wconf 89' lang='lat' dir='ltr'><strong>et</strong></span> 
     </span>
     <span class='ocr_line' id='line_1_24' title="bbox 691 2715 3160 2807; baseline 0.003 -26"><span class='ocrx_word' id='word_1_222' title='bbox 691 2716 1003 2781; x_wconf 88' lang='lat' dir='ltr'><strong>sufficiens</strong></span> <span class='ocrx_word' id='word_1_223' title='bbox 1050 2715 1114 2780; x_wconf 91' lang='lat' dir='ltr'><strong>et</strong></span> <span class='ocrx_word' id='word_1_224' title='bbox 1158 2716 1377 2779; x_wconf 90' lang='lat' dir='ltr'><strong>contra</strong></span> <span class='ocrx_word' id='word_1_225' title='bbox 1423 2717 1745 2797; x_wconf 90' lang='lat' dir='ltr'><strong>quosdam,</strong></span> <span class='ocrx_word' id='word_1_226' title='bbox 1781 2718 1891 2799; x_wconf 92' lang='lat' dir='ltr'><strong>qui</strong></span> <span class='ocrx_word' id='word_1_227' title='bbox 1952 2719 2111 2782; x_wconf 90' lang='lat' dir='ltr'><strong>hanc</strong></span> <span class='ocrx_word' id='word_1_228' title='bbox 2155 2719 2218 2782; x_wconf 90' lang='lat' dir='ltr'><strong>in</strong></span> <span class='ocrx_word' id='word_1_229' title='bbox 2267 2720 2399 2784; x_wconf 89' lang='lat' dir='ltr'><strong>solo</strong></span> <span class='ocrx_word' id='word_1_230' title='bbox 2468 2738 2756 2804; x_wconf 86' lang='lat' dir='ltr'><strong>supremo</strong></span> <span class='ocrx_word' id='word_1_231' title='bbox 2801 2722 3160 2807; x_wconf 86' lang='lat' dir='ltr'><strong>legislatore</strong></span> 
     </span>
     <span class='ocr_line' id='line_1_25' title="bbox 693 2816 3161 2909; baseline 0.004 -28"><span class='ocrx_word' id='word_1_232' title='bbox 693 2816 1128 2894; x_wconf 89' lang='lat' dir='ltr'><strong>admittebant,</strong></span> <span class='ocrx_word' id='word_1_233' title='bbox 1169 2817 1443 2900; x_wconf 90' lang='lat' dir='ltr'><strong>plerique</strong></span> <span class='ocrx_word' id='word_1_234' title='bbox 1467 2819 1881 2883; x_wconf 88' lang='lat' dir='ltr'><strong>indifferenter</strong></span> <span class='ocrx_word' id='word_1_235' title='bbox 1917 2840 2055 2884; x_wconf 90' lang='lat' dir='ltr'><strong>eam</strong></span> <span class='ocrx_word' id='word_1_236' title='bbox 2084 2821 2293 2886; x_wconf 92' lang='lat' dir='ltr'><strong>locum</strong></span> <span class='ocrx_word' id='word_1_237' title='bbox 2316 2823 2540 2888; x_wconf 90' lang='lat' dir='ltr'><strong>habere</strong></span> <span class='ocrx_word' id='word_1_238' title='bbox 2570 2843 2749 2907; x_wconf 88' lang='lat' dir='ltr'><strong>posse</strong></span> <span class='ocrx_word' id='word_1_239' title='bbox 2779 2827 2845 2891; x_wconf 90' lang='lat' dir='ltr'><strong>in</strong></span> <span class='ocrx_word' id='word_1_240' title='bbox 2881 2827 3161 2909; x_wconf 88' lang='lat' dir='ltr'><strong>quolibet</strong></span> 
     </span>
     <span class='ocr_line' id='line_1_26' title="bbox 693 2918 2153 3002; baseline 0.001 -18"><span class='ocrx_word' id='word_1_241' title='bbox 693 2919 1087 3002; x_wconf 88' lang='lat' dir='ltr'><strong>dispensante</strong></span> <span class='ocrx_word' id='word_1_242' title='bbox 1117 2921 1385 2984; x_wconf 88' lang='lat' dir='ltr'><strong>censent.</strong></span> <span class='ocrx_word' id='word_1_243' title='bbox 1412 2918 1590 2984; x_wconf 89' lang='lat' dir='ltr'><strong>Suar.</strong></span> <span class='ocrx_word' id='word_1_244' title='bbox 1631 2920 1781 2984; x_wconf 86' lang='lat' dir='ltr'><strong>ibid.</strong></span> <span class='ocrx_word' id='word_1_245' title='bbox 1815 2941 1874 2984; x_wconf 90' lang='lat' dir='ltr'><strong>n.</strong></span> <span class='ocrx_word' id='word_1_246' title='bbox 1915 2923 2153 2986; x_wconf 83' lang='grc'><strong>11.-13.</strong></span> 
     </span>
    </p>

    <p class='ocr_par' dir='ltr' id='par_1_8' title="bbox 676 3016 3161 4434">
     <span class='ocr_line' id='line_1_27' title="bbox 779 3016 3158 3107; baseline 0.002 -16"><span class='ocrx_word' id='word_1_247' title='bbox 779 3016 961 3091; x_wconf 76' lang='lat'><strong>433.</strong></span> <span class='ocrx_word' id='word_1_248' title='bbox 998 3022 1139 3087; x_wconf 92' lang='lat' dir='ltr'><strong>Duo</strong></span> <span class='ocrx_word' id='word_1_249' title='bbox 1166 3023 1378 3087; x_wconf 82' lang='lat' dir='ltr'><strong>autem</strong></span> <span class='ocrx_word' id='word_1_250' title='bbox 1409 3023 1577 3087; x_wconf 90' lang='lat' dir='ltr'><strong>modi</strong></span> <span class='ocrx_word' id='word_1_251' title='bbox 1614 3022 2092 3107; x_wconf 73' lang='lat' dir='ltr'><strong>dispensationis</strong></span> <span class='ocrx_word' id='word_1_252' title='bbox 2124 3027 2311 3091; x_wconf 89' lang='lat' dir='ltr'><strong>huius</strong></span> <span class='ocrx_word' id='word_1_253' title='bbox 2344 3029 2572 3093; x_wconf 87' lang='lat' dir='ltr'><strong>tacitae</strong></span> <span class='ocrx_word' id='word_1_254' title='bbox 2596 3032 2942 3095; x_wconf 90' lang='lat' dir='ltr'><strong>censentur.</strong></span> <span class='ocrx_word' id='word_1_255' title='bbox 2985 3032 3158 3098; x_wconf 85' lang='lat' dir='ltr'><strong>Unus</strong></span> 
     </span>
     <span class='ocr_line' id='line_1_28' title="bbox 690 3125 3152 3215; baseline 0.004 -25"><span class='ocrx_word' id='word_1_256' title='bbox 690 3126 787 3190; x_wconf 89' lang='lat' dir='ltr'><strong>est</strong></span> <span class='ocrx_word' id='word_1_257' title='bbox 831 3144 939 3208; x_wconf 89' lang='lat' dir='ltr'><strong>per</strong></span> <span class='ocrx_word' id='word_1_258' title='bbox 985 3125 1307 3190; x_wconf 83' lang='lat' dir='ltr'><strong>scientiam</strong></span> <span class='ocrx_word' id='word_1_259' title='bbox 1354 3127 1418 3190; x_wconf 91' lang='lat' dir='ltr'><strong>et</strong></span> <span class='ocrx_word' id='word_1_260' title='bbox 1465 3125 1836 3208; x_wconf 87' lang='lat' dir='ltr'><strong>patientiam</strong></span> <span class='ocrx_word' id='word_1_261' title='bbox 1880 3129 2146 3210; x_wconf 75' lang='lat' dir='ltr'><strong>praelati</strong></span> <span class='ocrx_word' id='word_1_262' title='bbox 2192 3130 2651 3210; x_wconf 70' lang='lat' dir='ltr'><strong>rationabilem,</strong></span> <span class='ocrx_word' id='word_1_263' title='bbox 2708 3134 2957 3215; x_wconf 85' lang='lat' dir='ltr'><strong>quando</strong></span> <span class='ocrx_word' id='word_1_264' title='bbox 3005 3136 3152 3206; x_wconf 79' lang='lat' dir='ltr'><strong>scil..</strong></span> 
     </span>
     <span class='ocr_line' id='line_1_29' title="bbox 690 3228 3153 3319; baseline 0.004 -28"><span class='ocrx_word' id='word_1_265' title='bbox 690 3228 969 3310; x_wconf 85' lang='lat' dir='ltr'><strong>praelato</strong></span> <span class='ocrx_word' id='word_1_266' title='bbox 995 3228 1260 3304; x_wconf 85' lang='lat' dir='ltr'><strong>vidente,</strong></span> <span class='ocrx_word' id='word_1_267' title='bbox 1296 3228 1583 3292; x_wconf 88' lang='lat' dir='ltr'><strong>subditus</strong></span> <span class='ocrx_word' id='word_1_268' title='bbox 1631 3230 1850 3294; x_wconf 88' lang='lat' dir='ltr'><strong>contra</strong></span> <span class='ocrx_word' id='word_1_269' title='bbox 1879 3230 2083 3314; x_wconf 90' lang='lat' dir='ltr'><strong>legem</strong></span> <span class='ocrx_word' id='word_1_270' title='bbox 2116 3234 2427 3314; x_wconf 81' lang='lat' dir='ltr'><strong>operatur,</strong></span> <span class='ocrx_word' id='word_1_271' title='bbox 2461 3254 2519 3298; x_wconf 77' lang='lat' dir='ltr'><strong>V.</strong></span> <span class='ocrx_word' id='word_1_272' title='bbox 2554 3256 2646 3319; x_wconf 72' lang='lat' dir='ltr'><strong>gr.</strong></span> <span class='ocrx_word' id='word_1_273' title='bbox 2686 3237 3153 3302; x_wconf 87' lang='lat' dir='ltr'><strong>matrimonium</strong></span> 
     </span>
     <span class='ocr_line' id='line_1_30' title="bbox 689 3328 3156 3423; baseline 0.005 -31"><span class='ocrx_word' id='word_1_274' title='bbox 689 3328 1004 3394; x_wconf 87' lang='lat' dir='ltr'><strong>contrahit</strong></span> <span class='ocrx_word' id='word_1_275' title='bbox 1042 3329 1554 3412; x_wconf 90' lang='lat' dir='ltr'><strong>impedimentum</strong></span> <span class='ocrx_word' id='word_1_276' title='bbox 1586 3331 1818 3396; x_wconf 90' lang='lat' dir='ltr'><strong>habens</strong></span> <span class='ocrx_word' id='word_1_277' title='bbox 1859 3335 1970 3396; x_wconf 86' lang='lat' dir='ltr'><strong>aut</strong></span> <span class='ocrx_word' id='word_1_278' title='bbox 2008 3333 2156 3415; x_wconf 90' lang='lat' dir='ltr'><strong>quid</strong></span> <span class='ocrx_word' id='word_1_279' title='bbox 2187 3335 2388 3400; x_wconf 90' lang='lat' dir='ltr'><strong>simile</strong></span> <span class='ocrx_word' id='word_1_280' title='bbox 2419 3337 2485 3400; x_wconf 91' lang='lat' dir='ltr'><strong>et</strong></span> <span class='ocrx_word' id='word_1_281' title='bbox 2514 3339 2794 3420; x_wconf 87' lang='lat' dir='ltr'><strong>superior</strong></span> <span class='ocrx_word' id='word_1_282' title='bbox 2825 3358 2949 3403; x_wconf 91' lang='lat' dir='ltr'><strong>non</strong></span> <span class='ocrx_word' id='word_1_283' title='bbox 2975 3341 3156 3423; x_wconf 89' lang='lat' dir='ltr'><strong>impe-</strong></span> 
     </span>
     <span class='ocr_line' id='line_1_31' title="bbox 688 3431 3154 3516; baseline 0.005 -22"><span class='ocrx_word' id='word_1_284' title='bbox 688 3431 783 3494; x_wconf 91' lang='lat' dir='ltr'><strong>dit</strong></span> <span class='ocrx_word' id='word_1_285' title='bbox 815 3450 923 3494; x_wconf 89' lang='lat' dir='ltr'><strong>nec</strong></span> <span class='ocrx_word' id='word_1_286' title='bbox 945 3431 1335 3508; x_wconf 87' lang='lat' dir='ltr'><strong>contradicit,</strong></span> <span class='ocrx_word' id='word_1_287' title='bbox 1379 3451 1520 3496; x_wconf 88' lang='lat' dir='ltr'><strong>cum</strong></span> <span class='ocrx_word' id='word_1_288' title='bbox 1552 3432 1732 3498; x_wconf 85' lang='lat' dir='ltr'><strong>facile</strong></span> <span class='ocrx_word' id='word_1_289' title='bbox 1755 3436 1985 3516; x_wconf 81' lang='lat' dir='ltr'><strong>posset,</strong></span> <span class='ocrx_word' id='word_1_290' title='bbox 2020 3436 2125 3499; x_wconf 89' lang='lat' dir='ltr'><strong>sed</strong></span> <span class='ocrx_word' id='word_1_291' title='bbox 2156 3437 2417 3512; x_wconf 85' lang='lat' dir='ltr'><strong>tolerat;</strong></span> <span class='ocrx_word' id='word_1_292' title='bbox 2453 3440 2603 3504; x_wconf 88' lang='lat' dir='ltr'><strong>tunc</strong></span> <span class='ocrx_word' id='word_1_293' title='bbox 2633 3440 2795 3505; x_wconf 82' lang='lat' dir='ltr'><strong>enim</strong></span> <span class='ocrx_word' id='word_1_294' title='bbox 2814 3443 3154 3506; x_wconf 85' lang='lat' dir='ltr'><strong>consentire</strong></span> 
     </span>
     <span class='ocr_line' id='line_1_32' title="bbox 690 3532 3155 3623; baseline 0.005 -30"><span class='ocrx_word' id='word_1_295' title='bbox 690 3532 1112 3615; x_wconf 86' lang='lat' dir='ltr'><strong>praesumitur</strong></span> <span class='ocrx_word' id='word_1_296' title='bbox 1159 3532 1587 3615; x_wconf 88' lang='lat' dir='ltr'><strong>dispensando.</strong></span> <span class='ocrx_word' id='word_1_297' title='bbox 1631 3536 1820 3600; x_wconf 88' lang='lat' dir='ltr'><strong>Ratio</strong></span> <span class='ocrx_word' id='word_1_298' title='bbox 1868 3538 1981 3613; x_wconf 88' lang='lat' dir='ltr'><strong>est,</strong></span> <span class='ocrx_word' id='word_1_299' title='bbox 2031 3538 2179 3620; x_wconf 91' lang='lat' dir='ltr'><strong>quia</strong></span> <span class='ocrx_word' id='word_1_300' title='bbox 2212 3543 2649 3619; x_wconf 70' lang='lat' dir='ltr'><strong>praesumitur</strong></span> <span class='ocrx_word' id='word_1_301' title='bbox 2693 3543 2765 3606; x_wconf 74' lang='lat' dir='ltr'><strong>id</strong></span> <span class='ocrx_word' id='word_1_302' title='bbox 2792 3545 3155 3623; x_wconf 74' lang='lat' dir='ltr'><strong>pemu‘ttere</strong></span> 
     </span>
     <span class='ocr_line' id='line_1_33' title="bbox 689 3635 3157 3727; baseline 0.006 -31"><span class='ocrx_word' id='word_1_303' title='bbox 689 3635 824 3697; x_wconf 78' lang='lat' dir='ltr'><strong>sine</strong></span> <span class='ocrx_word' id='word_1_304' title='bbox 858 3636 1114 3712; x_wconf 79' lang='lat' dir='ltr'><strong>peccato</strong></span> <span class='ocrx_word' id='word_1_305' title='bbox 1144 3654 1255 3697; x_wconf 76' lang='lat' dir='ltr'><strong>suo</strong></span> <span class='ocrx_word' id='word_1_306' title='bbox 1289 3638 1348 3696; x_wconf 82' lang='lat' dir='ltr'><strong>et</strong></span> <span class='ocrx_word' id='word_1_307' title='bbox 1381 3635 1635 3708; x_wconf 76' lang='lat' dir='ltr'><strong>subditi,</strong></span> <span class='ocrx_word' id='word_1_308' title='bbox 1672 3638 1879 3720; x_wconf 90' lang='lat' dir='ltr'><strong>quoad</strong></span> <span class='ocrx_word' id='word_1_309' title='bbox 1923 3639 2057 3703; x_wconf 91' lang='lat' dir='ltr'><strong>fieri</strong></span> <span class='ocrx_word' id='word_1_310' title='bbox 2088 3642 2317 3724; x_wconf 87' lang='lat' dir='ltr'><strong>possit;</strong></span> <span class='ocrx_word' id='word_1_311' title='bbox 2360 3645 2535 3727; x_wconf 89' lang='lat' dir='ltr'><strong>atqui</strong></span> <span class='ocrx_word' id='word_1_312' title='bbox 2569 3645 2621 3709; x_wconf 90' lang='lat' dir='ltr'><strong>si</strong></span> <span class='ocrx_word' id='word_1_313' title='bbox 2668 3665 2790 3710; x_wconf 94' lang='lat' dir='ltr'><strong>non</strong></span> <span class='ocrx_word' id='word_1_314' title='bbox 2823 3649 3060 3712; x_wconf 86' lang='lat' dir='ltr'><strong>taceret</strong></span> <span class='ocrx_word' id='word_1_315' title='bbox 3089 3666 3157 3712; x_wconf 80' lang='lat' dir='ltr'><strong>ex</strong></span> 
     </span>
     <span class='ocr_line' id='line_1_34' title="bbox 690 3734 3158 3832; baseline 0.007 -33"><span class='ocrx_word' id='word_1_316' title='bbox 690 3735 1016 3800; x_wconf 85' lang='lat' dir='ltr'><strong>voluntate</strong></span> <span class='ocrx_word' id='word_1_317' title='bbox 1054 3734 1463 3821; x_wconf 86' lang='lat' dir='ltr'><strong>dispensandi,</strong></span> <span class='ocrx_word' id='word_1_318' title='bbox 1516 3739 1649 3802; x_wconf 89' lang='lat' dir='ltr'><strong>tum</strong></span> <span class='ocrx_word' id='word_1_319' title='bbox 1699 3740 1986 3805; x_wconf 89' lang='lat' dir='ltr'><strong>subditus</strong></span> <span class='ocrx_word' id='word_1_320' title='bbox 2024 3747 2320 3825; x_wconf 86' lang='lat' dir='ltr'><strong>peccaret,</strong></span> <span class='ocrx_word' id='word_1_321' title='bbox 2357 3747 2453 3810; x_wconf 88' lang='lat' dir='ltr'><strong>uti</strong></span> <span class='ocrx_word' id='word_1_322' title='bbox 2494 3749 2668 3830; x_wconf 87' lang='lat' dir='ltr'><strong>patet</strong></span> <span class='ocrx_word' id='word_1_323' title='bbox 2698 3750 2761 3812; x_wconf 92' lang='lat' dir='ltr'><strong>et</strong></span> <span class='ocrx_word' id='word_1_324' title='bbox 2793 3749 2925 3832; x_wconf 88' lang='lat' dir='ltr'><strong>ipse</strong></span> <span class='ocrx_word' id='word_1_325' title='bbox 2972 3751 3158 3815; x_wconf 83' lang='lat' dir='ltr'><strong>etiam</strong></span> 
     </span>
     <span class='ocr_line' id='line_1_35' title="bbox 691 3841 3160 3936; baseline 0.006 -33"><span class='ocrx_word' id='word_1_326' title='bbox 691 3841 972 3923; x_wconf 88' lang='lat' dir='ltr'><strong>peccaret</strong></span> <span class='ocrx_word' id='word_1_327' title='bbox 996 3842 1212 3904; x_wconf 88' lang='lat' dir='ltr'><strong>contra</strong></span> <span class='ocrx_word' id='word_1_328' title='bbox 1246 3841 1520 3904; x_wconf 83' lang='lat' dir='ltr'><strong>officium</strong></span> <span class='ocrx_word' id='word_1_329' title='bbox 1554 3861 1757 3920; x_wconf 88' lang='lat' dir='ltr'><strong>suum,</strong></span> <span class='ocrx_word' id='word_1_330' title='bbox 1794 3863 1936 3908; x_wconf 88' lang='lat' dir='ltr'><strong>cum</strong></span> <span class='ocrx_word' id='word_1_331' title='bbox 1969 3846 2255 3911; x_wconf 89' lang='lat' dir='ltr'><strong>teneatur</strong></span> <span class='ocrx_word' id='word_1_332' title='bbox 2271 3849 2589 3914; x_wconf 89' lang='lat' dir='ltr'><strong>subditum</strong></span> <span class='ocrx_word' id='word_1_333' title='bbox 2614 3852 2921 3936; x_wconf 87' lang='lat' dir='ltr'><strong>corripere</strong></span> <span class='ocrx_word' id='word_1_334' title='bbox 2954 3857 3017 3920; x_wconf 88' lang='lat' dir='ltr'><strong>et</strong></span> <span class='ocrx_word' id='word_1_335' title='bbox 3054 3855 3160 3918; x_wconf 88' lang='lat' dir='ltr'><strong>im·</strong></span> 
     </span>
     <span class='ocr_line' id='line_1_36' title="bbox 689 3943 3161 4037; baseline 0.005 -30"><span class='ocrx_word' id='word_1_336' title='bbox 689 3943 896 4026; x_wconf 91' lang='lat' dir='ltr'><strong>pedire</strong></span> <span class='ocrx_word' id='word_1_337' title='bbox 942 3962 1017 4007; x_wconf 92' lang='lat' dir='ltr'><strong>ne</strong></span> <span class='ocrx_word' id='word_1_338' title='bbox 1055 3943 1306 4027; x_wconf 87' lang='lat' dir='ltr'><strong>frangat</strong></span> <span class='ocrx_word' id='word_1_339' title='bbox 1352 3944 1571 4027; x_wconf 89' lang='lat' dir='ltr'><strong>legem.</strong></span> <span class='ocrx_word' id='word_1_340' title='bbox 1614 3944 1777 4028; x_wconf 83' lang='lat' dir='ltr'><strong>Ergo</strong></span> <span class='ocrx_word' id='word_1_341' title='bbox 1828 3945 1982 4009; x_wconf 91' lang='lat' dir='ltr'><strong>illud</strong></span> <span class='ocrx_word' id='word_1_342' title='bbox 2031 3950 2125 4012; x_wconf 89' lang='lat' dir='ltr'><strong>est</strong></span> <span class='ocrx_word' id='word_1_343' title='bbox 2161 3949 2470 4016; x_wconf 87' lang='lat' dir='ltr'><strong>sufficiens</strong></span> <span class='ocrx_word' id='word_1_344' title='bbox 2517 3953 2765 4037; x_wconf 88' lang='lat' dir='ltr'><strong>signum</strong></span> <span class='ocrx_word' id='word_1_345' title='bbox 2799 3957 3033 4021; x_wconf 86' lang='lat' dir='ltr'><strong>tacitae</strong></span> <span class='ocrx_word' id='word_1_346' title='bbox 3080 3956 3161 4020; x_wconf 90' lang='lat' dir='ltr'><strong>di-</strong></span> 
     </span>
     <span class='ocr_line' id='line_1_37' title="bbox 690 4043 3160 4134; baseline 0.005 -25"><span class='ocrx_word' id='word_1_347' title='bbox 690 4045 1121 4130; x_wconf 69' lang='lat' dir='ltr'><strong>spensationis</strong></span> <span class='ocrx_word' id='word_1_348' title='bbox 1159 4043 1450 4109; x_wconf 86' lang='lat' dir='ltr'><strong>Confirm.</strong></span> <span class='ocrx_word' id='word_1_349' title='bbox 1479 4046 1624 4127; x_wconf 88' lang='lat' dir='ltr'><strong>quia</strong></span> <span class='ocrx_word' id='word_1_350' title='bbox 1651 4047 2051 4112; x_wconf 81' lang='lat' dir='ltr'><strong>taciturnitas</strong></span> <span class='ocrx_word' id='word_1_351' title='bbox 2089 4050 2198 4114; x_wconf 89' lang='lat' dir='ltr'><strong>illa</strong></span> <span class='ocrx_word' id='word_1_352' title='bbox 2236 4055 2330 4115; x_wconf 88' lang='lat' dir='ltr'><strong>est</strong></span> <span class='ocrx_word' id='word_1_353' title='bbox 2361 4053 2663 4134; x_wconf 80' lang='lat' dir='ltr'><strong>quaedam</strong></span> <span class='ocrx_word' id='word_1_354' title='bbox 2697 4056 3068 4124; x_wconf 68' lang='lat' dir='ltr'><strong>ratihabitio</strong></span> <span class='ocrx_word' id='word_1_355' title='bbox 3091 4057 3160 4121; x_wconf 80' lang='lat' dir='ltr'><strong>de</strong></span> 
     </span>
     <span class='ocr_line' id='line_1_38' title="bbox 676 4148 3160 4240; baseline 0.006 -30"><span class='ocrx_word' id='word_1_356' title='bbox 676 4149 1024 4228; x_wconf 75' lang='lat' dir='ltr'><strong>praesenti,</strong></span> <span class='ocrx_word' id='word_1_357' title='bbox 1054 4167 1212 4230; x_wconf 88' lang='lat' dir='ltr'><strong>quae</strong></span> <span class='ocrx_word' id='word_1_358' title='bbox 1244 4148 1540 4213; x_wconf 89' lang='lat' dir='ltr'><strong>mandato</strong></span> <span class='ocrx_word' id='word_1_359' title='bbox 1574 4151 1991 4232; x_wconf 86' lang='lat' dir='ltr'><strong>comparatur,</strong></span> <span class='ocrx_word' id='word_1_360' title='bbox 2018 4151 2193 4217; x_wconf 82' lang='lat' dir='ltr'><strong>iuxta</strong></span> <span class='ocrx_word' id='word_1_361' title='bbox 2225 4154 2378 4240; x_wconf 87' lang='lat' dir='ltr'><strong>Reg.</strong></span> <span class='ocrx_word' id='word_1_362' title='bbox 2417 4157 2518 4220; x_wconf 92' lang='lat'><strong>10.</strong></span> <span class='ocrx_word' id='word_1_363' title='bbox 2553 4158 2707 4222; x_wconf 88' lang='lat' dir='ltr'><strong>iuris</strong></span> <span class='ocrx_word' id='word_1_364' title='bbox 2748 4161 2809 4225; x_wconf 90' lang='lat' dir='ltr'><strong>in</strong></span> <span class='ocrx_word' id='word_1_365' title='bbox 2844 4161 2943 4226; x_wconf 82' lang='lat'><strong>6.:</strong></span> <span class='ocrx_word' id='word_1_366' title='bbox 2987 4188 3021 4220; x_wconf 70' lang='grc' dir='ltr'><strong>«ι</strong></span> <span class='ocrx_word' id='word_1_367' title='bbox 3047 4162 3160 4226; x_wconf 87' lang='lat' dir='ltr'><strong>Ra·</strong></span> 
     </span>
     <span class='ocr_line' id='line_1_39' title="bbox 689 4250 3156 4345; baseline 0.006 -33"><span class='ocrx_word' id='word_1_368' title='bbox 689 4250 1127 4313; x_wconf 83' lang='lat' dir='ltr'><strong>tihabitionem</strong></span> <span class='ocrx_word' id='word_1_369' title='bbox 1153 4251 1486 4314; x_wconf 84' lang='lat' dir='ltr'><strong>retrotrahi</strong></span> <span class='ocrx_word' id='word_1_370' title='bbox 1522 4254 1585 4315; x_wconf 90' lang='lat' dir='ltr'><strong>et</strong></span> <span class='ocrx_word' id='word_1_371' title='bbox 1617 4252 1914 4316; x_wconf 84' lang='lat' dir='ltr'><strong>mandato</strong></span> <span class='ocrx_word' id='word_1_372' title='bbox 1934 4273 2054 4318; x_wconf 92' lang='lat' dir='ltr'><strong>non</strong></span> <span class='ocrx_word' id='word_1_373' title='bbox 2080 4257 2174 4320; x_wconf 88' lang='lat' dir='ltr'><strong>est</strong></span> <span class='ocrx_word' id='word_1_374' title='bbox 2196 4255 2454 4322; x_wconf 91' lang='lat' dir='ltr'><strong>dubium</strong></span> <span class='ocrx_word' id='word_1_375' title='bbox 2478 4262 2823 4345; x_wconf 86' lang='lat' dir='ltr'><strong>comparari</strong></span> <span class='ocrx_word' id='word_1_376' title='bbox 2851 4289 2913 4327; x_wconf 87' lang='lat'><strong>».</strong></span> <span class='ocrx_word' id='word_1_377' title='bbox 2934 4261 3156 4330; x_wconf 87' lang='lat' dir='ltr'><strong>Suarez</strong></span> 
     </span>
     <span class='ocr_line' id='line_1_40' title="bbox 690 4349 1756 4434; baseline 0.006 -24"><span class='ocrx_word' id='word_1_378' title='bbox 690 4349 765 4412; x_wconf 82' lang='lat' dir='ltr'><strong>de</strong></span> <span class='ocrx_word' id='word_1_379' title='bbox 805 4350 956 4432; x_wconf 73' lang='lat' dir='ltr'><strong>Ley.</strong></span> <span class='ocrx_word' id='word_1_380' title='bbox 993 4351 1100 4414; x_wconf 88' lang='lat' dir='ltr'><strong>lib.</strong></span> <span class='ocrx_word' id='word_1_381' title='bbox 1144 4352 1202 4414; x_wconf 84' lang='lat'><strong>6.</strong></span> <span class='ocrx_word' id='word_1_382' title='bbox 1240 4371 1372 4434; x_wconf 84' lang='lat' dir='ltr'><strong>cap.</strong></span> <span class='ocrx_word' id='word_1_383' title='bbox 1411 4352 1513 4414; x_wconf 86' lang='lat'><strong>13.</strong></span> <span class='ocrx_word' id='word_1_384' title='bbox 1556 4373 1614 4416; x_wconf 88' lang='lat' dir='ltr'><strong>n.</strong></span> <span class='ocrx_word' id='word_1_385' title='bbox 1657 4354 1756 4416; x_wconf 87' lang='lat'><strong>17.</strong></span> 
     </span>
    </p>

    <p class='ocr_par' dir='ltr' id='par_1_9' title="bbox 687 4450 3154 4654">
     <span class='ocr_line' id='line_1_41' title="bbox 778 4450 3154 4535; baseline 0.008 -22"><span class='ocrx_word' id='word_1_386' title='bbox 778 4450 1068 4515; x_wconf 87' lang='lat' dir='ltr'><strong>Advertit</strong></span> <span class='ocrx_word' id='word_1_387' title='bbox 1105 4453 1311 4517; x_wconf 88' lang='lat' dir='ltr'><strong>tamen</strong></span> <span class='ocrx_word' id='word_1_388' title='bbox 1351 4451 1575 4518; x_wconf 88' lang='lat' dir='ltr'><strong>Suarez</strong></span> <span class='ocrx_word' id='word_1_389' title='bbox 1609 4455 1756 4520; x_wconf 89' lang='lat' dir='ltr'><strong>ibid.</strong></span> <span class='ocrx_word' id='word_1_390' title='bbox 1794 4477 1852 4521; x_wconf 88' lang='lat' dir='ltr'><strong>n.</strong></span> <span class='ocrx_word' id='word_1_391' title='bbox 1886 4458 1987 4524; x_wconf 82' lang='lat'><strong>18.</strong></span> <span class='ocrx_word' id='word_1_392' title='bbox 2014 4456 2383 4526; x_wconf 82' lang='lat' dir='ltr'><strong>Canonistas</strong></span> <span class='ocrx_word' id='word_1_393' title='bbox 2422 4467 2832 4531; x_wconf 85' lang='lat' dir='ltr'><strong>communiter</strong></span> <span class='ocrx_word' id='word_1_394' title='bbox 2864 4487 2985 4533; x_wconf 88' lang='lat' dir='ltr'><strong>non</strong></span> <span class='ocrx_word' id='word_1_395' title='bbox 3019 4490 3154 4535; x_wconf 86' lang='lat' dir='ltr'><strong>con·</strong></span> 
     </span>
     <span class='ocr_line' id='line_1_42' title="bbox 687 4553 3149 4654; baseline 0.008 -39"><span class='ocrx_word' id='word_1_396' title='bbox 687 4554 931 4617; x_wconf 87' lang='lat' dir='ltr'><strong>sentire.</strong></span> <span class='ocrx_word' id='word_1_397' title='bbox 972 4553 1250 4633; x_wconf 83' lang='lat' dir='ltr'><strong>Quorum</strong></span> <span class='ocrx_word' id='word_1_398' title='bbox 1283 4557 1652 4622; x_wconf 84' lang='lat' dir='ltr'><strong>sententiam</strong></span> <span class='ocrx_word' id='word_1_399' title='bbox 1678 4559 1807 4642; x_wconf 79' lang='lat' dir='ltr'><strong>ipse</strong></span> <span class='ocrx_word' id='word_1_400' title='bbox 1826 4559 2050 4626; x_wconf 85' lang='lat' dir='ltr'><strong>Suarez</strong></span> <span class='ocrx_word' id='word_1_401' title='bbox 2077 4562 2222 4627; x_wconf 87' lang='lat' dir='ltr'><strong>ibid.</strong></span> <span class='ocrx_word' id='word_1_402' title='bbox 2251 4585 2309 4629; x_wconf 91' lang='lat' dir='ltr'><strong>n.</strong></span> <span class='ocrx_word' id='word_1_403' title='bbox 2339 4566 2444 4631; x_wconf 83' lang='lat'><strong>21.</strong></span> <span class='ocrx_word' id='word_1_404' title='bbox 2472 4567 2928 4649; x_wconf 83' lang='lat' dir='ltr'><strong>praeferendam</strong></span> <span class='ocrx_word' id='word_1_405' title='bbox 2968 4575 3149 4654; x_wconf 87' lang='lat' dir='ltr'><strong>putat</strong></span> 
     </span>
    </p>
   </div>
  </div>
 </body>
</html>
