3529 5158
824 404 1313 447 PROPOSITIONUM
1350 404 1798 446 DAMNATARUM.
1839 404 1919 444 AB
1956 404 2154 445 INNOC.
2195 405 2298 445 XII.
2636 406 2790 448 xmu

429 512 489 568 9.
526 508 601 567 In
651 506 970 567 extremis
1013 505 1522 581 probationibus
1556 508 1782 579 potest
1826 505 2089 565 animae
2126 505 2614 567 invincibiliter
2642 524 2794 582 per-

342 614 612 659 suasum
656 612 802 656 esse
847 594 1276 670 persuasione
1324 593 1571 653 reflexa
1630 598 1701 654 et
1745 611 1919 670 quae
1966 612 2100 654 non
2147 599 2254 655 est
2298 596 2578 656 intimus
2638 614 2794 657 cou-

342 686 660 750 scientiae
708 683 979 759 fundus,
1029 700 1102 744 se
1148 683 1323 743 iuste
1370 683 1790 757 reprobatam
1839 700 1983 744 esse
2032 702 2072 744 a
2119 685 2284 744 Deo.

430 780 534 836 10.
585 776 773 834 Τ11110
816 775 1041 833 anima
1084 772 1306 832 divisa
1349 790 1392 831 a
1437 773 1798 847 semetipsa
1850 774 2150 848 exspirat
2196 791 2346 834 cum
2394 774 2664 834 Christo
2723 776 2794 835 in

340 881 552 941 cruce,
602 864 863 924 diceus:
900 862 1096 936 Deua,
1131 861 1306 921 Deua
1354 880 1544 935 meus,
1596 868 1666 920 ut
1712 862 1864 937 quid
1905 862 2296 937 dereliquisti
2343 880 2437 921 mc
2463 864 2491 921 ἲ
2547 864 2628 922 In
2669 864 2795 924 hac

338 953 795 1015 involuntaria
840 951 1273 1026 impressione
1319 951 1805 1025 desperationis
1851 951 2121 1011 conficit
2164 951 2564 1012 sacrificium
2601 954 2793 1014 abso-

338 1045 555 1103 lutum
601 1043 707 1102 sui
754 1042 1077 1101 interesse
1125 1040 1378 1115 proprii
1424 1040 1646 1115 quoad
1691 1040 2182 1101 aeternitatem.

428 1135 532 1192 ll.
568 1132 651 1191 Iu
698 1131 825 1191 hoc
870 1134 1055 1191 statu
1102 1130 1324 1189 anima
1374 1129 1630 1189 amittit
1675 1146 1939 1189 omnem
1985 1146 2171 1205 spem
2217 1130 2322 1190 sui
2369 1130 2623 1205 proprii
2689 1133 2791 1190 in-

336 1227 627 1283 teresse:
676 1220 792 1281 sed
841 1236 1181 1293 nunquam
1238 1219 1493 1278 amittit
1538 1219 1609 1277 in
1663 1224 1856 1293 parte
1917 1220 2245 1295 superiori
2293 1219 2468 1281 idest
2530 1220 2600 1280 iu
2647 1222 2789 1283 suis

335 1311 600 1372 actibus
634 1309 909 1370 directis
945 1311 1016 1368 et
1060 1308 1335 1382 intimis,
1376 1324 1559 1381 spem
1598 1307 1980 1385 perfectam,
2022 1326 2195 1383 quae
2240 1314 2345 1369 est
2381 1308 2781 1371 desiderium

337 1401 915 1460 disinteressatum
964 1397 1496 1473 promissionum.

429 1491 531 1548 12.
568 1488 877 1548 Director
906 1490 1073 1547 tunc
1101 1491 1326 1560 potest
1356 1486 1512 1545 huic
1546 1487 1809 1547 animae
1838 1486 2243 1565 permittere,
2279 1489 2359 1546 ut
2394 1487 2788 1563 simpliciter

336 1578 719 1653 acquiescat
748 1578 1042 1636 iacturae
1074 1576 1177 1635 sui
1211 1576 1465 1651 proprii
1512 1576 1832 1636 interesse
1878 1580 1948 1637 et
1979 1576 2196 1636 iustae
2227 1577 2784 1651 condemnationi,

337 1685 537 1743 quam
585 1666 714 1725 sibi
761 1684 802 1726 a
840 1667 981 1725 Deo
1028 1665 1349 1725 indictam
1398 1665 1629 1724 credit.

428 1758 530 1815 13.
573 1755 859 1815 Inferior
892 1753 1142 1815 Christi
1192 1771 1346 1829 pars
1386 1754 1449 1812 in
1494 1771 1687 1813 cruce
1726 1772 1856 1812 non
1899 1754 2414 1815 communicavit
2461 1755 2788 1829 superiori

333 1862 493 1919 suas
538 1843 1031 1904 involuntarias
1077 1844 1636 1918 perturbationes.

429 1938 533 1994 14.
560 1935 639 1994 ln
673 1934 990 1993 extremis
1020 1932 1528 2007 probationibus
1567 1950 1689 2008 pro
1717 1932 2184 2008 purificatione
2214 1934 2458 1995 amoris
2482 1935 2560 1993 fit
2591 1952 2793 2009 quae-

333 2024 486 2086 dam
550 2022 881 2098 separatio
936 2022 1149 2097 partis
1219 2022 1584 2096 superioris
1638 2023 1902 2082 animae
1956 2024 2042 2083 ab
2096 2022 2465 2083 inferiori...
2515 2024 2596 2082 In
2663 2023 2793 2085 ista

331 2113 755 2188 separatione
799 2116 991 2171 actus
1045 2110 1259 2186 partis
1304 2110 1641 2172 inferioris
1696 2118 1973 2173 manant
2017 2129 2102 2172 ex
2157 2112 2426 2173 omniuo
2482 2128 2679 2173 caeca
2723 2121 2793 2175 et

332 2201 795 2262 involuntaria
840 2200 1369 2275 perturbatione:
1408 2218 1559 2260 nam
1607 2204 1845 2279 totum,
1873 2203 2050 2277 quod
2097 2206 2202 2262 est
2232 2203 2690 2262 voluntarium
2721 2208 2792 2263 et

330 2291 812 2365 intellectuale,
861 2294 968 2351 est
1011 2290 1226 2364 partis
1271 2290 1655 2364 superioris.

427 2384 532 2440 15.
569 2379 919 2440 Meditatio
966 2384 1228 2440 constat
1271 2378 1665 2439 discursivis
1700 2380 1980 2455 actibus,
2030 2380 2145 2454 qui
2179 2396 2220 2438 a
2249 2397 2322 2439 se
2370 2380 2653 2440 invicem
2692 2379 2788 2440 fa-

328 2470 462 2531 cile
508 2469 1083 2545 distinguuntur...
1119 2469 1262 2528 Ista
1292 2468 1684 2543 compositio
1719 2472 1986 2529 actuum
2037 2469 2554 2529 discursivormn
2590 2474 2661 2529 et
2691 2486 2790 2529 re-

332 2561 658 2621 flexorum
702 2563 808 2619 est
853 2557 1122 2634 propria
1165 2556 1559 2619 exercitatio
1605 2559 1850 2620 amoris
1894 2558 2295 2620 interessati.

427 2652 531 2709 16.
568 2649 786 2708 Datur
831 2652 1049 2708 status
1096 2648 1679 2723 contemplat-ionis
1724 2649 1888 2708 adeo
1936 2648 2243 2708 sublimis
2296 2649 2595 2724 adeoque
2641 2664 2790 2724 per-

332 2738 573 2816 fectae,
620 2744 698 2798 nt
753 2738 870 2797 fiat
924 2736 1320 2798 habitualis:
1372 2737 1469 2797 ita
1517 2743 1594 2798 ut
1639 2739 1904 2813 quoties
1958 2738 2184 2799 anima
2237 2744 2397 2800 actu
2452 2744 2617 2815 orat,
2666 2757 2790 2799 sua

331 2828 548 2888 oratio
572 2828 664 2887 sit
686 2827 1225 2905 contemplativa,
1254 2843 1386 2886 uon
1412 2827 1802 2888 discursiva.
1830 2827 2016 2888 Tunc
2042 2844 2174 2887 non
2206 2828 2495 2904 amplius
2528 2828 2791 2905 indiget

329 2917 552 2978 redire
596 2915 683 2977 ad
728 2916 1231 2976 meditationem
1277 2916 1554 2991 eiusque
1601 2921 1793 2978 actus
1839 2917 2269 2978 methodicos.

423 3009 530 3066 17.
568 3005 858 3065 Animae
903 3005 1465 3080 contemplativae
1499 3007 1855 3081 privantur
1901 3007 2155 3068 intuitu
2202 3007 2546 3084 distinctO,
2582 3007 2791 3068 sensi—

328 3096 454 3157 bili
486 3098 558 3155 et
600 3094 849 3154 reflexo
897 3094 1050 3153 Iesu
1099 3095 1349 3154 Christi
1397 3095 1657 3156 duobus
1702 3097 2117 3172 temporibus
2162 3096 2510 3157 diversis...
2545 3097 2791 3170 Primo,

326 3185 404 3246 in
475 3184 739 3244 fervore
799 3189 1114 3244 nascente
1177 3200 1405 3244 earum
1470 3185 2116 3260 contemplationis..
2184 3185 2508 3259 Secundo,
2569 3184 2795 3243 anima

326 3273 589 3335 amittit
636 3273 953 3334 intuitum
1004 3274 1160 3334 Iesu
1207 3273 1457 3334 Christi
1506 3274 1575 3334 iu
1620 3275 1937 3334 extremis
1981 3273 2508 3347 probationibus.

424 3366 530 3424 18.
565 3364 649 3424 In
680 3365 865 3422 statu
910 3362 1178 3436 passivo
1208 3367 1603 3422 exercentur
1648 3378 1877 3422 omnes
1911 3363 2198 3423 virtutes
2242 3361 2624 3440 distinctae,
2658 3378 2793 3422 non

328 3451 692 3530 cogitando
746 3452 925 3526 qnod
979 3452 1116 3512 sint
1168 3451 1480 3513 virtutes.
1532 3453 1611 3511 In
1674 3451 1977 3526 quolibet
2030 3456 2365 3512 momento
2417 3452 2598 3512 aliud
2659 3469 2792 3512 non

328 3542 691 3618 cogitatur,
741 3557 940 3614 quam
998 3540 1215 3601 facere
1273 3541 1338 3600 id
1396 3541 1576 3615 quod
1638 3542 1821 3602 Deus
1877 3542 2029 3601 vult
2081 3545 2152 3601 et
2206 3558 2389 3601 amor
2443 3543 2791 3618 zelotypus

330 3632 533 3691 simul
567 3629 788 3707 efficit,
824 3646 910 3689 ne
954 3631 1107 3704 quis
1135 3631 1423 3705 amplius
1454 3630 1583 3690 sibi
1630 3630 1950 3691 virtutem
2000 3630 2168 3690 velit
2201 3647 2322 3692 nec
2367 3648 2664 3706 unquam
2698 3630 2790 3691 sit

329 3720 500 3780 adeo
533 3719 791 3780 virtute
820 3719 1185 3798 praeditus,
1221 3738 1419 3795 quam
1451 3737 1598 3781 cum
1636 3719 1875 3780 virtuti
1908 3720 2197 3795 amplius
2227 3721 2467 3780 affixus
2497 3738 2632 3781 non
2665 3727 2788 3781 est.

425 3812 532 3870 19.
569 3810 804 3868 Potest
850 3807 982 3869 dici
1029 3809 1099 3868 in
1146 3811 1273 3869 hoc
1318 3827 1536 3886 sensu,
1585 3810 1766 3884 quod
1812 3809 2038 3869 anima
2082 3809 2352 3884 passiva
2398 3813 2468 3870 et
2512 3810 2792 3870 disinte-

332 3903 593 3960 ressata
639 3913 763 3957 nec
807 3896 1023 3971 ipsum
1074 3915 1360 3958 amorem
1412 3899 1560 3959 vult
1603 3899 1912 3976 amplius,
1962 3904 2297 3973 quatenus
2341 3904 2447 3958 est
2492 3917 2615 3960 sua
2647 3915 2793 3973 per-

334 3987 538 4048 fectio
582 3991 654 4048 et
699 4003 824 4048 sua
869 3987 1175 4066 felicitas,
1224 3987 1341 4047 sed
1387 3989 1601 4048 solum
1649 3991 1984 4062 quatenus
2029 3991 2134 4048 est
2179 3987 2249 4047 id
2296 3988 2476 4062 quod
2524 3988 2710 4047 Deus
2755 4004 2796 4046 a

332 4077 531 4137 nobis
582 4076 753 4136 vult.

428 4168 533 4226 20.
592 4167 675 4226 Iu
737 4166 1113 4227 confitendo
1166 4166 1413 4227 debent
1472 4167 1733 4228 animae
1786 4165 2302 4228 transformatae
2353 4183 2474 4227 sua
2526 4169 2801 4242 peccata

332 4255 659 4316 detestari
711 4261 783 4315 et
836 4256 1274 4317 condemnare
1328 4273 1400 4316 se
1455 4262 1525 4317 et
1581 4257 1960 4317 desiderare
2015 4256 2466 4317 remissionem
2527 4273 2800 4317 suorum

328 4349 779 4421 peccatorum,
813 4361 946 4406 non
997 4348 1073 4404 ut
1104 4347 1435 4421 propriam
1488 4346 2017 4421 purificationem
2048 4350 2117 4406 et
2162 4345 2645 4421 liberationem,
2682 4345 2799 4403 sed

330 4440 415 4493 ut
445 4450 578 4493 rem
614 4450 814 4508 quam
859 4433 1043 4495 Deus
1090 4435 1243 4495 vult
1288 4439 1358 4497 et
1396 4438 1545 4496 vult
1594 4453 1714 4497 uos
1746 4437 1920 4497 velle
1964 4439 2238 4511 propter
2275 4452 2461 4496 suam
2496 4433 2795 4510 gloriam.

430 4525 533 4583 21.
574 4523 807 4588 Sancti
856 4523 1116 4598 mystici
1163 4527 1590 4585 excluserunt
1634 4543 1675 4586 a
1712 4530 1897 4587 statu
1944 4525 2313 4585 animarum
2361 4522 2795 4585 transforma-

330 4615 555 4672 tarum
602 4612 1116 4672 exercitationes
1164 4614 1511 4674 virtutum.
