3529 5158
736 273 845 328 816
1268 285 1482 326 macr.
1521 287 1611 326 111.
1649 285 1735 324 nn
1771 283 2050 325 nmmos.
2090 283 2289 325 CAPUT
2323 285 2363 324 1.
2400 284 2542 326 mm.
2582 284 2672 325 111.
3059 269 3205 346 [294]

747 385 1048 461 doctore8‚
1084 384 1248 466 quod
1280 385 1334 448 si
1364 384 1581 460 doctis,
1615 382 1844 465 probi8‚
1878 381 2283 463 prudentibus
2304 381 2507 463 reipsa
2529 381 2715 445 nimis
2738 380 2895 446 dura
2920 381 3205 447 videatur

746 487 864 562 lex,
914 487 1098 550 liceat
1129 487 1227 550 vel
1258 486 1737 569 appellationem
1769 485 2173 566 interponere,
2206 473 2260 547 s‘i
2297 485 2525 567 agatur
2554 483 2628 547 110
2653 483 3041 549 ordinatione
3070 484 3205 548 lata

751 608 789 652 a
834 588 1113 670 praeside
1158 589 1453 666 inferiori,
1503 588 1601 652 vel
1646 586 2162 670 supplicationem
2208 585 2519 669 porrigere
2580 585 2842 669 principi
2894 605 3203 668 supremo.

747 690 829 753 Et
875 690 1124 772 quidem
1171 691 1224 754 si
1268 692 1366 756 101
1412 690 1662 755 omnino
1710 688 1868 753 dura
1914 690 1998 752 sit
2044 691 2232 769 atque
2292 688 2605 753 observari
2662 707 2786 754 non
2847 689 3047 772 possit
3091 691 3206 753 aut

747 794 906 856 citra
954 794 1334 872 scandalum,
1385 795 1498 858 aut
1542 794 1700 857 citra
1734 812 2032 876 magnam
2078 811 2285 857 rerum
2318 791 2735 857 mutationem
2773 810 2844 856 ac
2890 792 3209 875 perturba-

751 895 1006 975 tionem,
1040 899 1289 961 censent
1306 916 1492 976 posse
1529 916 1607 958 cx
1636 895 1876 976 epikcia
1907 894 2169 978 benigne
2198 893 2418 958 coniici
2449 893 2523 958 de
2553 894 2879 958 voluntate
2915 894 3207 978 principis

747 1001 936 1078 atque
983 998 1133 1062 adeo
1184 998 1628 1082 obligationem
1674 997 1983 1080 suspendi.

832 1101 1068 1164 Verum
1111 1101 1247 1165 heic
1292 1120 1537 1183 quoque
1567 1099 1828 1164 redeunt
1864 1098 2146 1182 superius
2178 1099 2363 1163 dicta.
2398 1097 2465 1163 Si
2487 1099 2651 1163 enim
2681 1100 2746 1163 in
2780 1117 2929 1164 casu
2956 1118 3206 1181 suspen-

743 1202 917 1266 ditur
957 1202 1281 1286 obligatio,
1315 1202 1377 1266 id
1423 1222 1545 1267 non
1592 1202 1878 1284 provenit
1924 1221 1996 1265 01
2033 1200 2395 1265 necessitate
2427 1201 2869 1284 acceptationis
2901 1200 2979 1264 ad
3008 1201 3207 1265 confe-

741 1305 995 1369 rendam
1043 1305 1172 1369 vim
1215 1306 1362 1390 legi,
1402 1305 1507 1378 sed
1553 1305 1701 1386 quia
1747 1304 2158 1380 existimatur,
2209 1303 2413 1368 deesse
2459 1304 2852 1368 voluntatem
2891 1304 3207 1388 obligandi

739 1406 803 1470 in
851 1407 1210 1491 legislatore
1259 1409 1336 1473 ob
1382 1427 1454 1472 ea
1487 1406 1798 1484 adiuncta,
1833 1426 1991 1487 quae
2026 1406 2245 1490 ignota
2282 1405 2402 1487 ipsi
2431 1408 2933 1488 praesumuntur.
2966 1406 3105 1470 Hoc
3132 1406 3204 1470 fit

737 1509 931 1574 etiam
976 1511 1038 1574 in
1087 1510 1427 1593 praeceptis
1475 1509 1956 1593 particularibus
2002 1510 2066 1573 et
2109 1507 2448 1572 mandatis:
2485 1508 2593 1572 ubi
2622 1510 2832 1573 tamen
2877 1528 3057 1573 nemo
3104 1527 3202 1573 so-

745 1632 954 1676 mma»
959 1614 1013 1678 1t
1058 1614 1490 1678 necessitatem
1537 1611 1998 1695 acceptationis.

835 1711 1020 1786 294.
1057 1717 1338 1798 Denique
1385 1715 1529 1780 vel
1514 1735 1644 1797 ipse
1675 1715 1781 1778 ille
1813 1733 2010 1790 casua
2038 1733 2222 1794 quem
2252 1713 2519 1777 maxime
2550 1715 2776 1797 urgent
2806 1713 2920 1791 1111,
2955 1714 3066 1794 qui
3095 1732 3198 1795 pro

748 1819 1113 1884 necessitate
1161 1818 1604 1901 acceptationis
1665 1835 1941 1901 pugnare
2002 1816 2307 1892 videntur,
2356 1815 2457 1879 hic
2500 1815 2757 1897 inquam
2818 1835 2998 1881 casus
3051 1817 3201 1881 nihil

748 1921 984 1985 confert
1010 1918 1093 1984 ad
1126 1921 1436 1985 cardinem
1468 1919 1943 1996 controversiae,
1983 1918 2163 2000 quasi
2197 1919 2294 1982 101
2323 1938 2540 2001 nempe
2585 1919 2713 1982 vim
2750 1938 2873 1984 non
2905 1920 3203 1984 sortiatur

750 2023 870 2085 nisi
915 2042 988 2085 ex
1033 2023 1251 2105 populi
1298 2023 1736 2106 acceptatione.

837 2124 919 2187 Et
950 2144 1098 2189 sane
1136 2125 1429 2190 Valentia
1476 2128 1629 2189 tom.
1680 2127 1740 2187 2.
1791 2123 1946 2205 disp.
1999 2123 2056 2186 7.
2091 2143 2149 2204 q.
2187 2124 2245 2186 5.
2285 2125 2497 2205 punct.
2531 2125 2592 2187 5.
2630 2123 2724 2188 ita
2760 2124 3200 2189 ratiocinatur:

754 2251 790 2284 «
821 2226 1134 2291 Probatur
1178 2227 1290 2309 (sc.
1323 2227 1516 2292 thesis
1554 2227 1628 2290 de
1672 2225 2038 2290 necessitate
2086 2225 2574 2308 acceptationis),
2624 2225 2921 2307 quoniam
2956 2226 3054 2290 101
3099 2227 3204 2291 hu-

747 2348 952 2407 mana,
1002 2350 1160 2411 quae
1200 2350 1235 2393 a
1268 2330 1534 2395 subditis
1564 2348 1685 2394 non
1720 2329 2096 2410 acceptatur,
2122 2327 2239 2392 hoc
2268 2327 2403 2409 ipso
2442 2327 2686 2392 videtur
2715 2346 2846 2392 esse
2875 2328 3118 2394 inutilis
3141 2354 3199 2391 ».

748 2431 829 2495 Et
875 2432 1070 2497 infra:
1112 2458 1147 2491 «
1185 2434 1417 2497 Inutile
1465 2451 1537 2496 ac
1583 2431 1996 2515 periculosum
2033 2431 2130 2494 est
2161 2429 2351 2494 talem
2381 2429 2895 2494 communitatem
2944 2431 3204 2516 obligari

749 2534 905 2619 lege,
956 2555 1145 2617 quam
1191 2536 1418 2601 saltem
1462 2535 1663 2599 maior
1694 2553 1837 2616 pars
1868 2551 1991 2598 non
2023 2532 2299 2615 acceptet
2345 2556 2405 2595 ».
2453 2558 2487 2591 ⁴1<
2533 2531 2741 2614 Atque
2787 2533 2939 2600 adeo
2971 2534 3089 2611 101,
3121 2534 3205 2598 in·

748 2638 889 2718 quit
934 2638 1071 2702 loco
1120 2622 1345 2720 priori,¹
1389 2640 1559 2702 caret
1604 2655 1729 2700 una
1777 2656 1848 2699 ex
1894 2635 2350 2700 conditionibus
2412 2636 2727 2716 requisitis
2773 2634 2851 2700 ad
2896 2637 3205 2702 iustitiam

756 2737 910 2821 legis
958 2739 1266 2802 humanae
1296 2764 1359 2802 ».

839 2837 1017 2917 Quod
1063 2840 1311 2921 quidem
1348 2840 1511 2904 idem
1541 2840 1835 2904 Valentia
1871 2838 2199 2904 confirmat
2234 2860 2306 2905 ex
2337 2860 2427 2915 00,
2463 2840 2629 2921 quod
2659 2860 2706 2905 s.
2742 2841 3016 2907 Thomas
3053 2845 3109 2907 1.
3145 2846 3201 2907 2.

748 2961 808 3022 q.
844 2942 948 3005 97.
985 2944 1103 3021 art.
1137 2943 1199 3006 3.
1240 2943 1318 3007 ad
1357 2944 1415 3006 2.
1458 2968 1492 3001 «
1526 2944 1604 3007 ob
1633 2942 1903 3008 similem
1933 2961 2185 3007 causam
2222 2942 2518 3019 insinuat,
2552 2944 2931 3009 contrariam
2959 2964 3208 3010 consue-

747 3043 1030 3109 tudinem
1060 3045 1310 3111 etiamsi
1340 3046 1417 3109 ab
1453 3045 1635 3110 initio
1660 3044 1847 3109 fuerit
1871 3045 2038 3109 mala
2062 3048 2124 3109 et
2146 3044 2389 3121 illicita,
2419 3044 2677 3121 efficere,
2711 3048 2786 3110 ut
2813 3046 2912 3111 101
2936 3047 3205 3113 humana

751 3147 1113 3227 obsolescat,
1164 3148 1324 3213 idest
1371 3148 1639 3230 amplius
1671 3166 1795 3211 non
1828 3147 2095 3231 obliget;
2144 3147 2292 3228 quia
2337 3146 2572 3211 scilicet
2614 3147 3030 3214 invalescente
3074 3169 3206 3215 con·

749 3250 1076 3315 suetudine
1122 3251 1453 3327 contraria,
1502 3251 1599 3315 101
1644 3250 1771 3337 iam
1818 3251 1978 3315 esset
2025 3249 2265 3313 inutilis
2334 3250 2773 3315 communitati
2818 3276 2879 3314 ».
2942 3251 3027 3316 Et
3073 3253 3205 3317 dein

750 3354 928 3417 affert
964 3354 1288 3429 rationem,
1336 3373 1460 3435 qua
1505 3352 1826 3418 Navarrus
1857 3372 1988 3436 cap.
2024 3353 2129 3416 23.
2162 3373 2220 3416 n.
2258 3352 2362 3415 67.
2395 3353 2637 3435 probat,
2676 3374 2804 3418 non
2819 3374 3011 3433 posse
3041 3355 3207 3437 exiqi

753 3476 796 3517 a
832 3456 1289 3529 communitate,
1323 3458 1395 3518 ut
1421 3459 1915 3537 transm-cesores
1937 3474 2209 3534 poenam
2242 3456 2369 3535 ipsi
2403 3454 2478 3518 dc
2506 3475 2573 3520 se
2594 3461 2885 3520 sumant:
2917 3459 3208 3539 quoniam

750 3556 1105 3620 huiusnwdi
1128 3556 1568 3636 lexpraeberet
1587 3557 1856 3621 subditis
1880 3578 2174 3638 maynam
2194 3559 2573 3622 occasionem
2590 3558 2899 3638 peccandi
2921 3562 2985 3625 et
3014 3565 3206 3626 trans-

751 3659 1066 3743 grediendi
1095 3662 1512 3743 praeceptum,
1552 3660 1857 3742 siquidem
1882 3679 2092 3725 omnes
2128 3661 2501 3726 naturaliter
2533 3662 2610 3726 ab
2647 3680 2718 3726 eo
2757 3662 3111 3741 abhorrent,
3136 3664 3204 3727 ut

749 3781 815 3825 se
862 3761 1142 3844 puniant.
1183 3787 1219 3821 «
1251 3761 1421 3843 Quae
1467 3764 1651 3842 ratio,
1691 3762 1904 3827 subdit
1949 3763 2259 3841 Valentia,
2308 3763 2418 3828 illo
2464 3766 2679 3829 nostro
2725 3764 2953 3830 nititur
2998 3765 3205 3830 funda·

751 3867 984 3943 mento,
1026 3864 1156 3929 scil.
1189 3866 1392 3950 legem
1436 3884 1559 3930 non
1606 3884 1736 3929 esse
1782 3865 2017 3930 iustam
2063 3885 2259 3947 neque
2305 3866 2599 3950 obligare,
2639 3866 2885 3948 quando
2932 3867 2998 3933 id
3045 3885 3204 3951 prae-

750 3972 986 4049 scribit,
1038 3991 1074 4036 a
1121 3991 1244 4054 quo
1293 3973 1473 4056 plane
1521 3972 1813 4037 abhorret
1857 3973 1991 4055 ipsa
2039 3973 2486 4051 communitas;
2550 3974 2697 4055 quia
2751 3977 2902 4038 tunc
2948 3994 3072 4040 non
3115 3975 3202 4038 est

753 4074 946 4149 utilis,
998 4074 1103 4139 sed
1150 4075 1493 4157 periculosa
1524 4100 1586 4137 ».

841 4175 1036 4240 Porro
1073 4178 1212 4240 tota
1244 4178 1394 4241 haec
1425 4178 1843 4255 ratiocinatiO,
1862 4177 1961 4241 uti
1997 4179 2191 4259 patet,
2215 4196 2338 4242 non
2369 4178 2610 4260 probat,
2631 4178 2758 4242 vim
2781 4178 2905 4263 legi
2935 4179 3203 4245 accedere

750 4297 823 4341 01
872 4279 1343 4342 communitatis
1391 4281 1841 4361 acceptatione3
1891 4279 1997 4344 sed
2044 4278 2121 4343 ad
2168 4298 2483 4344 summum
2528 4279 2770 4362 probat,
2820 4281 3203 4363 prudentiam

761 4379 879 4443 hoc
927 4380 1243 4461 postulare
1292 4400 1327 4444 a
1375 4382 1665 4464 principe,
1702 4384 1775 4446 ut
1804 4383 1867 4446 in
1899 4382 1977 4446 iis
2008 4382 2316 4446 adiunctis
2345 4382 2548 4467 legem
2569 4384 2848 4447 revocet:
2883 4401 3008 4448 non
3039 4399 3203 4447 secus

750 4499 824 4544 ac
870 4480 1155 4546 videlicet
1190 4482 1402 4547 eadem
1433 4483 1796 4565 prudentiae
1842 4484 2004 4549 ratio
2052 4485 2336 4568 suggerit
2366 4485 2532 4566 patri
2562 4484 2658 4550 vel
2689 4485 2918 4550 marito
2958 4486 3056 4550 vel
3083 4502 3204 4549 ma-
