<?xml version="1.0" encoding="UTF-8"?>
<!DOCTYPE html PUBLIC "-//W3C//DTD XHTML 1.0 Transitional//EN"
    "http://www.w3.org/TR/xhtml1/DTD/xhtml1-transitional.dtd">
<html xmlns="http://www.w3.org/1999/xhtml" xml:lang="en" lang="en">
 <head>
  <title>
</title>
<meta http-equiv="Content-Type" content="text/html;charset=utf-8" />
  <meta name='ocr-system' content='tesseract 3.04.00' />
  <meta name='ocr-capabilities' content='ocr_page ocr_carea ocr_par ocr_line ocrx_word'/>
</head>
<body>
  <div class='ocr_page' id='page_1' title='image "./opustheologicum00palmgoog/opustheologicum00palmgoog_0080.png"; bbox 0 0 3529 5158; ppageno 0'>
   <div class='ocr_carea' id='block_1_1' title="bbox 871 411 2748 469">
    <p class='ocr_par' dir='ltr' id='par_1_1' title="bbox 871 411 2748 469">
     <span class='ocr_line' id='line_1_1' title="bbox 871 411 2748 469; baseline 0.004 -17"><span class='ocrx_word' id='word_1_1' title='bbox 871 411 1359 455; x_wconf 70' lang='lat' dir='ltr'>PROPosl&#39;rlONUM</span> <span class='ocrx_word' id='word_1_2' title='bbox 1402 414 1850 469; x_wconf 63' lang='lat' dir='ltr'>DAMNATARUM,</span> <span class='ocrx_word' id='word_1_3' title='bbox 1890 416 1930 455; x_wconf 75' lang='lat' dir='ltr'>A</span> <span class='ocrx_word' id='word_1_4' title='bbox 1969 415 2069 456; x_wconf 87' lang='lat' dir='ltr'>Plo</span> <span class='ocrx_word' id='word_1_5' title='bbox 2107 416 2188 457; x_wconf 80' lang='lat' dir='ltr'>VI.</span> <span class='ocrx_word' id='word_1_6' title='bbox 2586 419 2748 461; x_wconf 77' lang='lat' dir='ltr'><strong>Lxxv</strong></span> 
     </span>
    </p>
   </div>
   <div class='ocr_carea' id='block_1_2' title="bbox 289 512 2756 2449">
    <p class='ocr_par' dir='ltr' id='par_1_2' title="bbox 298 512 2753 775">
     <span class='ocr_line' id='line_1_2' title="bbox 382 512 2748 592; baseline 0.003 -18"><span class='ocrx_word' id='word_1_7' title='bbox 382 517 483 575; x_wconf 87' lang='grc'>70.</span> <span class='ocrx_word' id='word_1_8' title='bbox 519 515 690 574; x_wconf 89' lang='lat' dir='ltr'>Item</span> <span class='ocrx_word' id='word_1_9' title='bbox 739 512 1043 573; x_wconf 88' lang='lat' dir='ltr'>doctrina</span> <span class='ocrx_word' id='word_1_10' title='bbox 1087 518 1157 573; x_wconf 91' lang='lat' dir='ltr'>et</span> <span class='ocrx_word' id='word_1_11' title='bbox 1187 513 1623 590; x_wconf 76' lang='lat' dir='ltr'>praescriptio</span> <span class='ocrx_word' id='word_1_12' title='bbox 1656 516 2021 591; x_wconf 76' lang='lat' dir='ltr'>generatim</span> <span class='ocrx_word' id='word_1_13' title='bbox 2072 518 2436 592; x_wconf 88' lang='lat' dir='ltr'>reprobans</span> <span class='ocrx_word' id='word_1_14' title='bbox 2488 535 2748 580; x_wconf 89' lang='lat' dir='ltr'>omnem</span> 
     </span>
     <span class='ocr_line' id='line_1_3' title="bbox 298 602 2753 682; baseline 0.002 -18"><span class='ocrx_word' id='word_1_15' title='bbox 298 603 638 679; x_wconf 81' lang='lat' dir='ltr'>specialem</span> <span class='ocrx_word' id='word_1_16' title='bbox 686 603 963 680; x_wconf 88' lang='lat' dir='ltr'>cultum,</span> <span class='ocrx_word' id='word_1_17' title='bbox 1012 618 1210 676; x_wconf 91' lang='lat' dir='ltr'>quem</span> <span class='ocrx_word' id='word_1_18' title='bbox 1266 602 1470 663; x_wconf 88' lang='lat' dir='ltr'>alicui</span> <span class='ocrx_word' id='word_1_19' title='bbox 1516 604 1864 680; x_wconf 79' lang='lat' dir='ltr'>speciatim</span> <span class='ocrx_word' id='word_1_20' title='bbox 1909 605 2190 682; x_wconf 85' lang='lat' dir='ltr'>imagini</span> <span class='ocrx_word' id='word_1_21' title='bbox 2246 609 2466 667; x_wconf 88' lang='lat' dir='ltr'>solent</span> <span class='ocrx_word' id='word_1_22' title='bbox 2523 609 2753 669; x_wconf 81' lang='lat' dir='ltr'>fideles</span> 
     </span>
     <span class='ocr_line' id='line_1_4' title="bbox 300 690 2508 775; baseline 0.002 -23"><span class='ocrx_word' id='word_1_23' title='bbox 300 692 669 769; x_wconf 84' lang='lat' dir='ltr'>impendere</span> <span class='ocrx_word' id='word_1_24' title='bbox 718 697 787 751; x_wconf 91' lang='lat' dir='ltr'>et</span> <span class='ocrx_word' id='word_1_25' title='bbox 833 691 917 751; x_wconf 88' lang='lat' dir='ltr'>ad</span> <span class='ocrx_word' id='word_1_26' title='bbox 963 690 1176 766; x_wconf 81' lang='lat' dir='ltr'>ipsam</span> <span class='ocrx_word' id='word_1_27' title='bbox 1225 692 1453 767; x_wconf 85' lang='lat' dir='ltr'>potius</span> <span class='ocrx_word' id='word_1_28' title='bbox 1500 710 1699 767; x_wconf 88' lang='lat' dir='ltr'>quam</span> <span class='ocrx_word' id='word_1_29' title='bbox 1747 693 1831 752; x_wconf 87' lang='lat' dir='ltr'>ad</span> <span class='ocrx_word' id='word_1_30' title='bbox 1881 695 2079 754; x_wconf 86' lang='lat' dir='ltr'>aliam</span> <span class='ocrx_word' id='word_1_31' title='bbox 2127 695 2508 775; x_wconf 82' lang='lat' dir='ltr'>confugere,</span> 
     </span>
    </p>

    <p class='ocr_par' dir='ltr' id='par_1_3' title="bbox 381 780 2748 863">
     <span class='ocr_line' id='line_1_5' title="bbox 381 780 2748 863; baseline 0.003 -22"><span class='ocrx_word' id='word_1_32' title='bbox 381 781 774 859; x_wconf 81' lang='lat' dir='ltr'>Temeraria,</span> <span class='ocrx_word' id='word_1_33' title='bbox 799 780 1190 857; x_wconf 85' lang='lat' dir='ltr'>perniciosa,</span> <span class='ocrx_word' id='word_1_34' title='bbox 1217 781 1329 856; x_wconf 90' lang='lat' dir='ltr'>pio</span> <span class='ocrx_word' id='word_1_35' title='bbox 1366 798 1486 856; x_wconf 88' lang='lat' dir='ltr'>per</span> <span class='ocrx_word' id='word_1_36' title='bbox 1518 782 1879 843; x_wconf 83' lang='lat' dir='ltr'>Ecclesiam</span> <span class='ocrx_word' id='word_1_37' title='bbox 1917 784 2346 859; x_wconf 85' lang='lat' dir='ltr'>frequentato</span> <span class='ocrx_word' id='word_1_38' title='bbox 2376 787 2568 863; x_wconf 86' lang='lat' dir='ltr'>mori,</span> <span class='ocrx_word' id='word_1_39' title='bbox 2605 791 2748 846; x_wconf 87' lang='lat' dir='ltr'>tum</span> 
     </span>
    </p>

    <p class='ocr_par' dir='ltr' id='par_1_4' title="bbox 465 869 2751 1125">
     <span class='ocr_line' id='line_1_6' title="bbox 465 869 2751 947; baseline 0.002 -17"><span class='ocrx_word' id='word_1_40' title='bbox 465 874 534 931; x_wconf 90' lang='lat' dir='ltr'>et</span> <span class='ocrx_word' id='word_1_41' title='bbox 565 869 666 931; x_wconf 92' lang='lat' dir='ltr'>illi</span> <span class='ocrx_word' id='word_1_42' title='bbox 698 869 1164 946; x_wconf 78' lang='lat' dir='ltr'>providentIae</span> <span class='ocrx_word' id='word_1_43' title='bbox 1186 869 1404 930; x_wconf 87' lang='lat' dir='ltr'>ordini</span> <span class='ocrx_word' id='word_1_44' title='bbox 1444 870 1784 947; x_wconf 85' lang='lat' dir='ltr'>iniuriosa,</span> <span class='ocrx_word' id='word_1_45' title='bbox 1812 889 1946 947; x_wconf 89' lang='lat' dir='ltr'>quo</span> <span class='ocrx_word' id='word_1_46' title='bbox 1977 873 2074 932; x_wconf 74' lang='lat' dir='ltr'>ita</span> <span class='ocrx_word' id='word_1_47' title='bbox 2098 873 2273 933; x_wconf 72' lang='lat' dir='ltr'>Deus</span> <span class='ocrx_word' id='word_1_48' title='bbox 2305 892 2415 934; x_wconf 69' lang='lat' dir='ltr'>nec</span> <span class='ocrx_word' id='word_1_49' title='bbox 2447 874 2519 934; x_wconf 71' lang='lat' dir='ltr'>in</span> <span class='ocrx_word' id='word_1_50' title='bbox 2550 877 2751 934; x_wconf 60' lang='lat' dir='ltr'>orn-ni.-</span> 
     </span>
     <span class='ocr_line' id='line_1_7' title="bbox 469 958 2748 1041; baseline 0.001 -21"><span class='ocrx_word' id='word_1_51' title='bbox 469 960 581 1020; x_wconf 71' lang='lat' dir='ltr'>bus</span> <span class='ocrx_word' id='word_1_52' title='bbox 627 959 945 1021; x_wconf 62' lang='lat' dir='ltr'>memoriis</span> <span class='ocrx_word' id='word_1_53' title='bbox 992 958 1370 1019; x_wconf 79' lang='lat' dir='ltr'>Sanctorum</span> <span class='ocrx_word' id='word_1_54' title='bbox 1414 960 1544 1019; x_wconf 75' lang='lat' dir='ltr'>ista</span> <span class='ocrx_word' id='word_1_55' title='bbox 1573 961 1729 1037; x_wconf 71' lang='lat' dir='ltr'>fieri</span> <span class='ocrx_word' id='word_1_56' title='bbox 1777 961 1998 1037; x_wconf 74' lang='lat' dir='ltr'>voluit,</span> <span class='ocrx_word' id='word_1_57' title='bbox 2049 963 2157 1038; x_wconf 77' lang='lat' dir='ltr'>qui</span> <span class='ocrx_word' id='word_1_58' title='bbox 2202 962 2438 1023; x_wconf 67' lang='lat' dir='ltr'>dividit</span> <span class='ocrx_word' id='word_1_59' title='bbox 2474 966 2748 1041; x_wconf 73' lang='lat' dir='ltr'>propria</span> 
     </span>
     <span class='ocr_line' id='line_1_8' title="bbox 477 1049 1242 1125; baseline -0.001 -16"><span class='ocrx_word' id='word_1_60' title='bbox 477 1049 809 1125; x_wconf 70' lang='lat' dir='ltr'>unicuique</span> <span class='ocrx_word' id='word_1_61' title='bbox 847 1052 1043 1125; x_wconf 76' lang='lat' dir='ltr'>prout</span> <span class='ocrx_word' id='word_1_62' title='bbox 1090 1049 1242 1108; x_wconf 78' lang='lat' dir='ltr'>vult.</span> 
     </span>
    </p>

    <p class='ocr_par' dir='ltr' id='par_1_5' title="bbox 297 1136 2747 1302">
     <span class='ocr_line' id='line_1_9' title="bbox 377 1136 2747 1218; baseline 0.001 -18"><span class='ocrx_word' id='word_1_63' title='bbox 377 1141 479 1200; x_wconf 82' lang='lat' dir='ltr'>Ex</span> <span class='ocrx_word' id='word_1_64' title='bbox 535 1155 587 1199; x_wconf 86' lang='lat' dir='ltr'>s.</span> <span class='ocrx_word' id='word_1_65' title='bbox 637 1141 934 1213; x_wconf 79' lang='lat' dir='ltr'>August.</span> <span class='ocrx_word' id='word_1_66' title='bbox 981 1136 1177 1212; x_wconf 89' lang='lat' dir='ltr'>epist.</span> <span class='ocrx_word' id='word_1_67' title='bbox 1233 1140 1333 1199; x_wconf 89' lang='grc'>78.</span> <span class='ocrx_word' id='word_1_68' title='bbox 1383 1139 1579 1213; x_wconf 87' lang='lat' dir='ltr'>clerc,</span> <span class='ocrx_word' id='word_1_69' title='bbox 1629 1139 2004 1200; x_wconf 89' lang='lat' dir='ltr'>senioribus</span> <span class='ocrx_word' id='word_1_70' title='bbox 2049 1144 2120 1200; x_wconf 86' lang='lat' dir='ltr'>et</span> <span class='ocrx_word' id='word_1_71' title='bbox 2167 1142 2522 1202; x_wconf 86' lang='lat' dir='ltr'>universae</span> <span class='ocrx_word' id='word_1_72' title='bbox 2570 1143 2747 1218; x_wconf 87' lang='lat' dir='ltr'>plebi</span> 
     </span>
     <span class='ocr_line' id='line_1_10' title="bbox 297 1226 1124 1302; baseline -0.006 -11"><span class='ocrx_word' id='word_1_73' title='bbox 297 1228 613 1291; x_wconf 85' lang='lat' dir='ltr'>ecclesiae</span> <span class='ocrx_word' id='word_1_74' title='bbox 645 1226 1124 1302; x_wconf 82' lang='lat' dir='ltr'>Hipponensis.</span> 
     </span>
    </p>

    <p class='ocr_par' dir='ltr' id='par_1_6' title="bbox 295 1317 2753 1662">
     <span class='ocr_line' id='line_1_11' title="bbox 380 1317 2751 1397; baseline 0 -19"><span class='ocrx_word' id='word_1_75' title='bbox 380 1321 487 1379; x_wconf 94' lang='grc'>71.</span> <span class='ocrx_word' id='word_1_76' title='bbox 527 1318 700 1377; x_wconf 87' lang='lat' dir='ltr'>Item</span> <span class='ocrx_word' id='word_1_77' title='bbox 745 1331 919 1391; x_wconf 88' lang='lat' dir='ltr'>quae</span> <span class='ocrx_word' id='word_1_78' title='bbox 964 1318 1173 1394; x_wconf 85' lang='lat' dir='ltr'>vetat,</span> <span class='ocrx_word' id='word_1_79' title='bbox 1216 1332 1302 1377; x_wconf 92' lang='lat' dir='ltr'>ne</span> <span class='ocrx_word' id='word_1_80' title='bbox 1347 1317 1674 1393; x_wconf 84' lang='lat' dir='ltr'>imagines</span> <span class='ocrx_word' id='word_1_81' title='bbox 1718 1318 2106 1392; x_wconf 87' lang='lat' dir='ltr'>praesertim</span> <span class='ocrx_word' id='word_1_82' title='bbox 2159 1319 2393 1381; x_wconf 86' lang='lat' dir='ltr'>beatae</span> <span class='ocrx_word' id='word_1_83' title='bbox 2443 1320 2751 1397; x_wconf 86' lang='lat' dir='ltr'>Virginis</span> 
     </span>
     <span class='ocr_line' id='line_1_12' title="bbox 298 1404 2750 1486; baseline 0.001 -18"><span class='ocrx_word' id='word_1_84' title='bbox 298 1408 446 1469; x_wconf 88' lang='lat' dir='ltr'>ullis</span> <span class='ocrx_word' id='word_1_85' title='bbox 493 1404 716 1467; x_wconf 89' lang='lat' dir='ltr'>titulis</span> <span class='ocrx_word' id='word_1_86' title='bbox 770 1405 1300 1483; x_wconf 71' lang='lat' dir='ltr'>distinguantur,</span> <span class='ocrx_word' id='word_1_87' title='bbox 1348 1410 1816 1481; x_wconf 82' lang='lat' dir='ltr'>praeterquam</span> <span class='ocrx_word' id='word_1_88' title='bbox 1861 1407 2519 1471; x_wconf 84' lang='lat' dir='ltr'>denominationibus</span> <span class='ocrx_word' id='word_1_89' title='bbox 2575 1428 2750 1486; x_wconf 87' lang='lat' dir='ltr'>quae</span> 
     </span>
     <span class='ocr_line' id='line_1_13' title="bbox 295 1493 2753 1574; baseline 0.001 -17"><span class='ocrx_word' id='word_1_90' title='bbox 295 1498 426 1558; x_wconf 86' lang='lat' dir='ltr'>sint</span> <span class='ocrx_word' id='word_1_91' title='bbox 455 1496 782 1571; x_wconf 87' lang='lat' dir='ltr'>analogae</span> <span class='ocrx_word' id='word_1_92' title='bbox 810 1493 1167 1572; x_wconf 85' lang='lat' dir='ltr'>mysteriis,</span> <span class='ocrx_word' id='word_1_93' title='bbox 1202 1495 1285 1555; x_wconf 91' lang='lat' dir='ltr'>de</span> <span class='ocrx_word' id='word_1_94' title='bbox 1322 1496 1570 1571; x_wconf 88' lang='lat' dir='ltr'>quibus</span> <span class='ocrx_word' id='word_1_95' title='bbox 1607 1496 1676 1556; x_wconf 83' lang='lat' dir='ltr'>in</span> <span class='ocrx_word' id='word_1_96' title='bbox 1711 1513 1898 1557; x_wconf 87' lang='lat' dir='ltr'>sacra</span> <span class='ocrx_word' id='word_1_97' title='bbox 1929 1498 2278 1573; x_wconf 80' lang='lat' dir='ltr'>Scriptura</span> <span class='ocrx_word' id='word_1_98' title='bbox 2309 1516 2625 1574; x_wconf 84' lang='lat' dir='ltr'>expressa</span> <span class='ocrx_word' id='word_1_99' title='bbox 2671 1500 2753 1559; x_wconf 79' lang='lat' dir='ltr'>iit</span> 
     </span>
     <span class='ocr_line' id='line_1_14' title="bbox 298 1585 564 1662; baseline -0.011 -16"><span class='ocrx_word' id='word_1_100' title='bbox 298 1585 564 1662; x_wconf 87' lang='lat' dir='ltr'>menti0,</span> 
     </span>
    </p>

    <p class='ocr_par' dir='ltr' id='par_1_7' title="bbox 294 1671 2753 1915">
     <span class='ocr_line' id='line_1_15' title="bbox 381 1671 2752 1750; baseline 0 -15"><span class='ocrx_word' id='word_1_101' title='bbox 381 1673 589 1749; x_wconf 80' lang='lat' dir='ltr'>Quasi</span> <span class='ocrx_word' id='word_1_102' title='bbox 623 1689 746 1733; x_wconf 92' lang='lat' dir='ltr'>nec</span> <span class='ocrx_word' id='word_1_103' title='bbox 785 1671 1075 1732; x_wconf 85' lang='lat' dir='ltr'>adscribi</span> <span class='ocrx_word' id='word_1_104' title='bbox 1107 1678 1385 1748; x_wconf 87' lang='lat' dir='ltr'>possent</span> <span class='ocrx_word' id='word_1_105' title='bbox 1422 1674 1829 1750; x_wconf 84' lang='lat' dir='ltr'>imaginibus</span> <span class='ocrx_word' id='word_1_106' title='bbox 1867 1675 2020 1749; x_wconf 85' lang='lat' dir='ltr'>piae</span> <span class='ocrx_word' id='word_1_107' title='bbox 2057 1675 2228 1736; x_wconf 84' lang='lat' dir='ltr'>aliae</span> <span class='ocrx_word' id='word_1_108' title='bbox 2267 1676 2752 1737; x_wconf 86' lang='lat' dir='ltr'>denominatio—</span> 
     </span>
     <span class='ocr_line' id='line_1_16' title="bbox 299 1760 2753 1840; baseline 0 -17"><span class='ocrx_word' id='word_1_109' title='bbox 299 1780 429 1840; x_wconf 84' lang='lat' dir='ltr'>nes,</span> <span class='ocrx_word' id='word_1_110' title='bbox 457 1779 628 1839; x_wconf 87' lang='lat' dir='ltr'>quas</span> <span class='ocrx_word' id='word_1_111' title='bbox 660 1762 768 1824; x_wconf 82' lang='lat' dir='ltr'>vel</span> <span class='ocrx_word' id='word_1_112' title='bbox 799 1760 873 1821; x_wconf 88' lang='lat' dir='ltr'>in</span> <span class='ocrx_word' id='word_1_113' title='bbox 905 1761 1211 1837; x_wconf 84' lang='lat' dir='ltr'>ipsismet</span> <span class='ocrx_word' id='word_1_114' title='bbox 1241 1763 1531 1838; x_wconf 89' lang='lat' dir='ltr'>publicis</span> <span class='ocrx_word' id='word_1_115' title='bbox 1554 1763 1863 1837; x_wconf 87' lang='lat' dir='ltr'>precibus</span> <span class='ocrx_word' id='word_1_116' title='bbox 1887 1764 2186 1825; x_wconf 84' lang='lat' dir='ltr'>Ecclesia</span> <span class='ocrx_word' id='word_1_117' title='bbox 2214 1766 2454 1840; x_wconf 85' lang='lat' dir='ltr'>probat</span> <span class='ocrx_word' id='word_1_118' title='bbox 2484 1768 2554 1825; x_wconf 92' lang='lat' dir='ltr'>et</span> <span class='ocrx_word' id='word_1_119' title='bbox 2577 1781 2753 1824; x_wconf 89' lang='lat' dir='ltr'>com-</span> 
     </span>
     <span class='ocr_line' id='line_1_17' title="bbox 294 1852 609 1915; baseline -0.006 -2"><span class='ocrx_word' id='word_1_120' title='bbox 294 1852 609 1915; x_wconf 85' lang='lat' dir='ltr'>mendat:</span> 
     </span>
    </p>

    <p class='ocr_par' dir='ltr' id='par_1_8' title="bbox 378 1940 2756 2019">
     <span class='ocr_line' id='line_1_18' title="bbox 378 1940 2756 2019; baseline 0 -17"><span class='ocrx_word' id='word_1_121' title='bbox 378 1941 776 2019; x_wconf 84' lang='lat' dir='ltr'>Temeraria,</span> <span class='ocrx_word' id='word_1_122' title='bbox 816 1940 1077 2017; x_wconf 87' lang='lat' dir='ltr'>piarum</span> <span class='ocrx_word' id='word_1_123' title='bbox 1125 1942 1385 2001; x_wconf 87' lang='lat' dir='ltr'>aurium</span> <span class='ocrx_word' id='word_1_124' title='bbox 1434 1942 1784 2019; x_wconf 86' lang='lat' dir='ltr'>offensiva,</span> <span class='ocrx_word' id='word_1_125' title='bbox 1820 1942 2235 2003; x_wconf 87' lang='lat' dir='ltr'>venerationi</span> <span class='ocrx_word' id='word_1_126' title='bbox 2284 1943 2516 2004; x_wconf 85' lang='lat' dir='ltr'>beatae</span> <span class='ocrx_word' id='word_1_127' title='bbox 2565 1959 2756 2018; x_wconf 86' lang='lat' dir='ltr'>prae-</span> 
     </span>
    </p>

    <p class='ocr_par' dir='ltr' id='par_1_9' title="bbox 465 2030 1680 2107">
     <span class='ocr_line' id='line_1_19' title="bbox 465 2030 1680 2107; baseline -0.001 -14"><span class='ocrx_word' id='word_1_128' title='bbox 465 2031 700 2093; x_wconf 77' lang='lat' dir='ltr'>sertim</span> <span class='ocrx_word' id='word_1_129' title='bbox 736 2030 1005 2107; x_wconf 86' lang='lat' dir='ltr'>Virgini</span> <span class='ocrx_word' id='word_1_130' title='bbox 1043 2030 1310 2092; x_wconf 86' lang='lat' dir='ltr'>debitae</span> <span class='ocrx_word' id='word_1_131' title='bbox 1340 2030 1680 2092; x_wconf 86' lang='lat' dir='ltr'>iniuriosa.</span> 
     </span>
    </p>

    <p class='ocr_par' dir='ltr' id='par_1_10' title="bbox 289 2120 2755 2286">
     <span class='ocr_line' id='line_1_20' title="bbox 381 2120 2755 2200; baseline 0 -19"><span class='ocrx_word' id='word_1_132' title='bbox 381 2122 484 2181; x_wconf 84' lang='grc'>72.</span> <span class='ocrx_word' id='word_1_133' title='bbox 540 2120 710 2181; x_wconf 88' lang='lat' dir='ltr'>Item</span> <span class='ocrx_word' id='word_1_134' title='bbox 758 2136 931 2195; x_wconf 87' lang='lat' dir='ltr'>quae</span> <span class='ocrx_word' id='word_1_135' title='bbox 975 2120 1166 2179; x_wconf 84' lang='lat' dir='ltr'>velut</span> <span class='ocrx_word' id='word_1_136' title='bbox 1211 2120 1490 2181; x_wconf 89' lang='lat' dir='ltr'>abusum</span> <span class='ocrx_word' id='word_1_137' title='bbox 1542 2120 1900 2196; x_wconf 87' lang='lat' dir='ltr'>exstirpari</span> <span class='ocrx_word' id='word_1_138' title='bbox 1946 2122 2098 2182; x_wconf 86' lang='lat' dir='ltr'>vult</span> <span class='ocrx_word' id='word_1_139' title='bbox 2143 2138 2412 2200; x_wconf 88' lang='lat' dir='ltr'>morem,</span> <span class='ocrx_word' id='word_1_140' title='bbox 2460 2138 2593 2197; x_wconf 91' lang='lat' dir='ltr'>quo</span> <span class='ocrx_word' id='word_1_141' title='bbox 2643 2138 2755 2183; x_wconf 80' lang='lat' dir='ltr'>ve-</span> 
     </span>
     <span class='ocr_line' id='line_1_21' title="bbox 289 2209 1602 2286; baseline 0.002 -19"><span class='ocrx_word' id='word_1_142' title='bbox 289 2209 459 2270; x_wconf 86' lang='lat' dir='ltr'>latae</span> <span class='ocrx_word' id='word_1_143' title='bbox 512 2211 947 2270; x_wconf 86' lang='lat' dir='ltr'>asservantur</span> <span class='ocrx_word' id='word_1_144' title='bbox 991 2214 1209 2270; x_wconf 88' lang='lat' dir='ltr'>certae</span> <span class='ocrx_word' id='word_1_145' title='bbox 1256 2209 1602 2286; x_wconf 78' lang='lat' dir='ltr'>imagineS‚</span> 
     </span>
    </p>

    <p class='ocr_par' dir='ltr' id='par_1_11' title="bbox 375 2297 2752 2377">
     <span class='ocr_line' id='line_1_22' title="bbox 375 2297 2752 2377; baseline 0.001 -19"><span class='ocrx_word' id='word_1_146' title='bbox 375 2298 777 2377; x_wconf 80' lang='lat' dir='ltr'>Temeraria,</span> <span class='ocrx_word' id='word_1_147' title='bbox 812 2297 1240 2373; x_wconf 85' lang='lat' dir='ltr'>frequent-ato</span> <span class='ocrx_word' id='word_1_148' title='bbox 1287 2298 1357 2358; x_wconf 90' lang='lat' dir='ltr'>in</span> <span class='ocrx_word' id='word_1_149' title='bbox 1405 2300 1705 2361; x_wconf 83' lang='lat' dir='ltr'>Ecclesia</span> <span class='ocrx_word' id='word_1_150' title='bbox 1735 2306 1806 2360; x_wconf 91' lang='lat' dir='ltr'>et</span> <span class='ocrx_word' id='word_1_151' title='bbox 1836 2300 1920 2359; x_wconf 88' lang='lat' dir='ltr'>ad</span> <span class='ocrx_word' id='word_1_152' title='bbox 1951 2300 2247 2361; x_wconf 86' lang='lat' dir='ltr'>fidelium</span> <span class='ocrx_word' id='word_1_153' title='bbox 2284 2301 2599 2375; x_wconf 89' lang='lat' dir='ltr'>pietatem</span> <span class='ocrx_word' id='word_1_154' title='bbox 2652 2300 2752 2361; x_wconf 87' lang='lat' dir='ltr'>fo-</span> 
     </span>
    </p>

    <p class='ocr_par' dir='ltr' id='par_1_12' title="bbox 463 2386 1670 2449">
     <span class='ocr_line' id='line_1_23' title="bbox 463 2386 1670 2449; baseline -0.001 -1"><span class='ocrx_word' id='word_1_155' title='bbox 463 2387 755 2448; x_wconf 82' lang='lat' dir='ltr'>vendam</span> <span class='ocrx_word' id='word_1_156' title='bbox 797 2386 1073 2447; x_wconf 88' lang='lat' dir='ltr'>inducto</span> <span class='ocrx_word' id='word_1_157' title='bbox 1110 2387 1277 2449; x_wconf 89' lang='lat' dir='ltr'>mori</span> <span class='ocrx_word' id='word_1_158' title='bbox 1316 2389 1670 2448; x_wconf 87' lang='lat' dir='ltr'>contraria.</span> 
     </span>
    </p>
   </div>
   <div class='ocr_carea' id='block_1_3' title="bbox 1322 2597 1720 2647">
    <p class='ocr_par' dir='ltr' id='par_1_13' title="bbox 1322 2597 1720 2647">
     <span class='ocr_line' id='line_1_24' title="bbox 1322 2597 1720 2647; baseline 0 -1"><span class='ocrx_word' id='word_1_159' title='bbox 1322 2599 1422 2646; x_wconf 72' lang='lat' dir='ltr'>DE</span> <span class='ocrx_word' id='word_1_160' title='bbox 1466 2597 1720 2647; x_wconf 75' lang='lat' dir='ltr'>FESTIS</span> 
     </span>
    </p>
   </div>
   <div class='ocr_carea' id='block_1_4' title="bbox 281 2747 2756 3271">
    <p class='ocr_par' dir='ltr' id='par_1_14' title="bbox 651 2747 2079 2828">
     <span class='ocr_line' id='line_1_25' title="bbox 651 2747 2079 2828; baseline 0.002 -20"><span class='ocrx_word' id='word_1_161' title='bbox 651 2747 875 2808; x_wconf 79' lang='lat' dir='ltr'>Libell.</span> <span class='ocrx_word' id='word_1_162' title='bbox 908 2749 1258 2809; x_wconf 60' lang='lat' dir='ltr'>meinorial.</span> <span class='ocrx_word' id='word_1_163' title='bbox 1280 2765 1408 2826; x_wconf 78' lang='lat' dir='ltr'>pro</span> <span class='ocrx_word' id='word_1_164' title='bbox 1440 2749 1588 2823; x_wconf 70' lang='lat' dir='ltr'>fest.</span> <span class='ocrx_word' id='word_1_165' title='bbox 1623 2749 1881 2828; x_wconf 65' lang='lat' dir='ltr'>reform.</span> <span class='ocrx_word' id='word_1_166' title='bbox 1917 2751 1978 2828; x_wconf 66' lang='grc' dir='ltr'>ξ.</span> <span class='ocrx_word' id='word_1_167' title='bbox 2016 2753 2079 2811; x_wconf 90' lang='grc'>3.</span> 
     </span>
    </p>

    <p class='ocr_par' dir='ltr' id='par_1_15' title="bbox 281 2836 2752 3095">
     <span class='ocr_line' id='line_1_26' title="bbox 372 2836 2750 2913; baseline 0.002 -16"><span class='ocrx_word' id='word_1_168' title='bbox 372 2839 477 2898; x_wconf 88' lang='grc'>73.</span> <span class='ocrx_word' id='word_1_169' title='bbox 532 2836 917 2913; x_wconf 90' lang='lat' dir='ltr'>Propositio</span> <span class='ocrx_word' id='word_1_170' title='bbox 961 2837 1327 2898; x_wconf 89' lang='lat' dir='ltr'>enuntians</span> <span class='ocrx_word' id='word_1_171' title='bbox 1372 2855 1696 2899; x_wconf 83' lang='lat' dir='ltr'>novorum</span> <span class='ocrx_word' id='word_1_172' title='bbox 1752 2839 2075 2901; x_wconf 89' lang='lat' dir='ltr'>festorum</span> <span class='ocrx_word' id='word_1_173' title='bbox 2120 2840 2618 2902; x_wconf 84' lang='lat' dir='ltr'>institutionem</span> <span class='ocrx_word' id='word_1_174' title='bbox 2664 2857 2750 2901; x_wconf 83' lang='lat' dir='ltr'>ex</span> 
     </span>
     <span class='ocr_line' id='line_1_27' title="bbox 286 2926 2752 3004; baseline 0.002 -16"><span class='ocrx_word' id='word_1_175' title='bbox 286 2928 606 3004; x_wconf 69' lang='lat' dir='ltr'>neglectu</span> <span class='ocrx_word' id='word_1_176' title='bbox 650 2926 720 2986; x_wconf 86' lang='lat' dir='ltr'>in</span> <span class='ocrx_word' id='word_1_177' title='bbox 756 2927 1099 2989; x_wconf 80' lang='lat' dir='ltr'>veteribus</span> <span class='ocrx_word' id='word_1_178' title='bbox 1129 2926 1565 2990; x_wconf 81' lang='lat' dir='ltr'>observandis</span> <span class='ocrx_word' id='word_1_179' title='bbox 1599 2931 1669 2989; x_wconf 88' lang='lat' dir='ltr'>et</span> <span class='ocrx_word' id='word_1_180' title='bbox 1699 2945 1784 2989; x_wconf 80' lang='lat' dir='ltr'>ex</span> <span class='ocrx_word' id='word_1_181' title='bbox 1814 2928 2004 2992; x_wconf 83' lang='lat' dir='ltr'>falsis</span> <span class='ocrx_word' id='word_1_182' title='bbox 2049 2929 2442 2992; x_wconf 85' lang='lat' dir='ltr'>notionibus</span> <span class='ocrx_word' id='word_1_183' title='bbox 2468 2935 2752 2992; x_wconf 84' lang='lat' dir='ltr'>naturae</span> 
     </span>
     <span class='ocr_line' id='line_1_28' title="bbox 281 3016 2220 3095; baseline 0.004 -21"><span class='ocrx_word' id='word_1_184' title='bbox 281 3018 348 3075; x_wconf 89' lang='lat' dir='ltr'>et</span> <span class='ocrx_word' id='word_1_185' title='bbox 390 3016 557 3077; x_wconf 87' lang='lat' dir='ltr'>finis</span> <span class='ocrx_word' id='word_1_186' title='bbox 607 3016 967 3076; x_wconf 87' lang='lat' dir='ltr'>earundem</span> <span class='ocrx_word' id='word_1_187' title='bbox 1014 3016 1505 3077; x_wconf 87' lang='lat' dir='ltr'>solemnitatum</span> <span class='ocrx_word' id='word_1_188' title='bbox 1557 3018 1884 3095; x_wconf 89' lang='lat' dir='ltr'>originem</span> <span class='ocrx_word' id='word_1_189' title='bbox 1927 3018 2220 3095; x_wconf 82' lang='lat' dir='ltr'>duxisse,</span> 
     </span>
    </p>

    <p class='ocr_par' dir='ltr' id='par_1_16' title="bbox 365 3106 2756 3185">
     <span class='ocr_line' id='line_1_29' title="bbox 365 3106 2756 3185; baseline 0.002 -19"><span class='ocrx_word' id='word_1_190' title='bbox 365 3106 597 3184; x_wconf 82' lang='lat' dir='ltr'>Falsa,</span> <span class='ocrx_word' id='word_1_191' title='bbox 639 3106 1011 3180; x_wconf 80' lang='lat' dir='ltr'>temeraria,</span> <span class='ocrx_word' id='word_1_192' title='bbox 1050 3106 1457 3180; x_wconf 79' lang='lat' dir='ltr'>scandalosa‚</span> <span class='ocrx_word' id='word_1_193' title='bbox 1492 3107 1828 3169; x_wconf 79' lang='lat' dir='ltr'>Ecclesiae</span> <span class='ocrx_word' id='word_1_194' title='bbox 1857 3109 2202 3185; x_wconf 87' lang='lat' dir='ltr'>iniuriosa,</span> <span class='ocrx_word' id='word_1_195' title='bbox 2236 3108 2477 3169; x_wconf 84' lang='lat' dir='ltr'>favens</span> <span class='ocrx_word' id='word_1_196' title='bbox 2523 3111 2756 3170; x_wconf 84' lang='lat' dir='ltr'>haere-</span> 
     </span>
    </p>

    <p class='ocr_par' dir='ltr' id='par_1_17' title="bbox 459 3194 2693 3271">
     <span class='ocr_line' id='line_1_30' title="bbox 459 3194 2693 3271; baseline -0 -14"><span class='ocrx_word' id='word_1_197' title='bbox 459 3196 750 3258; x_wconf 83' lang='lat' dir='ltr'>ticorum</span> <span class='ocrx_word' id='word_1_198' title='bbox 802 3195 874 3256; x_wconf 86' lang='lat' dir='ltr'>in</span> <span class='ocrx_word' id='word_1_199' title='bbox 920 3195 1065 3255; x_wconf 88' lang='lat' dir='ltr'>dies</span> <span class='ocrx_word' id='word_1_200' title='bbox 1111 3194 1318 3257; x_wconf 76' lang='lat' dir='ltr'>festos</span> <span class='ocrx_word' id='word_1_201' title='bbox 1363 3212 1483 3271; x_wconf 88' lang='lat' dir='ltr'>per</span> <span class='ocrx_word' id='word_1_202' title='bbox 1527 3197 1897 3257; x_wconf 85' lang='lat' dir='ltr'>Ecclesiam</span> <span class='ocrx_word' id='word_1_203' title='bbox 1944 3197 2314 3257; x_wconf 86' lang='lat' dir='ltr'>celebratos</span> <span class='ocrx_word' id='word_1_204' title='bbox 2351 3197 2693 3256; x_wconf 79' lang='lat' dir='ltr'>conviciis.</span> 
     </span>
    </p>
   </div>
   <div class='ocr_carea' id='block_1_5' title="bbox 271 3415 2766 4569">
    <p class='ocr_par' dir='ltr' id='par_1_18' title="bbox 271 3415 2764 4121">
     <span class='ocr_line' id='line_1_31' title="bbox 368 3415 2755 3494; baseline -0 -15"><span class='ocrx_word' id='word_1_205' title='bbox 368 3421 403 3478; x_wconf 90' lang='grc'><strong>7</strong></span> <span class='ocrx_word' id='word_1_206' title='bbox 412 3422 475 3479; x_wconf 81' lang='lat'>4.</span> <span class='ocrx_word' id='word_1_207' title='bbox 503 3416 931 3478; x_wconf 86' lang='lat' dir='ltr'>Deliberatio</span> <span class='ocrx_word' id='word_1_208' title='bbox 956 3416 1207 3494; x_wconf 83' lang='lat' dir='ltr'>Synodi</span> <span class='ocrx_word' id='word_1_209' title='bbox 1233 3417 1316 3477; x_wconf 91' lang='lat' dir='ltr'>de</span> <span class='ocrx_word' id='word_1_210' title='bbox 1349 3416 1785 3478; x_wconf 85' lang='lat' dir='ltr'>trasferendis</span> <span class='ocrx_word' id='word_1_211' title='bbox 1806 3416 1878 3476; x_wconf 89' lang='lat' dir='ltr'>in</span> <span class='ocrx_word' id='word_1_212' title='bbox 1910 3416 2085 3476; x_wconf 87' lang='lat' dir='ltr'>diem</span> <span class='ocrx_word' id='word_1_213' title='bbox 2118 3415 2526 3478; x_wconf 83' lang='lat' dir='ltr'>dominicum</span> <span class='ocrx_word' id='word_1_214' title='bbox 2562 3416 2755 3478; x_wconf 88' lang='lat' dir='ltr'>festis</span> 
     </span>
     <span class='ocr_line' id='line_1_32' title="bbox 278 3505 2757 3583; baseline 0 -15"><span class='ocrx_word' id='word_1_215' title='bbox 278 3523 393 3582; x_wconf 86' lang='lat' dir='ltr'>per</span> <span class='ocrx_word' id='word_1_216' title='bbox 422 3523 697 3570; x_wconf 75' lang='lat' dir='ltr'>almum</span> <span class='ocrx_word' id='word_1_217' title='bbox 732 3505 1065 3567; x_wconf 84' lang='lat' dir='ltr'>institutis</span> <span class='ocrx_word' id='word_1_218' title='bbox 1096 3505 1300 3582; x_wconf 88' lang='lat' dir='ltr'>idque</span> <span class='ocrx_word' id='word_1_219' title='bbox 1345 3524 1468 3583; x_wconf 85' lang='lat' dir='ltr'>pro</span> <span class='ocrx_word' id='word_1_220' title='bbox 1499 3506 1643 3568; x_wconf 87' lang='lat' dir='ltr'>iure</span> <span class='ocrx_word' id='word_1_221' title='bbox 1676 3506 1856 3582; x_wconf 85' lang='lat' dir='ltr'>quod</span> <span class='ocrx_word' id='word_1_222' title='bbox 1891 3522 2282 3582; x_wconf 86' lang='lat' dir='ltr'>persuasum</span> <span class='ocrx_word' id='word_1_223' title='bbox 2315 3506 2447 3568; x_wconf 91' lang='lat' dir='ltr'>sibi</span> <span class='ocrx_word' id='word_1_224' title='bbox 2481 3522 2624 3568; x_wconf 83' lang='lat' dir='ltr'>esse</span> <span class='ocrx_word' id='word_1_225' title='bbox 2656 3509 2757 3568; x_wconf 90' lang='lat' dir='ltr'>ait</span> 
     </span>
     <span class='ocr_line' id='line_1_33' title="bbox 280 3595 2756 3673; baseline -0 -15"><span class='ocrx_word' id='word_1_226' title='bbox 280 3596 631 3673; x_wconf 75' lang='lat' dir='ltr'>Episcopo</span> <span class='ocrx_word' id='word_1_227' title='bbox 664 3599 1038 3672; x_wconf 85' lang='lat' dir='ltr'>competere</span> <span class='ocrx_word' id='word_1_228' title='bbox 1069 3612 1270 3672; x_wconf 87' lang='lat' dir='ltr'>super</span> <span class='ocrx_word' id='word_1_229' title='bbox 1299 3595 1719 3672; x_wconf 81' lang='lat' dir='ltr'>disciplinam</span> <span class='ocrx_word' id='word_1_230' title='bbox 1755 3595 2269 3658; x_wconf 83' lang='lat' dir='ltr'>ecclesiasticam</span> <span class='ocrx_word' id='word_1_231' title='bbox 2303 3596 2368 3656; x_wconf 87' lang='lat' dir='ltr'>in</span> <span class='ocrx_word' id='word_1_232' title='bbox 2406 3596 2639 3657; x_wconf 88' lang='lat' dir='ltr'>ordine</span> <span class='ocrx_word' id='word_1_233' title='bbox 2671 3597 2756 3657; x_wconf 82' lang='lat' dir='ltr'>ad</span> 
     </span>
     <span class='ocr_line' id='line_1_34' title="bbox 274 3685 2757 3763; baseline -0.001 -15"><span class='ocrx_word' id='word_1_234' title='bbox 274 3702 387 3748; x_wconf 73' lang='lat' dir='ltr'>tos-</span> <span class='ocrx_word' id='word_1_235' title='bbox 425 3701 623 3748; x_wconf 74' lang='lat' dir='ltr'>mere</span> <span class='ocrx_word' id='word_1_236' title='bbox 669 3685 1094 3762; x_wconf 79' lang='lat' dir='ltr'>spirituales3</span> <span class='ocrx_word' id='word_1_237' title='bbox 1143 3685 1429 3761; x_wconf 88' lang='lat' dir='ltr'>ideoque</span> <span class='ocrx_word' id='word_1_238' title='bbox 1481 3689 1551 3746; x_wconf 88' lang='lat' dir='ltr'>et</span> <span class='ocrx_word' id='word_1_239' title='bbox 1597 3691 2027 3763; x_wconf 87' lang='lat' dir='ltr'>praeceptum</span> <span class='ocrx_word' id='word_1_240' title='bbox 2073 3686 2321 3747; x_wconf 85' lang='lat' dir='ltr'>Missae</span> <span class='ocrx_word' id='word_1_241' title='bbox 2380 3685 2757 3747; x_wconf 84' lang='lat' dir='ltr'>audiendae</span> 
     </span>
     <span class='ocr_line' id='line_1_35' title="bbox 271 3774 2756 3853; baseline -0.002 -15"><span class='ocrx_word' id='word_1_242' title='bbox 271 3774 663 3853; x_wconf 75' lang='lat' dir='ltr'>abrogandi</span> <span class='ocrx_word' id='word_1_243' title='bbox 692 3774 935 3835; x_wconf 83' lang='lat' dir='ltr'>diebus</span> <span class='ocrx_word' id='word_1_244' title='bbox 963 3775 1036 3835; x_wconf 90' lang='lat' dir='ltr'>in</span> <span class='ocrx_word' id='word_1_245' title='bbox 1058 3775 1305 3850; x_wconf 86' lang='lat' dir='ltr'>quibus</span> <span class='ocrx_word' id='word_1_246' title='bbox 1326 3791 1411 3836; x_wconf 79' lang='lat' dir='ltr'>ex</span> <span class='ocrx_word' id='word_1_247' title='bbox 1442 3776 1729 3851; x_wconf 86' lang='lat' dir='ltr'>pristina</span> <span class='ocrx_word' id='word_1_248' title='bbox 1750 3776 2094 3837; x_wconf 85' lang='lat' dir='ltr'>Ecclesiae</span> <span class='ocrx_word' id='word_1_249' title='bbox 2126 3776 2272 3850; x_wconf 77' lang='lat' dir='ltr'>lege</span> <span class='ocrx_word' id='word_1_250' title='bbox 2297 3775 2490 3852; x_wconf 83' lang='lat' dir='ltr'>viget</span> <span class='ocrx_word' id='word_1_251' title='bbox 2523 3775 2756 3836; x_wconf 86' lang='lat' dir='ltr'>etiam·</span> 
     </span>
     <span class='ocr_line' id='line_1_36' title="bbox 275 3864 2764 3942; baseline -0 -18"><span class='ocrx_word' id='word_1_252' title='bbox 275 3881 435 3925; x_wconf 88' lang='lat' dir='ltr'>num</span> <span class='ocrx_word' id='word_1_253' title='bbox 468 3864 549 3925; x_wconf 88' lang='lat' dir='ltr'>id</span> <span class='ocrx_word' id='word_1_254' title='bbox 582 3867 1050 3942; x_wconf 81' lang='lat' dir='ltr'>praeceptum3</span> <span class='ocrx_word' id='word_1_255' title='bbox 1085 3868 1232 3924; x_wconf 89' lang='lat' dir='ltr'>tum</span> <span class='ocrx_word' id='word_1_256' title='bbox 1277 3865 1479 3925; x_wconf 86' lang='lat' dir='ltr'>etiam</span> <span class='ocrx_word' id='word_1_257' title='bbox 1527 3865 1597 3926; x_wconf 92' lang='lat' dir='ltr'>in</span> <span class='ocrx_word' id='word_1_258' title='bbox 1627 3882 1706 3926; x_wconf 91' lang='lat' dir='ltr'>eo</span> <span class='ocrx_word' id='word_1_259' title='bbox 1737 3865 1918 3941; x_wconf 86' lang='lat' dir='ltr'>quod</span> <span class='ocrx_word' id='word_1_260' title='bbox 1964 3864 2358 3940; x_wconf 88' lang='lat' dir='ltr'>superaddit</span> <span class='ocrx_word' id='word_1_261' title='bbox 2401 3864 2482 3924; x_wconf 87' lang='lat' dir='ltr'>de</span> <span class='ocrx_word' id='word_1_262' title='bbox 2516 3865 2764 3924; x_wconf 70' lang='lat' dir='ltr'>trasfe-</span> 
     </span>
     <span class='ocr_line' id='line_1_37' title="bbox 273 3953 2758 4029; baseline -0.002 -14"><span class='ocrx_word' id='word_1_263' title='bbox 273 3955 513 4016; x_wconf 77' lang='lat' dir='ltr'>teudis</span> <span class='ocrx_word' id='word_1_264' title='bbox 540 3954 625 4016; x_wconf 85' lang='lat' dir='ltr'>in</span> <span class='ocrx_word' id='word_1_265' title='bbox 656 3953 1022 4014; x_wconf 78' lang='lat' dir='ltr'>adventum</span> <span class='ocrx_word' id='word_1_266' title='bbox 1070 3953 1431 4029; x_wconf 79' lang='lat' dir='ltr'>episcopali</span> <span class='ocrx_word' id='word_1_267' title='bbox 1477 3954 1876 4016; x_wconf 84' lang='lat' dir='ltr'>auctoritate</span> <span class='ocrx_word' id='word_1_268' title='bbox 1912 3953 2184 4015; x_wconf 84' lang='lat' dir='ltr'>ieiuniis</span> <span class='ocrx_word' id='word_1_269' title='bbox 2230 3969 2350 4027; x_wconf 90' lang='lat' dir='ltr'>per</span> <span class='ocrx_word' id='word_1_270' title='bbox 2387 3969 2643 4011; x_wconf 84' lang='lat' dir='ltr'>annum</span> <span class='ocrx_word' id='word_1_271' title='bbox 2673 3969 2758 4012; x_wconf 84' lang='lat' dir='ltr'>ex</span> 
     </span>
     <span class='ocr_line' id='line_1_38' title="bbox 278 4043 1432 4121; baseline -0.002 -15"><span class='ocrx_word' id='word_1_272' title='bbox 278 4043 637 4108; x_wconf 74' lang='lat' dir='ltr'>Ecclesiae</span> <span class='ocrx_word' id='word_1_273' title='bbox 672 4045 1027 4118; x_wconf 77' lang='lat' dir='ltr'>praecepto</span> <span class='ocrx_word' id='word_1_274' title='bbox 1063 4043 1432 4121; x_wconf 80' lang='lat' dir='ltr'>servandis,</span> 
     </span>
    </p>

    <p class='ocr_par' dir='ltr' id='par_1_19' title="bbox 271 4129 2766 4387">
     <span class='ocr_line' id='line_1_39' title="bbox 360 4129 2766 4210; baseline -0.002 -15"><span class='ocrx_word' id='word_1_275' title='bbox 360 4134 738 4208; x_wconf 64' lang='lat' dir='ltr'>Quatenus</span> <span class='ocrx_word' id='word_1_276' title='bbox 778 4130 1092 4210; x_wconf 79' lang='lat' dir='ltr'>adstruit,</span> <span class='ocrx_word' id='word_1_277' title='bbox 1142 4132 1475 4208; x_wconf 87' lang='lat' dir='ltr'>Episcopo</span> <span class='ocrx_word' id='word_1_278' title='bbox 1530 4132 1632 4193; x_wconf 84' lang='lat' dir='ltr'>fas</span> <span class='ocrx_word' id='word_1_279' title='bbox 1684 4147 1831 4193; x_wconf 85' lang='lat' dir='ltr'>esse</span> <span class='ocrx_word' id='word_1_280' title='bbox 1876 4131 2022 4192; x_wconf 75' lang='lat' dir='ltr'>iure</span> <span class='ocrx_word' id='word_1_281' title='bbox 2077 4130 2346 4208; x_wconf 88' lang='lat' dir='ltr'>proprio</span> <span class='ocrx_word' id='word_1_282' title='bbox 2394 4129 2766 4190; x_wconf 80' lang='lat' dir='ltr'>transferre</span> 
     </span>
     <span class='ocr_line' id='line_1_40' title="bbox 271 4219 2759 4297; baseline -0.001 -16"><span class='ocrx_word' id='word_1_283' title='bbox 271 4221 415 4284; x_wconf 87' lang='lat' dir='ltr'>dies</span> <span class='ocrx_word' id='word_1_284' title='bbox 463 4223 561 4283; x_wconf 88' lang='lat' dir='ltr'>ab</span> <span class='ocrx_word' id='word_1_285' title='bbox 602 4220 911 4286; x_wconf 82' lang='lat' dir='ltr'>Ecclesia</span> <span class='ocrx_word' id='word_1_286' title='bbox 939 4222 1386 4297; x_wconf 82' lang='lat' dir='ltr'>praescriptos</span> <span class='ocrx_word' id='word_1_287' title='bbox 1417 4238 1538 4297; x_wconf 89' lang='lat' dir='ltr'>pro</span> <span class='ocrx_word' id='word_1_288' title='bbox 1575 4221 1769 4282; x_wconf 85' lang='lat' dir='ltr'>festis</span> <span class='ocrx_word' id='word_1_289' title='bbox 1798 4219 2157 4282; x_wconf 80' lang='lat' dir='ltr'>ieiuniisve</span> <span class='ocrx_word' id='word_1_290' title='bbox 2189 4219 2605 4281; x_wconf 88' lang='lat' dir='ltr'>celebrandis</span> <span class='ocrx_word' id='word_1_291' title='bbox 2637 4226 2759 4279; x_wconf 87' lang='lat' dir='ltr'>aut</span> 
     </span>
     <span class='ocr_line' id='line_1_41' title="bbox 272 4309 2238 4387; baseline -0.001 -18"><span class='ocrx_word' id='word_1_292' title='bbox 272 4311 647 4374; x_wconf 88' lang='lat' dir='ltr'>inductum</span> <span class='ocrx_word' id='word_1_293' title='bbox 698 4309 944 4370; x_wconf 86' lang='lat' dir='ltr'>Missae</span> <span class='ocrx_word' id='word_1_294' title='bbox 989 4311 1360 4373; x_wconf 89' lang='lat' dir='ltr'>audiendae</span> <span class='ocrx_word' id='word_1_295' title='bbox 1407 4315 1838 4387; x_wconf 86' lang='lat' dir='ltr'>praeceptum</span> <span class='ocrx_word' id='word_1_296' title='bbox 1884 4310 2238 4385; x_wconf 79' lang='lat' dir='ltr'>abrogare:</span> 
     </span>
    </p>

    <p class='ocr_par' dir='ltr' id='par_1_20' title="bbox 360 4396 2754 4478">
     <span class='ocr_line' id='line_1_42' title="bbox 360 4396 2754 4478; baseline -0.003 -16"><span class='ocrx_word' id='word_1_297' title='bbox 360 4396 770 4478; x_wconf 89' lang='lat' dir='ltr'>Propositio</span> <span class='ocrx_word' id='word_1_298' title='bbox 818 4398 1004 4478; x_wconf 83' lang='lat' dir='ltr'>falsa,</span> <span class='ocrx_word' id='word_1_299' title='bbox 1054 4400 1220 4460; x_wconf 90' lang='lat' dir='ltr'>iuris</span> <span class='ocrx_word' id='word_1_300' title='bbox 1267 4399 1714 4461; x_wconf 81' lang='lat' dir='ltr'>Conciliorum</span> <span class='ocrx_word' id='word_1_301' title='bbox 1764 4399 2178 4476; x_wconf 86' lang='lat' dir='ltr'>generalium</span> <span class='ocrx_word' id='word_1_302' title='bbox 2232 4402 2301 4461; x_wconf 89' lang='lat' dir='ltr'>et</span> <span class='ocrx_word' id='word_1_303' title='bbox 2349 4411 2754 4458; x_wconf 85' lang='lat' dir='ltr'>summorum</span> 
     </span>
    </p>

    <p class='ocr_par' dir='ltr' id='par_1_21' title="bbox 454 4486 2338 4569">
     <span class='ocr_line' id='line_1_43' title="bbox 454 4486 2338 4569; baseline -0.003 -17"><span class='ocrx_word' id='word_1_304' title='bbox 454 4486 885 4552; x_wconf 73' lang='lat' dir='ltr'>Pontificum</span> <span class='ocrx_word' id='word_1_305' title='bbox 930 4487 1201 4569; x_wconf 86' lang='lat' dir='ltr'>laesiva,</span> <span class='ocrx_word' id='word_1_306' title='bbox 1237 4489 1644 4566; x_wconf 84' lang='lat' dir='ltr'>scandalosa,</span> <span class='ocrx_word' id='word_1_307' title='bbox 1694 4489 2036 4550; x_wconf 87' lang='lat' dir='ltr'>schismati</span> <span class='ocrx_word' id='word_1_308' title='bbox 2083 4489 2338 4549; x_wconf 83' lang='lat' dir='ltr'>favens.</span> 
     </span>
    </p>
   </div>
  </div>
 </body>
</html>
