3529 5158
313 340 458 417 [143]
976 356 1059 398 AN
1096 355 1497 399 couscrmrrra
1534 358 1826 402 manorum
1864 360 2129 403 onmem
2680 343 2783 400 137

314 452 627 517 mediante
675 452 1037 535 proconsule
1069 453 1133 517 et
1165 455 1494 535 proconsul
1524 474 1645 521 non
1693 457 2091 540 praeciperet,
2128 456 2247 520 nisi
2283 456 2547 520 recitans
2587 456 2785 538 Impe-

314 555 542 619 ratoris
602 556 1019 638 praeceptum.
1068 556 1242 620 Tunc
1289 556 1451 621 enim
1505 558 1668 622 idem
1724 562 1888 624 esset
1943 562 2332 624 contemnere
2390 561 2787 641 praeceptum

315 656 724 739 Imperatoris
771 658 835 722 et
871 657 1289 735 ProconsuliS,
1324 658 1454 722 sive
1483 660 1827 725 Proconsul
1875 680 2090 725 verum
2124 660 2354 725 diceret
2397 661 2525 724 sive
2571 661 2788 722 menti-

316 760 493 821 retur
514 782 578 822 ».
607 757 751 822 Vid.
778 758 991 823 eadem
1022 760 1078 823 1.
1109 761 1168 823 2.
1196 780 1256 841 q.
1289 762 1390 825 19.
1419 763 1536 824 art.
1567 764 1627 835 5,
1657 762 1733 825 ad
1760 764 1821 825 2.

403 860 642 925 Exinde
673 881 722 925 s,
764 862 1034 927 Thomas
1067 862 1257 940 addit,
1292 863 1602 929 dictamen
1634 865 2043 930 conscientiae
2084 865 2224 948 plus
2273 863 2567 947 obligare,
2596 882 2785 944 quam

317 963 717 1044 praeceptum
763 963 1056 1028 Praelati.
1106 965 1206 1029 Ita
1253 964 1328 1028 de
1378 966 1569 1030 Verit.
1610 986 1668 1048 q.
1717 967 1818 1029 17.
1856 968 1973 1031 art.
2011 969 2108 1030 5.:
2152 991 2185 1024 α
2224 962 2614 1029 Conscientia
2662 982 2784 1027 non

316 1064 495 1148 ligat,
529 1064 653 1130 nisi
690 1066 754 1129 vi
791 1068 1102 1149 praecepti
1138 1068 1332 1133 divini
1366 1069 1463 1134 vel
1493 1069 1832 1134 secundum
1878 1070 2079 1153 legem
2111 1069 2407 1151 scriptam
2445 1067 2544 1131 vel
2575 1085 2787 1132 secun-

317 1166 465 1231 dum
511 1168 717 1252 legem
750 1170 1013 1234 naturae
1058 1171 1343 1236 inditam.
1392 1169 1767 1255 Comparare
1813 1172 2012 1257 igitur
2057 1171 2328 1256 ligamen
2376 1170 2787 1235 conscientiae

320 1269 393 1332 ad
437 1269 737 1353 ligamen,
779 1271 945 1353 quod
976 1274 1072 1338 est
1101 1293 1173 1338 ex
1204 1276 1528 1357 praecepto
1578 1275 1871 1352 Praelati,
1913 1294 2035 1339 non
2069 1275 2165 1338 est
2196 1273 2366 1339 aliud
2399 1292 2588 1355 quam
2626 1291 2788 1337 com·

320 1391 534 1455 parare
582 1373 857 1458 ligamen
906 1378 1215 1459 praecepti
1245 1377 1439 1442 divini
1487 1378 1564 1442 ad
1603 1378 1875 1461 ligamen
1926 1377 2235 1461 praecepti
2280 1377 2575 1441 Praelati.
2615 1376 2788 1441 Unde

319 1494 458 1540 cum
490 1478 894 1560 praeceptum
923 1478 1203 1543 divinum
1237 1480 1473 1564 obliget
1508 1481 1725 1545 contra
1762 1482 2163 1563 praeceptum
2184 1479 2462 1544 Praelati
2491 1480 2555 1543 et
2584 1478 2788 1563 magis

322 1577 575 1661 obliget,
620 1597 812 1660 quam
857 1581 1255 1664 praeceptum
1292 1581 1588 1659 Praelati,
1637 1582 2049 1647 conscientiae
2086 1582 2359 1663 ligamen
2397 1581 2517 1644 erit
2561 1580 2786 1658 maiuS,

321 1699 510 1761 qnam
548 1681 825 1765 ligamen
850 1682 1159 1765 praecepti
1180 1683 1456 1747 Praelati
1480 1684 1545 1747 et
1567 1684 1942 1748 conscientia
1966 1683 2211 1767 ligabit,
2254 1682 2578 1764 praecepto
2611 1681 2792 1745 Prae-

321 1781 436 1846 lati
479 1783 547 1846 in
596 1782 981 1848 contrarium
1027 1784 1358 1850 exsistente
1389 1810 1449 1848 ».
1490 1786 1685 1850 Porro
1725 1804 1774 1849 S.
1810 1785 2119 1850 Thomam
2149 1784 2235 1849 ibi
2276 1802 2456 1869 agere
2488 1783 2681 1847 etiam
2718 1782 2791 1848 de

323 1886 699 1951 conscientia
731 1905 1003 1964 erronea,
1045 1888 1245 1970 patet;
1286 1887 1435 1970 quia
1466 1888 1696 1965 subdit,
1736 1888 1928 1951 aliter
1960 1891 2209 1959 rectam,
2246 1886 2439 1950 aliter
2469 1905 2793 1949 erroneam

325 1988 768 2051 conscientiam
813 1987 1109 2070 obliyare.

415 2084 575 2159 143.
616 2090 769 2154 Plus
806 2092 997 2155 semel
1042 2093 1308 2176 legimus
1346 2094 1473 2158 iam
1510 2094 1575 2157 in
1608 2112 1656 2157 s.
1683 2093 1960 2157 Thomae
2008 2091 2279 2156 textibus
2329 2091 2558 2166 allatis,
2610 2087 2792 2153 aliter

326 2211 664 2273 erroneam,
701 2193 884 2258 aliter
915 2197 1148 2259 rectam
1181 2195 1621 2260 conscientiam
1655 2195 1950 2279 obligare.
1985 2195 2173 2259 Iuvat
2204 2212 2275 2258 ex
2307 2193 2441 2276 ipso
2474 2212 2520 2257 s.
2550 2192 2790 2256 Thoma

326 2292 398 2356 de
453 2295 648 2360 Ver-it.
683 2316 743 2378 q.
775 2298 876 2360 17.
905 2299 1023 2362 art.
1051 2298 1112 2361 4.
1141 2298 1255 2363 hoc
1293 2298 1620 2364 discrimen
1658 2298 1924 2362 haurire.

419 2423 454 2456 «
472 2397 967 2464 Diversimode...
996 2402 1163 2465 recta
1186 2400 1561 2465 conscientia
1586 2400 1650 2463 et
1673 2417 1924 2465 erronea
1948 2400 2137 2483 ligat3
2165 2398 2332 2462 recta
2358 2396 2607 2479 quidem
2630 2395 2793 2480 ligat

326 2500 699 2581 simpliciter
728 2503 792 2566 et
810 2521 933 2582 per
962 2522 1067 2567 se:
1100 2521 1354 2568 erronea
1387 2504 1599 2568 autem
1628 2501 1964 2566 secundum
1996 2500 2153 2582 quid
2179 2501 2243 2565 et
2260 2519 2383 2579 per
2412 2497 2699 2563 accidens
2730 2523 2791 2561 ».

328 2603 417 2668 Ac
452 2603 729 2686 primum
774 2604 1102 2671 discrimen
1139 2607 1227 2671 sic
1263 2606 1562 2689 explicat:
1596 2631 1630 2663 «
1657 2606 1810 2670 Dico
1851 2607 2080 2682 autem,
2131 2605 2365 2668 rectam
2409 2602 2607 2686 ligare
2652 2602 2797 2664 sim-

314 2704 610 2786 pliciter,·
658 2707 805 2789 quia
834 2708 997 2793 ligat
1024 2707 1304 2772 absolute
1350 2712 1413 2771 ct
1454 2709 1523 2771 in
1555 2729 1794 2771 omnem
1825 2711 2123 2771 eventum.
2167 2705 2234 2771 Si
2270 2705 2409 2788 quis
2449 2704 2614 2769 enim
2651 2722 2795 2768 con-

329 2809 653 2874 scientiam
700 2810 928 2875 habeat
973 2810 1046 2874 de
1094 2810 1346 2875 vitando
1396 2810 1721 2888 adulteriO,
1771 2811 1962 2875 istam
2008 2809 2448 2875 conscientiam
2487 2808 2617 2871 sine
2662 2826 2796 2890 pec-

329 2913 465 2977 cato
513 2931 640 2976 non
686 2912 894 2995 potest
938 2911 1264 2994 deponere;
1315 2913 1463 2994 quia
1508 2913 1572 2976 in
1620 2932 1690 2977 90
1741 2912 1873 2996 ipso
1922 2912 2087 2994 quod
2135 2911 2466 2994 deponeret
2512 2909 2792 2984 errand0,

330 3016 642 3098 peccaret3
693 3034 764 3078 ea
811 3015 1023 3080 autem
1067 3015 1374 3089 manente,
1414 3034 1536 3080 non
1585 3016 1795 3098 potest
1841 3015 2164 3098 praeteriri
2200 3014 2266 3076 in
2305 3015 2449 3075 actu
2487 3012 2617 3074 sine
2667 3030 2799 3092 pec-

329 3119 502 3183 cato:
531 3117 693 3182 unde
719 3117 1000 3182 absolute
1023 3118 1185 3202 ligat
1208 3118 1271 3181 91
1302 3118 1364 3182 111
1399 3137 1641 3183 0111119111
1667 3119 1979 3181 eventum.
2023 3115 2140 3179 Sed
2173 3131 2426 3177 erronea
2458 3130 2580 3174 non
2613 3113 2793 3194 ligat,

328 3221 444 3285 nisi
468 3219 811 3283 secundum
855 3218 1012 3300 quid
1037 3220 1101 3283 91
1135 3220 1249 3283 sub
1282 3218 1650 3283 conditione.
1680 3219 1793 3282 Ille
1818 3219 2001 3291 enim,
2038 3215 2138 3278 cui
2173 3213 2371 3276 dictat
2402 3211 2796 3288 conscientia,

330 3323 491 3404 quod
541 3320 830 3386 teneatur
878 3320 953 3385 ad
999 3320 1447 3398 fornicandum,
1496 3339 1619 3384 non
1666 3319 1762 3383 est
1818 3317 2154 3402 obligatus,
2205 3315 2278 3377 111
2324 3311 2799 3376 fornicationem

329 3426 455 3491 sine
503 3425 758 3509 peccato
804 3423 1115 3488 dimittere
1162 3443 1283 3489 non
1331 3423 1547 3506 possit,
1596 3421 1715 3486 nisi
1771 3419 1885 3484 sub
1932 3420 2049 3482 hac
2096 3414 2466 3490 conditione,
2526 3413 2587 3476 si
2651 3414 2802 3477 talis

328 3527 509 3592 duret
544 3526 944 3590 conscientia.
979 3527 1149 3591 Haec
1181 3528 1393 3590 autem
1424 3523 1799 3590 conscientia
1831 3520 2133 3587 removeri
2165 3518 2374 3602 potest
2406 3516 2637 3597 absque
2670 3537 2804 3599 pec-

326 3633 485 3695 cato.
507 3629 688 3694 Unde
715 3629 864 3693 talis
892 3630 1269 3693 conscientia
1295 3649 1420 3691 non
1444 3627 1680 3708 oblz'yat
1705 3626 1772 3689 in
1795 3644 2034 3688 omnem
2059 3625 2375 3692 eventum·
2400 3617 2607 3699 potest
2638 3619 2805 3683 enim

331 3733 568 3817 aliquid
605 3734 982 3817 contingere,
1021 3732 1257 3796 scilicet
1287 3731 1590 3815 depositio
1624 3727 2055 3801 conscientiae,
2095 3742 2218 3806 quo
2260 3719 2679 3802 contingente,
2717 3721 2808 3783 ul-

334 3837 525 3902 terius
563 3855 687 3900 non
726 3835 982 3920 ligatur.
1022 3833 1201 3916 Quod
1239 3835 1451 3898 autem
1489 3833 1603 3897 sub
1641 3829 1993 3896 conditione
2027 3827 2280 3890 tantum
2311 3821 2423 3896 est,
2465 3821 2812 3884 secundum

334 3937 491 4020 quid
517 3957 655 4002 esse
700 3937 929 4002 dicitur
967 3963 1027 3999 ».

418 4041 713 4106 Alterum
744 4039 1067 4104 discrimen
1093 4039 1179 4103 sic
1204 4038 1502 4121 explicat:
1537 4062 1571 4093 ‹<
1598 4036 1749 4098 Dico
1790 4032 2002 4100 etiam,
2038 4023 2205 4108 quod
2237 4018 2617 4084 COUSCiOUffla
2645 4023 2814 4083 recta

325 4163 440 4222 per
474 4163 543 4206 39
578 4142 762 4227 ligat,
810 4160 1063 4206 erronea
1111 4141 1322 4204 autem
1362 4159 1479 4219 per
1523 4135 1851 4201 accidens:
1892 4128 2058 4213 quod
2104 4125 2193 4189 sic
2242 4119 2434 4206 patet.
2477 4116 2602 4196 Qui
2653 4122 2821 4186 enim
2886 4157 2892 4165 ·

338 4246 472 4310 vult
503 4247 569 4310 et
608 4247 784 4309 amat
820 4264 1016 4309 unum
1048 4245 1298 4327 propter
1331 4244 1618 4316 alterum,
1653 4237 1811 4304 illud
1849 4232 2118 4316 quidem,
2155 4225 2406 4309 propter
2439 4221 2608 4301 quod
2647 4227 2825 4290 amat

338 4349 668 4431 reliquum,
696 4368 818 4428 per
846 4368 912 4412 39
951 4348 1150 4422 911191ς
1186 4346 1350 4428 quod
1383 4363 1525 4408 vero
1567 4340 1798 4424 (amat)
1837 4335 2089 4420 propter
2129 4325 2321 4402 aliud,
2363 4322 2599 4406 (amat)
2641 4329 2828 4406 quaS'l

324 4471 442 4529 per
470 4449 801 4514 acm‘dem:
840 4449 1003 4515 sicut
1039 4448 1147 4530 qui
1184 4448 1399 4511 vinum
1439 4446 1611 4509 amat
1647 4441 1900 4524 propter
1932 4434 2129 4506 dulce,
2165 4426 2339 4492 amat
2370 4422 2549 4485 dulce
2570 4444 2702 4501 per
2742 4449 2829 4500 se,

339 4554 551 4618 vinum
601 4553 813 4616 autem
838 4571 961 4630 per
990 4547 1295 4613 accidens
1337 4548 1449 4611 1119
1489 4546 1700 4610 autem
1734 4539 1844 4621 qui
1882 4528 2325 4600 conscientiam
2357 4541 2690 4587 erroneam
2725 4527 2838 4590 ha-
