3529 5158
749 348 858 402 526
1130 358 1344 400 'raama
1383 359 1464 400 iv.
1502 357 1590 397 nn
1624 356 1932 400 Preces-ns.
1968 357 2165 399 cunr
2201 358 2244 397 1.
2281 357 2428 399 Due.
2463 356 2529 396 n.
2566 355 2705 395 aar.
2744 355 2808 396 ιι.
3066 340 3212 414 [579]

750 459 978 523 natura
1011 476 1124 522 sua
1156 456 1235 521 ad
1266 475 1550 521 venerem
1587 455 1891 530 ordinata,
1925 456 2000 519 ut
2030 455 2178 520 sunt
2207 455 2384 520 actus
2415 453 2737 530 luxuriosi,
2773 453 3002 529 tactus,
3043 470 3212 534 aspe-

752 563 910 637 ctuS,
959 560 1164 636 lectio,
1205 559 1466 634 auditi0,
1500 559 1733 622 locutio
1771 558 1995 639 turpis,
2041 557 2308 622 mortale
2336 559 2431 622 est
2463 557 2542 620 ab
2572 556 2684 620 illa
2714 575 2839 621 non
2870 555 3206 628 abstinere;

750 663 900 744 quia
935 663 999 725 in
1031 681 1168 726 eam
1200 661 1603 737 consentione,
1637 660 1960 724 moraliter
1989 661 2053 723 in
2084 660 2368 724 effectum
2398 659 2743 725 consentire
2779 659 3066 723 censetur
3102 683 3167 721 ».

840 766 931 829 De
964 784 1087 846 qua
1125 783 1191 828 re
1227 784 1275 827 S.
1302 763 1659 845 Alphonsus
1689 762 1797 826 lib.
1833 763 1894 825 3.
1934 782 1994 825 n.
2035 763 2185 826 482.
2225 787 2260 820 «
2293 759 2360 826 Si
2390 780 2578 830 causa
2617 760 2983 843 pollutionis
3014 761 3113 824 est
3149 761 3210 824 in

750 869 953 952 ipsam
999 868 1276 952 graviter
1312 866 1575 930 influens
1604 866 1669 930 et
1704 865 1890 930 homo
1929 883 2052 930 non
2085 865 2356 929 abstinet
2386 883 2422 929 a
2452 883 2639 930 causa
2677 883 2788 928 seu
2818 863 3064 928 actione
3101 863 3210 926 illa

748 971 1063 1054 ponenda3
1114 971 1287 1053 patet
1334 967 1499 1049 quod
1545 967 1811 1050 pollutio
1865 967 2217 1049 imputatur
2261 966 2340 1030 ad
2387 968 2728 1049 peccatum,
2785 965 3034 1030 etiamsi
3087 984 3210 1029 non

747 1077 938 1142 fuerit
975 1074 1234 1148 intenta,
1275 1070 1458 1135 modo
1496 1070 1720 1135 saltem
1749 1070 1815 1133 in
1846 1069 2100 1134 confuso
2140 1070 2223 1134 sit
2253 1070 2553 1151 praevisa.
2587 1067 2965 1134 Huiusmodi
2994 1071 3212 1133 autem

747 1199 972 1246 causae
1017 1177 1165 1241 sunt
1210 1176 1423 1258 procul
1454 1173 1642 1238 dubio
1674 1192 1886 1239 omnes
1931 1173 2096 1252 illae,
2129 1192 2288 1255 quae
2319 1193 2424 1257 per
2461 1193 2526 1239 se
2554 1176 2709 1240 sunt
2739 1192 2960 1254 yraves
2988 1172 3210 1251 culpae

750 1285 819 1346 in
856 1299 1078 1361 yenere
1109 1277 1421 1350 lustriae,
1460 1295 1677 1358 nempe
1709 1277 1916 1340 taetus
1947 1275 2047 1340 vel
2079 1277 2362 1358 aspectus
2408 1275 2832 1358 pudendorum
2880 1274 3070 1339 alieni
3099 1276 3209 1339 aut

758 1381 989 1468 proprii
1036 1379 1307 1462 corporis
1354 1398 1496 1443 oum
1541 1378 1948 1444 delectatione
1994 1378 2167 1460 turpi
2209 1397 2281 1441 ac
2325 1377 2692 1442 deliberata:
2743 1379 3031 1459 aspectus
3075 1396 3212 1442 oon·

751 1487 1001 1552 cubitus
1033 1483 1293 1548 humani
1320 1485 1384 1546 et
1414 1481 1827 1565 cogitationes
1857 1499 2139 1546 morosae
2168 1481 2243 1545 de
2274 1481 2454 1548 rebus
2485 1481 2777 1546 venereis.
2809 1479 3042 1544 Omnes
3064 1499 3208 1564 ergo

751 1589 1131 1673 pollutiones
1157 1605 1230 1650 ex
1252 1585 1349 1650 his
1373 1585 1576 1650 causis
1601 1584 2027 1666 provenientes
2050 1585 2215 1648 certe
2238 1585 2384 1652 sunt
2407 1583 2698 1648 mortalia
2714 1582 2829 1665 (a).
2857 1583 2960 1646 Ita
2983 1602 3034 1646 s.
3055 1582 3212 1647 Tho-

828 1883 891 1935 (a)
925 1881 1030 1924 DD.
1060 1881 1389 1934 distinguunt
1418 1891 1597 1922 causas
1621 1889 1801 1934 aram,
1831 1877 1960 1929 leves,
1991 1879 2179 1920 medias.
2209 1876 2403 1920 Graves
2430 1876 2548 1920 illas
2574 1876 2753 1919 dicunt
2784 1880 2858 1928 (ut
2888 1876 3085 1920 habent
3105 1877 3206 1920 Sal-

752 1955 913 1997 mant.
952 1952 1095 1995 Theol.
1127 1951 1263 1995 schol.
1292 1952 1458 1993 Tract.
1491 1950 1555 1992 13.
1587 1950 1715 2002 disp.
1739 1950 1806 1992 10.
1832 1961 1883 1992 n.
1911 1949 2044 2002 274).
2067 1961 2196 2002 quae
2224 1951 2414 1990 natura
2443 1960 2534 1990 sua
2562 1951 2761 1990 tantam
2793 1947 2899 1990 vim
2931 1947 3125 1991 habent
3143 1949 3206 1991 ad

748 2025 1035 2079 praedictos
1061 2023 1271 2067 effectus
1297 2023 1594 2072 caunndoe,
1622 2025 1684 2064 ut
1713 2020 1823 2065 sine
1850 2020 2065 2064 alterius
2090 2032 2273 2065 musae
2298 2019 2612 2064 adminiculo
2645 2019 2958 2074 regulariter
2983 2020 3104 2063 illos
3138 2021 3210 2065 in·

750 2097 936 2147 ferant,
981 2094 1099 2138 licet
1127 2094 1403 2148 aliquando
1441 2093 1501 2137 ob
1540 2093 1811 2147 specialem
1847 2092 2062 2136 subiecti
2098 2092 2547 2146 indispositionem‚
2590 2091 2674 2136 vel
2715 2095 2922 2146 propter
2958 2092 3208 2137 modicam

748 2179 935 2211 caueae
964 2165 1286 2209 durationem
1317 2164 1542 2208 influxus
1571 2164 1789 2207 actualis
1824 2163 2149 2217 impediatur.
2181 2162 2483 2206 Huiusmodi
2525 2166 2774 2207 vocantur
2810 2163 2970 2207 etiam
3002 2167 3213 2219 praviter

749 2240 1005 2291 instantes,
1034 2238 1156 2292 quia
1183 2238 1466 2280 communis
1508 2236 1686 2279 modus
1730 2235 1969 2289 loquendi
1998 2235 2286 2279 attenditur
2324 2234 2604 2279 secundum
2636 2234 2708 2286 id,
2746 2234 2884 2288 quod
2918 2234 3111 2278 habent
3145 2248 3210 2279 ex

750 2314 941 2355 natura
968 2323 1061 2354 sua
1090 2315 1139 2353 et
1168 2311 1223 2353 in
1252 2309 1537 2364 pluribus...
1566 2308 1710 2356 Tales
1743 2311 1867 2351 sunt
1895 2311 2129 2363 aspectus
2163 2307 2383 2352 nimium
2409 2309 2602 2362 turpes,
2631 2309 2692 2350 ut
2729 2310 2962 2361 motus
2996 2306 3212 2361 copulae

747 2388 799 2428 et
830 2383 977 2426 inter
1006 2395 1244 2439 personas
1270 2381 1458 2425 diversi
1487 2392 1635 2424 sexus
1665 2393 1723 2423 ac
1743 2379 1953 2433 puberes
1973 2381 2203 2433 aspectus
2223 2378 2557 2421 verendorum
2578 2390 2636 2420 ac
2657 2376 2881 2431 partium
2902 2377 3209 2431 vicinarum,

747 2458 800 2498 et
828 2468 857 2498 a
887 2454 1083 2498 fortiori
1112 2457 1281 2498 tactus
1299 2452 1485 2496 harum
1517 2453 1743 2506 partium
1766 2454 1920 2505 atque
1948 2451 2103 2494 etiam
2123 2451 2176 2493 in
2205 2449 2407 2504 propria
2427 2461 2638 2504 persona
2665 2450 2747 2493 vel
2777 2450 2832 2492 in
2859 2448 2966 2492 alia
2985 2449 3209 2494 eiusdem

747 2539 898 2571 sexus
927 2531 1095 2570 tactus
1121 2525 1474 2581 pudendorum
1506 2524 1677 2567 animo
1720 2523 1929 2567 lascivo.
1961 2523 2230 2570 Accenseri
2257 2523 2421 2566 solent
2458 2528 2508 2566 et
2541 2521 2807 2581 amplexus
2842 2525 3002 2576 atque
3039 2521 3212 2565 oscula

748 2599 961 2649 furtiva,
978 2610 1107 2651 quae
1130 2598 1386 2640 habentur
1398 2610 1457 2638 ex
1475 2596 1745 2638 libidinosa
1767 2595 2118 2638 delectatione.
2141 2595 2221 2637 Ita
2240 2594 2489 2638 Salmant.
2511 2594 2545 2637 l.
2565 2609 2607 2637 c.
2628 2598 2679 2637 et
2700 2594 2753 2636 in
2771 2594 2941 2637 Horat.
2955 2595 3125 2638 Tract.
3140 2595 3209 2639 ffi-

748 2683 858 2723 cap.
890 2670 930 2711 7.
961 2682 1011 2710 n.
1041 2668 1109 2709 37.

830 2739 976 2783 Aliae
1013 2750 1193 2781 causae
1229 2738 1343 2781 lema
1378 2737 1638 2781 dicuntur.
1670 2739 1740 2781 De
1783 2738 1968 2791 quibus
1995 2737 2421 2782 salmanticenses
2454 2739 2493 2780 1.
2532 2738 2676 2793 priua
2708 2738 2798 2782 eit.
2835 2738 2965 2782 haec
3004 2739 3212 2783 habent.

747 2810 1005 2860 Quaedam
1036 2811 1156 2853 sunt
1184 2810 1259 2851 ita
1290 2813 1470 2851 tenues
1500 2811 1552 2852 et
1582 2808 1805 2853 modicae
1833 2809 2047 2853 virtutis
2077 2813 2138 2852 ut
2164 2809 2271 2853 vim
2299 2808 2631 2853 sufficientem
2650 2822 2751 2853 non
2770 2810 2996 2853 habeant
3027 2811 3094 2853 ad
3112 2810 3213 2865 pol-

748 2879 995 2924 lutionem
1026 2880 1078 2922 in
1108 2879 1289 2933 quovis
1317 2882 1505 2922 eventu
1536 2892 1624 2933 per
1653 2893 1703 2922 se
1734 2881 2061 2931 censendam,
2089 2879 2209 2923 licet
2230 2879 2552 2933 coaffluvent,
2578 2879 2762 2923 idcirco
2789 2879 2832 2923 si
2852 2881 3077 2935 pollutio
3094 2894 3206 2925 cum

748 2951 856 2998 illis
882 2954 1144 3006 nequatur,
1174 2962 1275 2994 non
1304 2950 1570 2995 reducitur
1600 2950 1900 3005 simpliciter
1927 2951 1983 2994 in
2011 2951 2142 2995 talea
2168 2963 2362 3004 causae,
2391 2952 2478 2995 sed
2505 2952 2560 2994 in
2588 2951 2718 2996 alias
2742 2951 3007 3007 graviores
3034 2957 3128 2998 aut
3151 2954 3203 2996 in

747 3026 913 3080 ipsam
941 3026 1183 3067 naturam
1223 3024 1430 3079 eiusque
1470 3024 1575 3066 vim
1604 3023 1941 3076 expulsivam.
1968 3022 2273 3067 Huiusmodi
2309 3027 2431 3067 sunt
2463 3029 2698 3079 aspectus
2733 3024 2950 3068 illarum
2983 3025 3204 3080 partium

747 3097 963 3141 humani
992 3096 1228 3151 corporis,
1257 3108 1387 3150 quae
1415 3095 1596 3137 sivein
1628 3094 1754 3136 viris
1775 3095 1881 3138 sive
1910 3095 1962 3138 in
1985 3094 2185 3138 seminis
2213 3094 2550 3137 communiter
2568 3095 2735 3139 nudae
2763 3094 3010 3139 feruntur
3036 3100 3087 3139 et
3107 3108 3201 3139 non

746 3168 880 3213 nihil
909 3168 1160 3222 amplius:
1191 3172 1316 3221 puta
1346 3168 1388 3210 si
1427 3167 1667 3210 videatur
1692 3166 1891 3220 aliquid
1918 3167 2150 3220 pectoris,
2177 3166 2370 3209 brachii
2397 3171 2490 3209 aut
2519 3167 2673 3221 pedis.
2693 3168 2763 3211 Et
2788 3167 2844 3211 in
2874 3169 3080 3224 proprio
3104 3181 3205 3212 cor·

747 3253 866 3296 pore
893 3239 1062 3285 adhuc
1096 3239 1321 3294 emplius
1355 3242 1406 3282 et
1433 3239 1490 3281 in
1527 3238 1743 3293 picturis
1780 3251 1872 3282 seu
1908 3238 2232 3294 sculptilibus
2269 3238 2391 3282 licet
2428 3238 2660 3283 distincti
2695 3251 2863 3293 semus,
2906 3243 2970 3284 ut
3005 3253 3037 3283 a
3071 3252 3203 3295 genn

744 3315 998 3365 deorsum,
1020 3315 1071 3355 et
1090 3312 1153 3354 ab
1172 3310 1430 3355 stomacho
1460 3324 1679 3353 sursum.
1712 3309 1959 3352 Similiter
1979 3313 2166 3363 tactus,
2195 3311 2490 3366 praesertim
2519 3311 2626 3353 sine
2653 3322 2811 3363 mora,
2840 3323 3109 3365 manuum,
3127 3324 3204 3367 pe-

743 3386 867 3428 dum
884 3388 933 3427 et
955 3383 1262 3426 huiusmodi.
1283 3382 1531 3425 Similiter
1550 3383 1704 3426 etiam
1728 3381 1884 3425 verba
1902 3381 2092 3424 blanda
2111 3384 2162 3424 et
2180 3380 2435 3425 ostensiva
2451 3380 2639 3424 amoris
2655 3382 2775 3435 (non
2795 3385 2972 3426 tamen
2987 3384 3200 3437 turpialz

748 3455 1042 3500 huiusmodi
1069 3455 1207 3500 enim
1234 3466 1414 3498 causae
1452 3456 1576 3498 adeo
1603 3455 1855 3498 medicem
1895 3456 2003 3498 vim
2037 3454 2228 3498 habent
2263 3466 2325 3498 ex
2361 3457 2551 3498 natura
2586 3466 2680 3499 sua
2719 3454 2784 3498 ad
2819 3454 3201 3499 immutandum

743 3539 927 3581 corpus
956 3530 1007 3569 et
1037 3526 1302 3569 libidinem
1332 3525 1675 3581 excitandam,
1706 3529 1766 3568 ut
1794 3526 1972 3571 nullus
1999 3526 2208 3571 effectus
2237 3538 2481 3571 venereus
2506 3526 2679 3581 gravis
2706 3528 2865 3581 possit
2890 3528 2942 3570 in
2959 3527 3078 3571 illae
3094 3528 3201 3572 auf·

748 3596 980 3640 flcienter
1008 3595 1196 3639 reduci.
1228 3596 1279 3639 Si
1309 3596 1484 3651 itaque
1512 3596 1790 3652 aliquando
1820 3600 1909 3640 aut
1938 3596 2154 3652 pollutio
2190 3600 2281 3640 aut
2311 3597 2578 3641 delectatio
2613 3611 2830 3642 venerea
2865 3598 3034 3655 gravis
3063 3599 3203 3655 ipsas

745 3668 1036 3720 comitetur,
1064 3666 1351 3712 reducenda
1379 3669 1478 3712 erit
1507 3668 1809 3724 simpliciter
1835 3669 1891 3712 in
1917 3669 2209 3712 naturalem
2238 3669 2632 3722 complexionem
2659 3672 2713 3713 et
2738 3670 2845 3714 vim
2864 3670 3203 3725 expulsivam,

744 3752 849 3785 non
878 3752 997 3784 vero
1015 3740 1070 3785 in
1089 3752 1174 3784 eae
1192 3752 1369 3784 caueae
1388 3741 1488 3784 nisi
1509 3741 1788 3784 secundum
1807 3740 1947 3795 quid.
1969 3740 2114 3784 Unde
2132 3752 2400 3794 nunquam
2419 3740 2660 3786 dicendae
2677 3745 2801 3785 sunt
2819 3753 3006 3785 causae
3021 3753 3204 3797 gravae

744 3814 838 3856 aut
862 3814 1071 3865 yram'ter
1097 3814 1339 3866 influentes
1365 3815 1521 3866 atque
1551 3812 1674 3855 adeo
1700 3824 1803 3854 non
1832 3814 1984 3854 erunt
2017 3810 2300 3865 prohibitae
2327 3811 2419 3855 sub
2447 3812 2671 3863 mortali,
2708 3811 2828 3855 licet
2859 3812 3079 3867 pollutio
3108 3816 3202 3856 aut

748 3885 1019 3931 delectatio
1047 3898 1265 3930 venerea
1291 3885 1468 3929 crebro
1495 3884 1616 3928 illas
1635 3885 1925 3938 comitetur,
1955 3885 2037 3929 vel
2057 3885 2109 3928 in
2139 3884 2210 3929 eis
2228 3884 2605 3939 praevideatur,
2623 3884 2819 3928 secluso
2846 3885 3076 3939 periculo
3090 3897 3205 3928 con·

742 3970 935 4003 senene.
962 3959 1044 4002 Ita
1073 3957 1228 4002 Salm.
1260 3959 1296 4002 l.
1324 3970 1367 4001 c.
1398 3957 1554 4002 Salm.
1585 3957 1756 4001 Mor-al.
1788 3958 1870 4001 Tr.
1898 3958 1968 4001 m.
1998 3969 2108 4012 cap.
2136 3957 2176 4000 7.
2208 3971 2259 4001 n.
2286 3957 2355 4001 87.
2384 3957 2583 4009 dicunt,
2613 3957 2743 4001 tales
2767 3968 2876 4001 ease
2902 3959 3104 4002 tactum
3129 3954 3205 4000 di·

739 4028 836 4085 giti
866 4033 956 4072 aut
987 4043 1168 4073 manus
1198 4029 1433 4081 feminae,
1465 4028 1840 4072 vellicationem
1879 4028 2089 4082 brachii,
2126 4035 2383 4083 aspectum
2426 4027 2587 4080 faciei,
2625 4028 2809 4083 pedum
2848 4027 3199 4081 calcationem,

743 4100 1010 4144 lectionem
1040 4103 1291 4145 curiosam
1319 4104 1414 4143 etc.

825 4173 1052 4227 Denique
1081 4174 1380 4218 SalmantIc.
1422 4174 1458 4217 l.
1489 4186 1533 4218 c.
1563 4186 1614 4216 n.
1641 4173 1738 4217 2¹25.
1780 4174 1959 4217 ”sedwa
1993 4172 2189 4227 dicunt,
2230 4184 2361 4227 quae
2392 4171 2642 4219 minorem
2678 4170 2956 4216 efficaciam
2991 4171 3206 4224 habent,

740 4257 895 4298 quam
925 4245 1212 4298 praedictae
1239 4257 1420 4300 graves
1456 4248 1507 4287 et
1537 4245 1647 4288 ideo
1684 4245 1738 4287 in
1767 4257 1859 4288 sua
1897 4244 2216 4297 causalitate,
2253 4245 2523 4299 plusquam
2561 4243 2698 4297 illae,
2735 4243 3021 4298 dependent
3059 4256 3091 4287 a
3125 4256 3208 4288 su-

742 4314 890 4357 biecti
921 4315 1350 4369 dispositionibus,
1381 4316 1492 4359 scil.
1528 4317 1711 4367 calore,
1743 4316 1919 4359 robore
1948 4318 2068 4370 ete.;
2100 4316 2289 4360 habent
2324 4319 2497 4359 tamen
2527 4315 2630 4358 vim
2663 4327 2796 4370 quae
2831 4314 3022 4360 sufficit
3059 4318 3126 4361 ut
3152 4319 3205 4360 in

741 4385 1026 4439 praedictos
1056 4386 1265 4431 effectus
1295 4387 1523 4432 absolute
1551 4390 1604 4431 et
1632 4388 1941 4433 sufficienter
1968 4389 2191 4433 influant
2217 4388 2526 4443 effectusque
2543 4388 2599 4432 in
2623 4387 3030 4443 eusimplieiteoe
3057 4389 3209 4434 redu·

739 4461 941 4502 eantur.
974 4457 1217 4508 Quocirca
1244 4470 1337 4502 nec
1354 4458 1493 4507 levae
1519 4472 1612 4503 neo
1629 4471 1814 4514 graves
1832 4460 2076 4505 dicendae
2101 4460 2224 4505 illae
2248 4463 2389 4513 sunt,
2415 4459 2502 4504 aed
2517 4458 2647 4504 tales
2667 4459 2913 4505 dicendae
2929 4472 3024 4514 pro
3041 4461 3208 4517 diupo-

738 4528 925 4572 sitione
952 4528 1167 4573 subiecti
1197 4530 1366 4584 potius
1394 4543 1547 4585 quam
1577 4543 1639 4575 ex
1676 4536 1867 4575 natura
1894 4545 2016 4585 sua3
2046 4532 2257 4587 ideoque
2284 4532 2429 4575 modo
2456 4530 2550 4576 sub
2577 4530 2782 4576 mortali
2820 4531 2971 4575 modo
2997 4532 3097 4577 snb
3124 4544 3210 4578 ve-

739 4599 867 4643 niali
903 4600 1188 4653 prohibitae
1215 4605 1353 4647 sunt.
1372 4602 1517 4646 Tales
1535 4602 1792 4648 habentur
1809 4607 2043 4658 aspectus
2061 4604 2252 4659 proprii
2278 4604 2499 4658 corporis
2518 4602 2601 4647 vel
2628 4603 2784 4648 alieni
2802 4603 3032 4649 eiusdem
3048 4616 3209 4649 nexus
