<?xml version="1.0" encoding="UTF-8"?>
<!DOCTYPE html PUBLIC "-//W3C//DTD XHTML 1.0 Transitional//EN"
    "http://www.w3.org/TR/xhtml1/DTD/xhtml1-transitional.dtd">
<html xmlns="http://www.w3.org/1999/xhtml" xml:lang="en" lang="en">
 <head>
  <title>
</title>
<meta http-equiv="Content-Type" content="text/html;charset=utf-8" />
  <meta name='ocr-system' content='tesseract 3.04.00' />
  <meta name='ocr-capabilities' content='ocr_page ocr_carea ocr_par ocr_line ocrx_word'/>
</head>
<body>
  <div class='ocr_page' id='page_1' title='image "./opustheologicum00palmgoog_0705.png"; bbox 0 0 3529 5158; ppageno 0'>
   <div class='ocr_carea' id='block_1_1' title="bbox 688 334 3154 412">
    <p class='ocr_par' dir='ltr' id='par_1_1' title="bbox 688 334 3154 412">
     <span class='ocr_line' id='line_1_1' title="bbox 688 334 3154 412; baseline 0 -20"><span class='ocrx_word' id='word_1_1' title='bbox 688 336 798 392; x_wconf 70' lang='lat'>⁸12</span> <span class='ocrx_word' id='word_1_2' title='bbox 1185 350 1395 391; x_wconf 63' lang='lat' dir='ltr'>macr.</span> <span class='ocrx_word' id='word_1_3' title='bbox 1435 350 1515 392; x_wconf 71' lang='grc' dir='ltr'>ιν.</span> <span class='ocrx_word' id='word_1_4' title='bbox 1552 350 1639 390; x_wconf 77' lang='lat' dir='ltr'>ma</span> <span class='ocrx_word' id='word_1_5' title='bbox 1672 349 1979 392; x_wconf 60' lang='lat' dir='ltr'>peccans.</span> <span class='ocrx_word' id='word_1_6' title='bbox 2017 349 2215 392; x_wconf 63' lang='lat' dir='ltr'>oum·</span> <span class='ocrx_word' id='word_1_7' title='bbox 2249 350 2338 392; x_wconf 87' lang='lat'>111.</span> <span class='ocrx_word' id='word_1_8' title='bbox 2377 350 2521 392; x_wconf 69' lang='lat' dir='ltr'>nme.</span> <span class='ocrx_word' id='word_1_9' title='bbox 2560 350 2642 392; x_wconf 72' lang='grc' dir='ltr'>ιν.</span> <span class='ocrx_word' id='word_1_10' title='bbox 3007 334 3154 412; x_wconf 82' lang='grc'><strong>[710]</strong></span> 
     </span>
    </p>
   </div>
   <div class='ocr_carea' id='block_1_2' title="bbox 796 445 3150 597">
    <p class='ocr_par' dir='ltr' id='par_1_2' title="bbox 796 445 3150 597">
     <span class='ocr_line' id='line_1_2' title="bbox 796 445 2665 513; baseline -0.002 -12"><span class='ocrx_word' id='word_1_11' title='bbox 796 451 845 501; x_wconf 78' lang='lat'>2.</span> <span class='ocrx_word' id='word_1_12' title='bbox 868 445 1223 513; x_wconf 70' lang='lat' dir='ltr'>praecipitatio,</span> <span class='ocrx_word' id='word_1_13' title='bbox 1249 461 1342 513; x_wconf 85' lang='lat' dir='ltr'>qua</span> <span class='ocrx_word' id='word_1_14' title='bbox 1382 445 1492 512; x_wconf 87' lang='lat' dir='ltr'>quis</span> <span class='ocrx_word' id='word_1_15' title='bbox 1529 461 1590 500; x_wconf 83' lang='lat' dir='ltr'>ex</span> <span class='ocrx_word' id='word_1_16' title='bbox 1629 447 1800 500; x_wconf 88' lang='lat' dir='ltr'>eadem</span> <span class='ocrx_word' id='word_1_17' title='bbox 1838 461 1985 500; x_wconf 86' lang='lat' dir='ltr'>causa</span> <span class='ocrx_word' id='word_1_18' title='bbox 2024 446 2128 500; x_wconf 88' lang='lat' dir='ltr'>sine</span> <span class='ocrx_word' id='word_1_19' title='bbox 2166 445 2374 501; x_wconf 81' lang='lat' dir='ltr'>consilio</span> <span class='ocrx_word' id='word_1_20' title='bbox 2409 452 2665 513; x_wconf 84' lang='lat' dir='ltr'>operatur.</span> 
     </span>
     <span class='ocr_line' id='line_1_3' title="bbox 798 530 3150 597; baseline 0 -12"><span class='ocrx_word' id='word_1_21' title='bbox 798 534 847 585; x_wconf 87' lang='grc'>3.</span> <span class='ocrx_word' id='word_1_22' title='bbox 872 530 1271 585; x_wconf 70' lang='lat' dir='ltr'>inconsideratio:</span> <span class='ocrx_word' id='word_1_23' title='bbox 1299 533 1492 596; x_wconf 87' lang='lat' dir='ltr'>quando</span> <span class='ocrx_word' id='word_1_24' title='bbox 1526 531 1576 584; x_wconf 92' lang='lat' dir='ltr'>in</span> <span class='ocrx_word' id='word_1_25' title='bbox 1614 532 1760 584; x_wconf 92' lang='lat' dir='ltr'>modo</span> <span class='ocrx_word' id='word_1_26' title='bbox 1799 531 2052 597; x_wconf 76' lang='lat' dir='ltr'><strong>delinquit,</strong></span> <span class='ocrx_word' id='word_1_27' title='bbox 2084 530 2450 585; x_wconf 83' lang='lat' dir='ltr'>inconsiderate</span> <span class='ocrx_word' id='word_1_28' title='bbox 2487 544 2653 596; x_wconf 78' lang='lat' dir='ltr'>agens,</span> <span class='ocrx_word' id='word_1_29' title='bbox 2681 544 2808 594; x_wconf 86' lang='lat' dir='ltr'>quae</span> <span class='ocrx_word' id='word_1_30' title='bbox 2852 537 3030 585; x_wconf 85' lang='lat' dir='ltr'>statum</span> <span class='ocrx_word' id='word_1_31' title='bbox 3066 534 3150 586; x_wconf 80' lang='lat' dir='ltr'>vel</span> 
     </span>
    </p>
   </div>
   <div class='ocr_carea' id='block_1_3' title="bbox 687 620 3150 941">
    <p class='ocr_par' dir='ltr' id='par_1_3' title="bbox 690 620 3150 840">
     <span class='ocr_line' id='line_1_4' title="bbox 690 620 1238 684; baseline 0 -13"><span class='ocrx_word' id='word_1_32' title='bbox 690 632 948 684; x_wconf 80' lang='lat' dir='ltr'>personam</span> <span class='ocrx_word' id='word_1_33' title='bbox 985 620 1238 672; x_wconf 80' lang='lat' dir='ltr'><strong>dedecent.</strong></span> 
     </span>
     <span class='ocr_line' id='line_1_5' title="bbox 797 698 3150 770; baseline -0.002 -14"><span class='ocrx_word' id='word_1_34' title='bbox 797 703 844 756; x_wconf 72' lang='lat'>4.</span> <span class='ocrx_word' id='word_1_35' title='bbox 883 703 1240 757; x_wconf 70' lang='lat' dir='ltr'>inconstantia:</span> <span class='ocrx_word' id='word_1_36' title='bbox 1277 705 1470 769; x_wconf 85' lang='lat' dir='ltr'>quando</span> <span class='ocrx_word' id='word_1_37' title='bbox 1507 702 1617 768; x_wconf 85' lang='lat' dir='ltr'>quis</span> <span class='ocrx_word' id='word_1_38' title='bbox 1652 717 1713 756; x_wconf 86' lang='lat' dir='ltr'>ex</span> <span class='ocrx_word' id='word_1_39' title='bbox 1752 704 1926 757; x_wconf 86' lang='lat' dir='ltr'>eodem</span> <span class='ocrx_word' id='word_1_40' title='bbox 1956 705 2131 756; x_wconf 77' lang='lat' dir='ltr'>affeetu</span> <span class='ocrx_word' id='word_1_41' title='bbox 2176 703 2484 770; x_wconf 85' lang='lat' dir='ltr'>voluptatum</span> <span class='ocrx_word' id='word_1_42' title='bbox 2523 715 2550 755; x_wconf 82' lang='lat' dir='ltr'>a</span> <span class='ocrx_word' id='word_1_43' title='bbox 2597 699 2696 768; x_wconf 87' lang='lat' dir='ltr'>piis</span> <span class='ocrx_word' id='word_1_44' title='bbox 2731 698 2999 768; x_wconf 84' lang='lat' dir='ltr'>propositis</span> <span class='ocrx_word' id='word_1_45' title='bbox 3035 714 3150 753; x_wconf 88' lang='lat' dir='ltr'>mox</span> 
     </span>
     <span class='ocr_line' id='line_1_6' title="bbox 815 786 868 840; baseline -0.038 0"><span class='ocrx_word' id='word_1_46' title='bbox 815 786 868 840; x_wconf 83' lang='lat' dir='ltr'>’t.</span> 
     </span>
    </p>

    <p class='ocr_par' dir='ltr' id='par_1_4' title="bbox 687 788 3147 941">
     <span class='ocr_line' id='line_1_7' title="bbox 687 788 3147 941; baseline -0.001 -15"><span class='ocrx_word' id='word_1_47' title='bbox 687 788 870 927; x_wconf 57' lang='lat' dir='ltr'>melli.</span> <span class='ocrx_word' id='word_1_48' title='bbox 897 874 1150 927; x_wconf 84' lang='lat' dir='ltr'>Amorsui</span> <span class='ocrx_word' id='word_1_49' title='bbox 1167 889 1183 941; x_wconf 80' lang='lat'>3</span> <span class='ocrx_word' id='word_1_50' title='bbox 1216 873 1300 927; x_wconf 88' lang='lat' dir='ltr'>tali</span> <span class='ocrx_word' id='word_1_51' title='bbox 1324 873 1452 927; x_wconf 89' lang='lat' dir='ltr'>enim</span> <span class='ocrx_word' id='word_1_52' title='bbox 1478 876 1623 926; x_wconf 87' lang='lat' dir='ltr'>homo</span> <span class='ocrx_word' id='word_1_53' title='bbox 1661 875 1725 925; x_wconf 78' lang='lat' dir='ltr'>ol)</span> <span class='ocrx_word' id='word_1_54' title='bbox 1762 874 2046 938; x_wconf 79' lang='lat' dir='ltr'>voluptates</span> <span class='ocrx_word' id='word_1_55' title='bbox 2077 871 2312 939; x_wconf 85' lang='lat' dir='ltr'>seipsum</span> <span class='ocrx_word' id='word_1_56' title='bbox 2339 874 2482 925; x_wconf 82' lang='lat' dir='ltr'>tinem</span> <span class='ocrx_word' id='word_1_57' title='bbox 2510 884 2710 925; x_wconf 87' lang='lat' dir='ltr'>suarum</span> <span class='ocrx_word' id='word_1_58' title='bbox 2737 868 2983 923; x_wconf 78' lang='lat' dir='ltr'>actionum</span> <span class='ocrx_word' id='word_1_59' title='bbox 3019 869 3147 933; x_wconf 80' lang='lat' dir='ltr'>lacit,</span> 
     </span>
    </p>
   </div>
   <div class='ocr_carea' id='block_1_4' title="bbox 683 961 3143 1111">
    <p class='ocr_par' dir='ltr' id='par_1_5' title="bbox 683 961 3143 1111">
     <span class='ocr_line' id='line_1_8' title="bbox 683 972 992 1011; baseline 0 0"><span class='ocrx_word' id='word_1_60' title='bbox 683 972 750 1011; x_wconf 91' lang='lat' dir='ltr'>no</span> <span class='ocrx_word' id='word_1_61' title='bbox 980 997 992 1011; x_wconf 92' lang='lat'><strong>.</strong></span> 
     </span>
     <span class='ocr_line' id='line_1_9' title="bbox 751 961 3143 1111; baseline -0.002 -16"><span class='ocrx_word' id='word_1_62' title='bbox 751 961 1047 1097; x_wconf 40' lang='lat' dir='ltr'>nsspglgum</span> <span class='ocrx_word' id='word_1_63' title='bbox 1076 1043 1195 1111; x_wconf 88' lang='lat' dir='ltr'>Dei;</span> <span class='ocrx_word' id='word_1_64' title='bbox 1220 1043 1435 1098; x_wconf 76' lang='lat' dir='ltr'>lascivus</span> <span class='ocrx_word' id='word_1_65' title='bbox 1458 1042 1584 1096; x_wconf 91' lang='lat' dir='ltr'>enim</span> <span class='ocrx_word' id='word_1_66' title='bbox 1609 1045 1733 1095; x_wconf 89' lang='lat' dir='ltr'>solet</span> <span class='ocrx_word' id='word_1_67' title='bbox 1767 1055 1793 1093; x_wconf 92' lang='lat' dir='ltr'>a</span> <span class='ocrx_word' id='word_1_68' title='bbox 1832 1044 1978 1094; x_wconf 87' lang='lat' dir='ltr'>rebus</span> <span class='ocrx_word' id='word_1_69' title='bbox 2014 1040 2195 1094; x_wconf 82' lang='lat' dir='ltr'>divinis</span> <span class='ocrx_word' id='word_1_70' title='bbox 2226 1043 2510 1108; x_wconf 75' lang='lat' dir='ltr'>abliorrere,</span> <span class='ocrx_word' id='word_1_71' title='bbox 2535 1040 2724 1094; x_wconf 41' lang='lat' dir='ltr'>imoaeab</span> <span class='ocrx_word' id='word_1_72' title='bbox 2750 1039 2860 1108; x_wconf 87' lang='lat' dir='ltr'>ipso</span> <span class='ocrx_word' id='word_1_73' title='bbox 2891 1041 3012 1105; x_wconf 88' lang='lat' dir='ltr'>Deo,</span> <span class='ocrx_word' id='word_1_74' title='bbox 3038 1044 3143 1092; x_wconf 90' lang='lat' dir='ltr'>tan-</span> 
     </span>
    </p>
   </div>
   <div class='ocr_carea' id='block_1_5' title="bbox 684 1127 3143 1279">
    <p class='ocr_par' dir='ltr' id='par_1_6' title="bbox 684 1127 3143 1279">
     <span class='ocr_line' id='line_1_10' title="bbox 684 1127 1420 1192; baseline 0 -13"><span class='ocrx_word' id='word_1_75' title='bbox 684 1139 829 1191; x_wconf 76' lang='lat' dir='ltr'>quam</span> <span class='ocrx_word' id='word_1_76' title='bbox 867 1134 1173 1192; x_wconf 88' lang='lat' dir='ltr'>peccatorum</span> <span class='ocrx_word' id='word_1_77' title='bbox 1211 1127 1420 1181; x_wconf 86' lang='lat' dir='ltr'>vindice.</span> 
     </span>
     <span class='ocr_line' id='line_1_11' title="bbox 794 1207 3143 1279; baseline -0.001 -15"><span class='ocrx_word' id='word_1_78' title='bbox 794 1213 845 1264; x_wconf 89' lang='lat'>7.</span> <span class='ocrx_word' id='word_1_79' title='bbox 878 1213 1092 1265; x_wconf 78' lang='lat' dir='ltr'>Affectus</span> <span class='ocrx_word' id='word_1_80' title='bbox 1118 1211 1383 1279; x_wconf 85' lang='lat' dir='ltr'>praesentis</span> <span class='ocrx_word' id='word_1_81' title='bbox 1405 1211 1557 1264; x_wconf 87' lang='lat' dir='ltr'>seculi</span> <span class='ocrx_word' id='word_1_82' title='bbox 1572 1226 1587 1277; x_wconf 78' lang='lat'><em>3</em></span> <span class='ocrx_word' id='word_1_83' title='bbox 1625 1225 1763 1265; x_wconf 89' lang='lat' dir='ltr'>amor</span> <span class='ocrx_word' id='word_1_84' title='bbox 1787 1210 1913 1264; x_wconf 92' lang='lat' dir='ltr'>enim</span> <span class='ocrx_word' id='word_1_85' title='bbox 1940 1212 2241 1277; x_wconf 88' lang='lat' dir='ltr'>voluptatem</span> <span class='ocrx_word' id='word_1_86' title='bbox 2268 1209 2534 1263; x_wconf 88' lang='lat' dir='ltr'>carnalium</span> <span class='ocrx_word' id='word_1_87' title='bbox 2559 1210 2627 1263; x_wconf 88' lang='lat' dir='ltr'>ita</span> <span class='ocrx_word' id='word_1_88' title='bbox 2653 1209 2867 1262; x_wconf 79' lang='lat' dir='ltr'>animum</span> <span class='ocrx_word' id='word_1_89' title='bbox 2896 1207 3062 1274; x_wconf 80' lang='lat' dir='ltr'>afficit,</span> <span class='ocrx_word' id='word_1_90' title='bbox 3089 1214 3143 1261; x_wconf 87' lang='lat' dir='ltr'>nt</span> 
     </span>
    </p>
   </div>
   <div class='ocr_carea' id='block_1_6' title="bbox 688 1293 3147 1361">
    <p class='ocr_par' dir='ltr' id='par_1_7' title="bbox 688 1293 3147 1361">
     <span class='ocr_line' id='line_1_12' title="bbox 688 1293 3147 1361; baseline -0.001 -13"><span class='ocrx_word' id='word_1_91' title='bbox 688 1295 893 1348; x_wconf 83' lang='lat' dir='ltr'>subinde</span> <span class='ocrx_word' id='word_1_92' title='bbox 922 1295 1066 1349; x_wconf 89' lang='lat' dir='ltr'>etiam</span> <span class='ocrx_word' id='word_1_93' title='bbox 1107 1294 1393 1349; x_wconf 82' lang='lat' dir='ltr'>beatitudini</span> <span class='ocrx_word' id='word_1_94' title='bbox 1416 1302 1643 1348; x_wconf 82' lang='lat' dir='ltr'>aeternae</span> <span class='ocrx_word' id='word_1_95' title='bbox 1669 1302 1869 1361; x_wconf 88' lang='lat' dir='ltr'>paratus</span> <span class='ocrx_word' id='word_1_96' title='bbox 1894 1303 2026 1348; x_wconf 89' lang='lat' dir='ltr'>esset</span> <span class='ocrx_word' id='word_1_97' title='bbox 2049 1294 2346 1360; x_wconf 85' lang='lat' dir='ltr'>renuntiare,</span> <span class='ocrx_word' id='word_1_98' title='bbox 2373 1294 2415 1348; x_wconf 86' lang='lat' dir='ltr'>si</span> <span class='ocrx_word' id='word_1_99' title='bbox 2441 1294 2774 1361; x_wconf 79' lang='lat' dir='ltr'>praesentibus</span> <span class='ocrx_word' id='word_1_100' title='bbox 2813 1293 2912 1346; x_wconf 80' lang='lat' dir='ltr'>trui</span> <span class='ocrx_word' id='word_1_101' title='bbox 2950 1306 3147 1360; x_wconf 63' lang='lat' dir='ltr'>oemper</span> 
     </span>
    </p>
   </div>
   <div class='ocr_carea' id='block_1_7' title="bbox 687 1379 3143 1530">
    <p class='ocr_par' dir='ltr' id='par_1_8' title="bbox 687 1379 3143 1530">
     <span class='ocr_line' id='line_1_13' title="bbox 826 1379 1069 1433; baseline -0.012 0"><span class='ocrx_word' id='word_1_102' title='bbox 826 1379 1069 1433; x_wconf 87' lang='lat' dir='ltr'>itteretur.</span> 
     </span>
     <span class='ocr_line' id='line_1_14' title="bbox 687 1392 3143 1530; baseline -0 -14"><span class='ocrx_word' id='word_1_103' title='bbox 687 1392 845 1517; x_wconf 51' lang='lat' dir='ltr'><strong>ponz.</strong></span> <span class='ocrx_word' id='word_1_104' title='bbox 872 1466 1061 1516; x_wconf 82' lang='lat' dir='ltr'>Horror</span> <span class='ocrx_word' id='word_1_105' title='bbox 1098 1462 1247 1517; x_wconf 78' lang='lat' dir='ltr'>laturi</span> <span class='ocrx_word' id='word_1_106' title='bbox 1279 1462 1454 1517; x_wconf 88' lang='lat' dir='ltr'>seculi:</span> <span class='ocrx_word' id='word_1_107' title='bbox 1479 1464 1674 1529; x_wconf 85' lang='lat' dir='ltr'>quando</span> <span class='ocrx_word' id='word_1_108' title='bbox 1698 1462 2036 1530; x_wconf 80' lang='lat' dir='ltr'>voluptatibus</span> <span class='ocrx_word' id='word_1_109' title='bbox 2059 1463 2318 1518; x_wconf 88' lang='lat' dir='ltr'>immersus</span> <span class='ocrx_word' id='word_1_110' title='bbox 2359 1471 2564 1519; x_wconf 87' lang='lat' dir='ltr'>mortem</span> <span class='ocrx_word' id='word_1_111' title='bbox 2601 1462 2884 1518; x_wconf 87' lang='lat' dir='ltr'>inordinate</span> <span class='ocrx_word' id='word_1_112' title='bbox 2919 1461 3060 1516; x_wconf 87' lang='lat' dir='ltr'>timet</span> <span class='ocrx_word' id='word_1_113' title='bbox 3090 1467 3143 1515; x_wconf 84' lang='lat' dir='ltr'>et</span> 
     </span>
    </p>
   </div>
   <div class='ocr_carea' id='block_1_8' title="bbox 682 1546 3146 1954">
    <p class='ocr_par' dir='ltr' id='par_1_9' title="bbox 687 1546 2564 1615">
     <span class='ocr_line' id='line_1_15' title="bbox 687 1546 2564 1615; baseline 0.001 -14"><span class='ocrx_word' id='word_1_114' title='bbox 687 1549 763 1601; x_wconf 82' lang='lat' dir='ltr'>de</span> <span class='ocrx_word' id='word_1_115' title='bbox 786 1561 842 1601; x_wconf 83' lang='lat' dir='ltr'>ea</span> <span class='ocrx_word' id='word_1_116' title='bbox 882 1551 1052 1600; x_wconf 88' lang='lat' dir='ltr'>nolens</span> <span class='ocrx_word' id='word_1_117' title='bbox 1086 1547 1319 1612; x_wconf 78' lang='lat' dir='ltr'>cogitare,</span> <span class='ocrx_word' id='word_1_118' title='bbox 1346 1547 1495 1601; x_wconf 83' lang='lat' dir='ltr'>vitam</span> <span class='ocrx_word' id='word_1_119' title='bbox 1533 1546 1718 1602; x_wconf 81' lang='lat' dir='ltr'>illicitis</span> <span class='ocrx_word' id='word_1_120' title='bbox 1753 1547 1929 1601; x_wconf 89' lang='lat' dir='ltr'>mediis</span> <span class='ocrx_word' id='word_1_121' title='bbox 1966 1562 2235 1615; x_wconf 80' lang='lat' dir='ltr'>propagare</span> <span class='ocrx_word' id='word_1_122' title='bbox 2272 1551 2433 1603; x_wconf 83' lang='lat' dir='ltr'>studet</span> <span class='ocrx_word' id='word_1_123' title='bbox 2472 1557 2564 1603; x_wconf 80' lang='lat' dir='ltr'>etc.</span> 
     </span>
    </p>

    <p class='ocr_par' dir='ltr' id='par_1_10' title="bbox 682 1629 3146 1954">
     <span class='ocr_line' id='line_1_16' title="bbox 791 1629 3146 1701; baseline 0 -16"><span class='ocrx_word' id='word_1_124' title='bbox 791 1631 986 1685; x_wconf 82' lang='lat' dir='ltr'>Priores</span> <span class='ocrx_word' id='word_1_125' title='bbox 1022 1638 1235 1697; x_wconf 89' lang='lat' dir='ltr'>quatuor</span> <span class='ocrx_word' id='word_1_126' title='bbox 1272 1638 1384 1685; x_wconf 90' lang='lat' dir='ltr'>sunt</span> <span class='ocrx_word' id='word_1_127' title='bbox 1420 1634 1663 1695; x_wconf 86' lang='lat' dir='ltr'>mortales,</span> <span class='ocrx_word' id='word_1_128' title='bbox 1693 1635 1888 1698; x_wconf 86' lang='lat' dir='ltr'>quando</span> <span class='ocrx_word' id='word_1_129' title='bbox 1928 1633 2036 1686; x_wconf 83' lang='lat' dir='ltr'>finis</span> <span class='ocrx_word' id='word_1_130' title='bbox 2073 1633 2271 1687; x_wconf 89' lang='lat' dir='ltr'>ultimus</span> <span class='ocrx_word' id='word_1_131' title='bbox 2309 1633 2358 1687; x_wconf 90' lang='lat' dir='ltr'>in</span> <span class='ocrx_word' id='word_1_132' title='bbox 2398 1639 2621 1688; x_wconf 76' lang='lat' dir='ltr'>creatura</span> <span class='ocrx_word' id='word_1_133' title='bbox 2668 1629 2869 1701; x_wconf 85' lang='lat' dir='ltr'>ponitur</span> <span class='ocrx_word' id='word_1_134' title='bbox 2899 1635 2981 1687; x_wconf 81' lang='lat' dir='ltr'>vel</span> <span class='ocrx_word' id='word_1_135' title='bbox 3005 1647 3146 1700; x_wconf 82' lang='lat' dir='ltr'>prae-</span> 
     </span>
     <span class='ocr_line' id='line_1_17' title="bbox 682 1715 3143 1787; baseline 0.001 -18"><span class='ocrx_word' id='word_1_136' title='bbox 682 1724 875 1783; x_wconf 72' lang='lat' dir='ltr'>ceptum</span> <span class='ocrx_word' id='word_1_137' title='bbox 902 1716 1095 1783; x_wconf 85' lang='lat' dir='ltr'>aliquod</span> <span class='ocrx_word' id='word_1_138' title='bbox 1124 1715 1214 1769; x_wconf 90' lang='lat' dir='ltr'>Dei</span> <span class='ocrx_word' id='word_1_139' title='bbox 1238 1716 1454 1781; x_wconf 76' lang='lat' dir='ltr'>graviter</span> <span class='ocrx_word' id='word_1_140' title='bbox 1488 1717 1710 1782; x_wconf 82' lang='lat' dir='ltr'>obligans</span> <span class='ocrx_word' id='word_1_141' title='bbox 1746 1718 2504 1785; x_wconf 75' lang='lat' dir='ltr'>praetermittitur.,l³osteriores</span> <span class='ocrx_word' id='word_1_142' title='bbox 2539 1726 2772 1787; x_wconf 83' lang='lat' dir='ltr'>quatuor,</span> <span class='ocrx_word' id='word_1_143' title='bbox 2800 1719 2841 1773; x_wconf 86' lang='lat' dir='ltr'>si</span> <span class='ocrx_word' id='word_1_144' title='bbox 2882 1721 3054 1786; x_wconf 83' lang='lat' dir='ltr'>plenus</span> <span class='ocrx_word' id='word_1_145' title='bbox 3077 1718 3143 1779; x_wconf 87' lang='lat' dir='ltr'>sit</span> 
     </span>
     <span class='ocr_line' id='line_1_18' title="bbox 686 1801 3144 1871; baseline 0.001 -17"><span class='ocrx_word' id='word_1_146' title='bbox 686 1801 952 1856; x_wconf 78' lang='lat' dir='ltr'>voluntatis</span> <span class='ocrx_word' id='word_1_147' title='bbox 986 1815 1270 1864; x_wconf 81' lang='lat' dir='ltr'>consensus,</span> <span class='ocrx_word' id='word_1_148' title='bbox 1297 1816 1385 1867; x_wconf 89' lang='lat' dir='ltr'>per</span> <span class='ocrx_word' id='word_1_149' title='bbox 1423 1816 1475 1855; x_wconf 87' lang='lat' dir='ltr'>se</span> <span class='ocrx_word' id='word_1_150' title='bbox 1511 1809 1627 1855; x_wconf 87' lang='lat' dir='ltr'>sunt</span> <span class='ocrx_word' id='word_1_151' title='bbox 1652 1806 1913 1856; x_wconf 83' lang='lat' dir='ltr'>mortales:</span> <span class='ocrx_word' id='word_1_152' title='bbox 1940 1818 2000 1857; x_wconf 85' lang='lat' dir='ltr'>ex</span> <span class='ocrx_word' id='word_1_153' title='bbox 2036 1802 2444 1858; x_wconf 84' lang='lat' dir='ltr'>indeliberatione</span> <span class='ocrx_word' id='word_1_154' title='bbox 2479 1806 2561 1859; x_wconf 78' lang='lat' dir='ltr'>vel</span> <span class='ocrx_word' id='word_1_155' title='bbox 2597 1804 2691 1859; x_wconf 80' lang='lat' dir='ltr'>alia</span> <span class='ocrx_word' id='word_1_156' title='bbox 2729 1811 2931 1858; x_wconf 87' lang='lat' dir='ltr'>actuum</span> <span class='ocrx_word' id='word_1_157' title='bbox 2967 1803 3144 1871; x_wconf 77' lang='lat' dir='ltr'>impet·-</span> 
     </span>
     <span class='ocr_line' id='line_1_19' title="bbox 685 1884 2142 1954; baseline 0.001 -13"><span class='ocrx_word' id='word_1_158' title='bbox 685 1887 908 1951; x_wconf 76' lang='lat' dir='ltr'>tectione‚</span> <span class='ocrx_word' id='word_1_159' title='bbox 934 1901 1080 1954; x_wconf 80' lang='lat' dir='ltr'>saepe</span> <span class='ocrx_word' id='word_1_160' title='bbox 1120 1885 1350 1940; x_wconf 83' lang='lat' dir='ltr'>veniales.</span> <span class='ocrx_word' id='word_1_161' title='bbox 1378 1884 1505 1940; x_wconf 91' lang='lat' dir='ltr'>Vide</span> <span class='ocrx_word' id='word_1_162' title='bbox 1542 1889 1717 1941; x_wconf 82' lang='lat' dir='ltr'>Escob.</span> <span class='ocrx_word' id='word_1_163' title='bbox 1743 1893 1793 1941; x_wconf 92' lang='lat' dir='ltr'>et</span> <span class='ocrx_word' id='word_1_164' title='bbox 1831 1889 1966 1942; x_wconf 85' lang='lat' dir='ltr'>Bald.</span> <span class='ocrx_word' id='word_1_165' title='bbox 1994 1891 2043 1941; x_wconf 90' lang='lat' dir='ltr'>ll.</span> <span class='ocrx_word' id='word_1_166' title='bbox 2069 1903 2142 1943; x_wconf 86' lang='lat' dir='ltr'>cc.</span> 
     </span>
    </p>
   </div>
   <div class='ocr_carea' id='block_1_9' title="bbox 683 2013 3143 2201">
    <p class='ocr_par' dir='ltr' id='par_1_11' title="bbox 683 2013 3143 2201">
     <span class='ocr_line' id='line_1_20' title="bbox 771 2013 3143 2100; baseline 0.002 -22"><span class='ocrx_word' id='word_1_167' title='bbox 771 2014 901 2079; x_wconf 90' lang='lat' dir='ltr'>Nos</span> <span class='ocrx_word' id='word_1_168' title='bbox 948 2014 1020 2078; x_wconf 91' lang='lat' dir='ltr'>de</span> <span class='ocrx_word' id='word_1_169' title='bbox 1051 2015 1167 2079; x_wconf 86' lang='lat' dir='ltr'>hac</span> <span class='ocrx_word' id='word_1_170' title='bbox 1202 2014 1465 2078; x_wconf 86' lang='lat' dir='ltr'>materia</span> <span class='ocrx_word' id='word_1_171' title='bbox 1500 2013 1566 2078; x_wconf 90' lang='lat' dir='ltr'>in</span> <span class='ocrx_word' id='word_1_172' title='bbox 1599 2014 1667 2076; x_wconf 86' lang='lat'>6⁰</span> <span class='ocrx_word' id='word_1_173' title='bbox 1698 2018 2023 2099; x_wconf 82' lang='lat' dir='ltr'>praecepto</span> <span class='ocrx_word' id='word_1_174' title='bbox 2062 2035 2338 2100; x_wconf 83' lang='lat' dir='ltr'>agemus.</span> <span class='ocrx_word' id='word_1_175' title='bbox 2371 2014 2543 2096; x_wconf 84' lang='lat' dir='ltr'>Quae</span> <span class='ocrx_word' id='word_1_176' title='bbox 2580 2016 2653 2081; x_wconf 89' lang='lat' dir='ltr'>de</span> <span class='ocrx_word' id='word_1_177' title='bbox 2692 2016 2941 2082; x_wconf 87' lang='lat' dir='ltr'>filiabus</span> <span class='ocrx_word' id='word_1_178' title='bbox 2973 2016 3143 2083; x_wconf 80' lang='lat' dir='ltr'>dicta</span> 
     </span>
     <span class='ocr_line' id='line_1_21' title="bbox 683 2116 1756 2201; baseline -0.002 -19"><span class='ocrx_word' id='word_1_179' title='bbox 683 2119 851 2194; x_wconf 82' lang='lat' dir='ltr'>sunt,</span> <span class='ocrx_word' id='word_1_180' title='bbox 885 2116 1363 2199; x_wconf 86' lang='lat' dir='ltr'>amplificatione</span> <span class='ocrx_word' id='word_1_181' title='bbox 1398 2134 1523 2180; x_wconf 91' lang='lat' dir='ltr'>non</span> <span class='ocrx_word' id='word_1_182' title='bbox 1552 2119 1756 2201; x_wconf 85' lang='lat' dir='ltr'>egent.</span> 
     </span>
    </p>
   </div>
   <div class='ocr_carea' id='block_1_10' title="bbox 1613 2332 2212 2560">
    <p class='ocr_par' dir='ltr' id='par_1_12' title="bbox 1613 2332 2212 2560">
     <span class='ocr_line' id='line_1_22' title="bbox 1752 2332 2066 2399; baseline -0.013 0"><span class='ocrx_word' id='word_1_183' title='bbox 1752 2335 1915 2399; x_wconf 72' lang='lat' dir='ltr'>Dus.</span> <span class='ocrx_word' id='word_1_184' title='bbox 1956 2332 2066 2398; x_wconf 89' lang='lat' dir='ltr'>IV.</span> 
     </span>
     <span class='ocr_line' id='line_1_23' title="bbox 1613 2477 2212 2560; baseline 0.002 -19"><span class='ocrx_word' id='word_1_185' title='bbox 1613 2477 1782 2560; x_wconf 74' lang='lat' dir='ltr'>Quid</span> <span class='ocrx_word' id='word_1_186' title='bbox 1822 2480 1914 2542; x_wconf 76' lang='lat' dir='ltr'>sit</span> <span class='ocrx_word' id='word_1_187' title='bbox 1952 2477 2212 2542; x_wconf 74' lang='lat' dir='ltr'>inm’dia.</span> 
     </span>
    </p>
   </div>
   <div class='ocr_carea' id='block_1_11' title="bbox 678 2668 3138 3079">
    <p class='ocr_par' dir='ltr' id='par_1_13' title="bbox 678 2668 3138 2995">
     <span class='ocr_line' id='line_1_24' title="bbox 790 2668 3138 2740; baseline 0.001 -14"><span class='ocrx_word' id='word_1_188' title='bbox 790 2674 1009 2727; x_wconf 87' lang='lat' dir='ltr'>LXVIII.</span> <span class='ocrx_word' id='word_1_189' title='bbox 1037 2674 1186 2740; x_wconf 81' lang='lat' dir='ltr'>Resp.</span> <span class='ocrx_word' id='word_1_190' title='bbox 1212 2674 1299 2725; x_wconf 83' lang='lat' dir='ltr'>Est</span> <span class='ocrx_word' id='word_1_191' title='bbox 1337 2670 1531 2726; x_wconf 84' lang='lat' dir='ltr'>tristitia</span> <span class='ocrx_word' id='word_1_192' title='bbox 1569 2673 1629 2726; x_wconf 91' lang='lat' dir='ltr'>de</span> <span class='ocrx_word' id='word_1_193' title='bbox 1667 2669 1867 2725; x_wconf 85' lang='lat' dir='ltr'>alterius</span> <span class='ocrx_word' id='word_1_194' title='bbox 1907 2672 2051 2736; x_wconf 89' lang='lat' dir='ltr'>bon0,</span> <span class='ocrx_word' id='word_1_195' title='bbox 2080 2677 2226 2737; x_wconf 89' lang='lat' dir='ltr'>prout</span> <span class='ocrx_word' id='word_1_196' title='bbox 2258 2668 2377 2724; x_wconf 90' lang='lat' dir='ltr'>illud</span> <span class='ocrx_word' id='word_1_197' title='bbox 2415 2676 2490 2724; x_wconf 91' lang='lat' dir='ltr'>est</span> <span class='ocrx_word' id='word_1_198' title='bbox 2522 2669 2865 2725; x_wconf 84' lang='lat' dir='ltr'>diminutivum</span> <span class='ocrx_word' id='word_1_199' title='bbox 2905 2672 3138 2740; x_wconf 80' lang='lat' dir='ltr'>propriae</span> 
     </span>
     <span class='ocr_line' id='line_1_25' title="bbox 680 2755 3137 2827; baseline 0.001 -16"><span class='ocrx_word' id='word_1_200' title='bbox 680 2756 1012 2821; x_wconf 81' lang='lat' dir='ltr'>excellentiae,</span> <span class='ocrx_word' id='word_1_201' title='bbox 1039 2756 1102 2811; x_wconf 86' lang='lat' dir='ltr'>ita</span> <span class='ocrx_word' id='word_1_202' title='bbox 1131 2764 1183 2811; x_wconf 91' lang='lat' dir='ltr'>ut</span> <span class='ocrx_word' id='word_1_203' title='bbox 1208 2761 1329 2811; x_wconf 84' lang='lat' dir='ltr'>haec</span> <span class='ocrx_word' id='word_1_204' title='bbox 1353 2757 1537 2811; x_wconf 89' lang='lat' dir='ltr'>directe</span> <span class='ocrx_word' id='word_1_205' title='bbox 1563 2756 1627 2809; x_wconf 87' lang='lat' dir='ltr'>sit</span> <span class='ocrx_word' id='word_1_206' title='bbox 1650 2762 1817 2811; x_wconf 88' lang='lat' dir='ltr'>contra</span> <span class='ocrx_word' id='word_1_207' title='bbox 1845 2755 2096 2810; x_wconf 86' lang='lat' dir='ltr'>caritatem</span> <span class='ocrx_word' id='word_1_208' title='bbox 2113 2797 2125 2820; x_wconf 90' lang='lat'>‚</span> <span class='ocrx_word' id='word_1_209' title='bbox 2155 2759 2275 2809; x_wconf 86' lang='lat' dir='ltr'>haec</span> <span class='ocrx_word' id='word_1_210' title='bbox 2300 2755 2426 2810; x_wconf 90' lang='lat' dir='ltr'>enim</span> <span class='ocrx_word' id='word_1_211' title='bbox 2454 2758 2633 2821; x_wconf 79' lang='lat' dir='ltr'>gaudet</span> <span class='ocrx_word' id='word_1_212' title='bbox 2659 2759 2719 2810; x_wconf 90' lang='lat' dir='ltr'>de</span> <span class='ocrx_word' id='word_1_213' title='bbox 2748 2761 2875 2813; x_wconf 83' lang='lat' dir='ltr'>bono</span> <span class='ocrx_word' id='word_1_214' title='bbox 2905 2759 3137 2827; x_wconf 82' lang='lat' dir='ltr'>proximi,</span> 
     </span>
     <span class='ocr_line' id='line_1_26' title="bbox 680 2839 3134 2912; baseline 0.002 -18"><span class='ocrx_word' id='word_1_215' title='bbox 680 2842 811 2909; x_wconf 88' lang='lat' dir='ltr'>quod</span> <span class='ocrx_word' id='word_1_216' title='bbox 843 2840 1023 2894; x_wconf 87' lang='lat' dir='ltr'>invidia</span> <span class='ocrx_word' id='word_1_217' title='bbox 1050 2843 1344 2895; x_wconf 86' lang='lat' dir='ltr'>destructum</span> <span class='ocrx_word' id='word_1_218' title='bbox 1371 2847 1507 2908; x_wconf 88' lang='lat' dir='ltr'>optat</span> <span class='ocrx_word' id='word_1_219' title='bbox 1531 2839 1616 2893; x_wconf 89' lang='lat' dir='ltr'>vel</span> <span class='ocrx_word' id='word_1_220' title='bbox 1643 2855 1737 2893; x_wconf 94' lang='lat' dir='ltr'>non</span> <span class='ocrx_word' id='word_1_221' title='bbox 1763 2843 2061 2894; x_wconf 87' lang='lat' dir='ltr'>destructum</span> <span class='ocrx_word' id='word_1_222' title='bbox 2087 2843 2236 2895; x_wconf 88' lang='lat' dir='ltr'>dolet.</span> <span class='ocrx_word' id='word_1_223' title='bbox 2255 2840 2278 2862; x_wconf 80' lang='grc'><strong><em>’</em></strong></span> <span class='ocrx_word' id='word_1_224' title='bbox 2300 2842 2373 2895; x_wconf 89' lang='lat' dir='ltr'>De</span> <span class='ocrx_word' id='word_1_225' title='bbox 2399 2843 2494 2895; x_wconf 85' lang='lat' dir='ltr'>hoc</span> <span class='ocrx_word' id='word_1_226' title='bbox 2519 2848 2720 2909; x_wconf 86' lang='lat' dir='ltr'>peccato</span> <span class='ocrx_word' id='word_1_227' title='bbox 2748 2857 2859 2896; x_wconf 85' lang='lat' dir='ltr'>cum</span> <span class='ocrx_word' id='word_1_228' title='bbox 2894 2843 3134 2912; x_wconf 75' lang='lat' dir='ltr'>disputas,</span> 
     </span>
     <span class='ocr_line' id='line_1_27' title="bbox 678 2923 2340 2995; baseline -0.001 -15"><span class='ocrx_word' id='word_1_229' title='bbox 678 2924 1013 2980; x_wconf 83' lang='lat' dir='ltr'>animadverte</span> <span class='ocrx_word' id='word_1_230' title='bbox 1050 2929 1280 2995; x_wconf 74' lang='lat' dir='ltr'>PropoSS.</span> <span class='ocrx_word' id='word_1_231' title='bbox 1310 2929 1390 2980; x_wconf 74' lang='lat'>⁴3.</span> <span class='ocrx_word' id='word_1_232' title='bbox 1423 2926 1504 2979; x_wconf 67' lang='lat' dir='ltr'>lt.</span> <span class='ocrx_word' id='word_1_233' title='bbox 1532 2926 1613 2978; x_wconf 74' lang='grc'>15.</span> <span class='ocrx_word' id='word_1_234' title='bbox 1641 2923 1768 2978; x_wconf 88' lang='lat' dir='ltr'>inter</span> <span class='ocrx_word' id='word_1_235' title='bbox 1791 2927 1952 2980; x_wconf 87' lang='lat' dir='ltr'>damn.</span> <span class='ocrx_word' id='word_1_236' title='bbox 1978 2929 2039 2979; x_wconf 89' lang='lat' dir='ltr'>ab</span> <span class='ocrx_word' id='word_1_237' title='bbox 2068 2929 2228 2980; x_wconf 86' lang='lat' dir='ltr'>innoc.</span> <span class='ocrx_word' id='word_1_238' title='bbox 2253 2928 2340 2980; x_wconf 87' lang='lat' dir='ltr'>XI.</span> 
     </span>
    </p>

    <p class='ocr_par' dir='ltr' id='par_1_14' title="bbox 788 3009 3137 3079">
     <span class='ocr_line' id='line_1_28' title="bbox 788 3009 3137 3079; baseline 0.001 -14"><span class='ocrx_word' id='word_1_239' title='bbox 788 3012 874 3065; x_wconf 79' lang='lat' dir='ltr'>Est</span> <span class='ocrx_word' id='word_1_240' title='bbox 904 3025 964 3065; x_wconf 91' lang='lat' dir='ltr'>ex</span> <span class='ocrx_word' id='word_1_241' title='bbox 1002 3025 1178 3076; x_wconf 80' lang='lat' dir='ltr'>genere</span> <span class='ocrx_word' id='word_1_242' title='bbox 1215 3026 1305 3064; x_wconf 91' lang='lat' dir='ltr'>suo</span> <span class='ocrx_word' id='word_1_243' title='bbox 1344 3009 1564 3063; x_wconf 85' lang='lat' dir='ltr'>mortalis</span> <span class='ocrx_word' id='word_1_244' title='bbox 1602 3016 1650 3063; x_wconf 88' lang='lat' dir='ltr'>et</span> <span class='ocrx_word' id='word_1_245' title='bbox 1670 3009 1955 3074; x_wconf 78' lang='lat' dir='ltr'>gravissima</span> <span class='ocrx_word' id='word_1_246' title='bbox 1980 3010 2176 3077; x_wconf 84' lang='lat' dir='ltr'>quidem</span> <span class='ocrx_word' id='word_1_247' title='bbox 2206 3017 2348 3077; x_wconf 87' lang='lat' dir='ltr'>atque</span> <span class='ocrx_word' id='word_1_248' title='bbox 2373 3010 2423 3064; x_wconf 89' lang='lat' dir='ltr'>in</span> <span class='ocrx_word' id='word_1_249' title='bbox 2452 3011 2683 3079; x_wconf 88' lang='lat' dir='ltr'>Spiritum</span> <span class='ocrx_word' id='word_1_250' title='bbox 2724 3018 2967 3076; x_wconf 88' lang='lat' dir='ltr'>sanctum,</span> <span class='ocrx_word' id='word_1_251' title='bbox 2993 3013 3037 3067; x_wconf 87' lang='lat' dir='ltr'>si</span> <span class='ocrx_word' id='word_1_252' title='bbox 3074 3014 3137 3068; x_wconf 86' lang='lat' dir='ltr'>sit</span> 
     </span>
    </p>
   </div>
   <div class='ocr_carea' id='block_1_12' title="bbox 677 3093 1552 3163">
    <p class='ocr_par' dir='ltr' id='par_1_15' title="bbox 677 3093 1552 3163">
     <span class='ocr_line' id='line_1_29' title="bbox 677 3093 1552 3163; baseline -0.001 -15"><span class='ocrx_word' id='word_1_253' title='bbox 677 3094 740 3150; x_wconf 88' lang='lat' dir='ltr'>de</span> <span class='ocrx_word' id='word_1_254' title='bbox 775 3093 879 3163; x_wconf 86' lang='lat' dir='ltr'>ipsa</span> <span class='ocrx_word' id='word_1_255' title='bbox 911 3095 1064 3160; x_wconf 79' lang='lat' dir='ltr'>gratia</span> <span class='ocrx_word' id='word_1_256' title='bbox 1107 3097 1183 3149; x_wconf 87' lang='lat' dir='ltr'>vel</span> <span class='ocrx_word' id='word_1_257' title='bbox 1221 3094 1405 3148; x_wconf 88' lang='lat' dir='ltr'>auxilio</span> <span class='ocrx_word' id='word_1_258' title='bbox 1445 3093 1552 3148; x_wconf 89' lang='lat' dir='ltr'>Dei.</span> 
     </span>
    </p>
   </div>
   <div class='ocr_carea' id='block_1_13' title="bbox 670 3218 3140 4644">
    <p class='ocr_par' dir='ltr' id='par_1_16' title="bbox 672 3218 3140 4232">
     <span class='ocr_line' id='line_1_30' title="bbox 768 3218 3140 3310; baseline 0 -18"><span class='ocrx_word' id='word_1_259' title='bbox 768 3218 925 3292; x_wconf 76' lang='grc'>710.</span> <span class='ocrx_word' id='word_1_260' title='bbox 965 3221 1026 3286; x_wconf 82' lang='lat' dir='ltr'>S.</span> <span class='ocrx_word' id='word_1_261' title='bbox 1066 3223 1285 3286; x_wconf 89' lang='lat' dir='ltr'>Thom.</span> <span class='ocrx_word' id='word_1_262' title='bbox 1322 3223 1381 3285; x_wconf 86' lang='lat'>2.</span> <span class='ocrx_word' id='word_1_263' title='bbox 1424 3224 1484 3285; x_wconf 84' lang='lat'>2.</span> <span class='ocrx_word' id='word_1_264' title='bbox 1518 3241 1576 3304; x_wconf 89' lang='lat' dir='ltr'>q.</span> <span class='ocrx_word' id='word_1_265' title='bbox 1617 3222 1723 3284; x_wconf 83' lang='lat'>36.</span> <span class='ocrx_word' id='word_1_266' title='bbox 1764 3225 1882 3285; x_wconf 83' lang='lat' dir='ltr'>art.</span> <span class='ocrx_word' id='word_1_267' title='bbox 1918 3223 1977 3286; x_wconf 85' lang='lat'>2.</span> <span class='ocrx_word' id='word_1_268' title='bbox 2027 3223 2090 3286; x_wconf 91' lang='lat' dir='ltr'>in</span> <span class='ocrx_word' id='word_1_269' title='bbox 2137 3223 2277 3287; x_wconf 84' lang='lat' dir='ltr'>fin.:</span> <span class='ocrx_word' id='word_1_270' title='bbox 2318 3248 2354 3282; x_wconf 83' lang='lat'><strong>«</strong></span> <span class='ocrx_word' id='word_1_271' title='bbox 2385 3223 2624 3304; x_wconf 76' lang='lat' dir='ltr'>Qum-to</span> <span class='ocrx_word' id='word_1_272' title='bbox 2669 3225 2856 3290; x_wconf 84' lang='lat' dir='ltr'>modo</span> <span class='ocrx_word' id='word_1_273' title='bbox 2906 3227 3140 3310; x_wconf 78' lang='lat' dir='ltr'>aliquis</span> 
     </span>
     <span class='ocr_line' id='line_1_31' title="bbox 675 3323 3136 3410; baseline 0.002 -21"><span class='ocrx_word' id='word_1_274' title='bbox 675 3324 969 3389; x_wconf 75' lang='lat' dir='ltr'>tristatur</span> <span class='ocrx_word' id='word_1_275' title='bbox 999 3324 1072 3388; x_wconf 89' lang='lat' dir='ltr'>de</span> <span class='ocrx_word' id='word_1_276' title='bbox 1102 3323 1278 3389; x_wconf 91' lang='lat' dir='ltr'>bonis</span> <span class='ocrx_word' id='word_1_277' title='bbox 1311 3323 1592 3401; x_wconf 87' lang='lat' dir='ltr'>alicuius,</span> <span class='ocrx_word' id='word_1_278' title='bbox 1632 3324 1695 3388; x_wconf 91' lang='lat' dir='ltr'>in</span> <span class='ocrx_word' id='word_1_279' title='bbox 1728 3326 2034 3407; x_wconf 86' lang='lat' dir='ltr'>quantum</span> <span class='ocrx_word' id='word_1_280' title='bbox 2068 3325 2224 3389; x_wconf 85' lang='lat' dir='ltr'>alter</span> <span class='ocrx_word' id='word_1_281' title='bbox 2255 3326 2491 3390; x_wconf 81' lang='lat' dir='ltr'>excedit</span> <span class='ocrx_word' id='word_1_282' title='bbox 2517 3327 2722 3410; x_wconf 87' lang='lat' dir='ltr'>ipsum</span> <span class='ocrx_word' id='word_1_283' title='bbox 2755 3327 2818 3391; x_wconf 91' lang='lat' dir='ltr'>in</span> <span class='ocrx_word' id='word_1_284' title='bbox 2852 3328 3035 3394; x_wconf 90' lang='lat' dir='ltr'>bonis</span> <span class='ocrx_word' id='word_1_285' title='bbox 3069 3331 3136 3394; x_wconf 87' lang='lat' dir='ltr'>et</span> 
     </span>
     <span class='ocr_line' id='line_1_32' title="bbox 675 3427 3136 3513; baseline 0.002 -21"><span class='ocrx_word' id='word_1_286' title='bbox 675 3427 792 3492; x_wconf 90' lang='lat' dir='ltr'>hoc</span> <span class='ocrx_word' id='word_1_287' title='bbox 838 3429 1079 3511; x_wconf 83' lang='lat' dir='ltr'>proprie</span> <span class='ocrx_word' id='word_1_288' title='bbox 1117 3431 1210 3493; x_wconf 87' lang='lat' dir='ltr'>est</span> <span class='ocrx_word' id='word_1_289' title='bbox 1245 3428 1497 3492; x_wconf 81' lang='lat' dir='ltr'>invidia..</span> <span class='ocrx_word' id='word_1_290' title='bbox 1532 3428 1613 3492; x_wconf 91' lang='lat' dir='ltr'>Et</span> <span class='ocrx_word' id='word_1_291' title='bbox 1643 3429 1814 3493; x_wconf 85' lang='lat' dir='ltr'>istud</span> <span class='ocrx_word' id='word_1_292' title='bbox 1860 3448 2097 3512; x_wconf 86' lang='lat' dir='ltr'>semper</span> <span class='ocrx_word' id='word_1_293' title='bbox 2142 3431 2235 3493; x_wconf 91' lang='lat' dir='ltr'>est</span> <span class='ocrx_word' id='word_1_294' title='bbox 2281 3449 2643 3512; x_wconf 81' lang='lat' dir='ltr'>pravum...;</span> <span class='ocrx_word' id='word_1_295' title='bbox 2678 3433 2827 3513; x_wconf 87' lang='lat' dir='ltr'>quia</span> <span class='ocrx_word' id='word_1_296' title='bbox 2859 3433 3030 3498; x_wconf 89' lang='lat' dir='ltr'>dolet</span> <span class='ocrx_word' id='word_1_297' title='bbox 3059 3433 3136 3498; x_wconf 90' lang='lat' dir='ltr'>de</span> 
     </span>
     <span class='ocr_line' id='line_1_33' title="bbox 677 3529 3131 3616; baseline 0.002 -21"><span class='ocrx_word' id='word_1_298' title='bbox 677 3549 771 3607; x_wconf 88' lang='lat' dir='ltr'>eo,</span> <span class='ocrx_word' id='word_1_299' title='bbox 805 3529 877 3593; x_wconf 91' lang='lat' dir='ltr'>de</span> <span class='ocrx_word' id='word_1_300' title='bbox 908 3549 1029 3610; x_wconf 90' lang='lat' dir='ltr'>quo</span> <span class='ocrx_word' id='word_1_301' title='bbox 1063 3534 1156 3594; x_wconf 89' lang='lat' dir='ltr'>est</span> <span class='ocrx_word' id='word_1_302' title='bbox 1186 3531 1581 3614; x_wconf 86' lang='lat' dir='ltr'>gaudendum</span> <span class='ocrx_word' id='word_1_303' title='bbox 1612 3532 1741 3597; x_wconf 85' lang='lat' dir='ltr'>scil.</span> <span class='ocrx_word' id='word_1_304' title='bbox 1782 3532 1855 3597; x_wconf 86' lang='lat' dir='ltr'>de</span> <span class='ocrx_word' id='word_1_305' title='bbox 1892 3532 2051 3598; x_wconf 91' lang='lat' dir='ltr'>bono</span> <span class='ocrx_word' id='word_1_306' title='bbox 2099 3531 2363 3616; x_wconf 84' lang='lat' dir='ltr'>proximi</span> <span class='ocrx_word' id='word_1_307' title='bbox 2394 3558 2454 3597; x_wconf 87' lang='lat'>».</span> <span class='ocrx_word' id='word_1_308' title='bbox 2495 3533 2582 3597; x_wconf 87' lang='lat' dir='ltr'>Et</span> <span class='ocrx_word' id='word_1_309' title='bbox 2606 3531 2833 3598; x_wconf 86' lang='lat' dir='ltr'>idcirco</span> <span class='ocrx_word' id='word_1_310' title='bbox 2883 3534 3131 3601; x_wconf 78' lang='lat' dir='ltr'>invidus</span> 
     </span>
     <span class='ocr_line' id='line_1_34' title="bbox 676 3631 3138 3723; baseline 0.002 -25"><span class='ocrx_word' id='word_1_311' title='bbox 676 3631 847 3698; x_wconf 81' lang='lat' dir='ltr'>videt</span> <span class='ocrx_word' id='word_1_312' title='bbox 881 3631 946 3695; x_wconf 90' lang='lat' dir='ltr'>in</span> <span class='ocrx_word' id='word_1_313' title='bbox 976 3632 1135 3699; x_wconf 90' lang='lat' dir='ltr'>bono</span> <span class='ocrx_word' id='word_1_314' title='bbox 1170 3633 1425 3698; x_wconf 87' lang='lat' dir='ltr'>alterius</span> <span class='ocrx_word' id='word_1_315' title='bbox 1460 3634 1959 3699; x_wconf 84' lang='lat' dir='ltr'>imminutionem</span> <span class='ocrx_word' id='word_1_316' title='bbox 2005 3635 2287 3717; x_wconf 87' lang='lat' dir='ltr'>propriae</span> <span class='ocrx_word' id='word_1_317' title='bbox 2313 3635 2724 3723; x_wconf 21' lang='lat' dir='ltr'>‘excellentiae</span> <span class='ocrx_word' id='word_1_318' title='bbox 2758 3637 2836 3701; x_wconf 91' lang='lat' dir='ltr'>ob</span> <span class='ocrx_word' id='word_1_319' title='bbox 2876 3638 3138 3704; x_wconf 88' lang='lat' dir='ltr'>alterius</span> 
     </span>
     <span class='ocr_line' id='line_1_35' title="bbox 676 3733 3137 3805; baseline 0.002 -5"><span class='ocrx_word' id='word_1_320' title='bbox 676 3733 928 3800; x_wconf 88' lang='lat' dir='ltr'>bonum.</span> <span class='ocrx_word' id='word_1_321' title='bbox 963 3735 1061 3799; x_wconf 91' lang='lat' dir='ltr'>Ita</span> <span class='ocrx_word' id='word_1_322' title='bbox 1100 3754 1147 3798; x_wconf 88' lang='lat' dir='ltr'>s.</span> <span class='ocrx_word' id='word_1_323' title='bbox 1189 3735 1407 3801; x_wconf 83' lang='lat' dir='ltr'>Thom.</span> <span class='ocrx_word' id='word_1_324' title='bbox 1447 3736 1489 3800; x_wconf 93' lang='grc'>1.</span> <span class='ocrx_word' id='word_1_325' title='bbox 1524 3756 1574 3800; x_wconf 84' lang='lat' dir='ltr'>c.</span> <span class='ocrx_word' id='word_1_326' title='bbox 1617 3739 1733 3800; x_wconf 85' lang='lat' dir='ltr'>art.</span> <span class='ocrx_word' id='word_1_327' title='bbox 1781 3735 1873 3801; x_wconf 85' lang='lat'>1.:</span> <span class='ocrx_word' id='word_1_328' title='bbox 1914 3759 1950 3795; x_wconf 68' lang='grc' dir='ltr'>(ι</span> <span class='ocrx_word' id='word_1_329' title='bbox 1988 3735 2129 3801; x_wconf 82' lang='lat' dir='ltr'>Alio</span> <span class='ocrx_word' id='word_1_330' title='bbox 2167 3737 2351 3801; x_wconf 89' lang='lat' dir='ltr'>modo</span> <span class='ocrx_word' id='word_1_331' title='bbox 2385 3738 2617 3802; x_wconf 90' lang='lat' dir='ltr'>bonum</span> <span class='ocrx_word' id='word_1_332' title='bbox 2651 3737 2912 3802; x_wconf 88' lang='lat' dir='ltr'>alterius</span> <span class='ocrx_word' id='word_1_333' title='bbox 2953 3741 3137 3805; x_wconf 78' lang='lat' dir='ltr'>aesti-</span> 
     </span>
     <span class='ocr_line' id='line_1_36' title="bbox 675 3838 3138 3927; baseline 0.002 -25"><span class='ocrx_word' id='word_1_334' title='bbox 675 3839 887 3902; x_wconf 89' lang='lat' dir='ltr'>matur</span> <span class='ocrx_word' id='word_1_335' title='bbox 911 3841 983 3901; x_wconf 90' lang='lat' dir='ltr'>ut</span> <span class='ocrx_word' id='word_1_336' title='bbox 1013 3838 1248 3902; x_wconf 91' lang='lat' dir='ltr'>malum</span> <span class='ocrx_word' id='word_1_337' title='bbox 1271 3839 1608 3922; x_wconf 77' lang='lat' dir='ltr'>proprium,</span> <span class='ocrx_word' id='word_1_338' title='bbox 1644 3840 1707 3903; x_wconf 91' lang='lat' dir='ltr'>in</span> <span class='ocrx_word' id='word_1_339' title='bbox 1737 3841 2043 3921; x_wconf 86' lang='lat' dir='ltr'>quantum</span> <span class='ocrx_word' id='word_1_340' title='bbox 2075 3840 2169 3904; x_wconf 88' lang='lat' dir='ltr'>est</span> <span class='ocrx_word' id='word_1_341' title='bbox 2205 3839 2650 3904; x_wconf 81' lang='lat' dir='ltr'>diminutivum</span> <span class='ocrx_word' id='word_1_342' title='bbox 2684 3839 2977 3923; x_wconf 85' lang='lat' dir='ltr'>propriae</span> <span class='ocrx_word' id='word_1_343' title='bbox 3000 3843 3138 3927; x_wconf 85' lang='lat' dir='ltr'>glo·</span> 
     </span>
     <span class='ocr_line' id='line_1_37' title="bbox 672 3938 3130 4010; baseline 0.002 -6"><span class='ocrx_word' id='word_1_344' title='bbox 672 3938 803 4004; x_wconf 85' lang='lat' dir='ltr'>riae</span> <span class='ocrx_word' id='word_1_345' title='bbox 848 3939 946 4003; x_wconf 83' lang='lat' dir='ltr'>vel</span> <span class='ocrx_word' id='word_1_346' title='bbox 992 3940 1401 4004; x_wconf 84' lang='lat' dir='ltr'>excellentiae.</span> <span class='ocrx_word' id='word_1_347' title='bbox 1451 3941 1532 4004; x_wconf 86' lang='lat' dir='ltr'>Et</span> <span class='ocrx_word' id='word_1_348' title='bbox 1578 3941 1693 4005; x_wconf 89' lang='lat' dir='ltr'>hoc</span> <span class='ocrx_word' id='word_1_349' title='bbox 1723 3941 1906 4006; x_wconf 86' lang='lat' dir='ltr'>modo</span> <span class='ocrx_word' id='word_1_350' title='bbox 1941 3942 2013 4006; x_wconf 86' lang='lat' dir='ltr'>de</span> <span class='ocrx_word' id='word_1_351' title='bbox 2045 3942 2205 4006; x_wconf 93' lang='lat' dir='ltr'>bono</span> <span class='ocrx_word' id='word_1_352' title='bbox 2239 3942 2496 4007; x_wconf 88' lang='lat' dir='ltr'>alterius</span> <span class='ocrx_word' id='word_1_353' title='bbox 2529 3943 2825 4007; x_wconf 84' lang='lat' dir='ltr'>tristatur</span> <span class='ocrx_word' id='word_1_354' title='bbox 2871 3944 3130 4010; x_wconf 79' lang='lat' dir='ltr'>invidia.</span> 
     </span>
     <span class='ocr_line' id='line_1_38' title="bbox 673 4040 3131 4131; baseline 0.002 -24"><span class='ocrx_word' id='word_1_355' title='bbox 673 4040 758 4107; x_wconf 73' lang='lat' dir='ltr'>Et</span> <span class='ocrx_word' id='word_1_356' title='bbox 792 4040 928 4106; x_wconf 88' lang='lat' dir='ltr'>ideo</span> <span class='ocrx_word' id='word_1_357' title='bbox 967 4043 1289 4126; x_wconf 84' lang='lat' dir='ltr'>praecipue</span> <span class='ocrx_word' id='word_1_358' title='bbox 1326 4043 1399 4106; x_wconf 87' lang='lat' dir='ltr'>de</span> <span class='ocrx_word' id='word_1_359' title='bbox 1428 4042 1554 4106; x_wconf 89' lang='lat' dir='ltr'>illis</span> <span class='ocrx_word' id='word_1_360' title='bbox 1587 4041 1762 4107; x_wconf 85' lang='lat' dir='ltr'>bonis</span> <span class='ocrx_word' id='word_1_361' title='bbox 1794 4042 2072 4109; x_wconf 87' lang='lat' dir='ltr'>homines</span> <span class='ocrx_word' id='word_1_362' title='bbox 2109 4044 2405 4122; x_wconf 84' lang='lat' dir='ltr'>invident,</span> <span class='ocrx_word' id='word_1_363' title='bbox 2444 4045 2507 4109; x_wconf 90' lang='lat' dir='ltr'>in</span> <span class='ocrx_word' id='word_1_364' title='bbox 2540 4044 2767 4130; x_wconf 88' lang='lat' dir='ltr'>quibus</span> <span class='ocrx_word' id='word_1_365' title='bbox 2801 4048 2896 4110; x_wconf 89' lang='lat' dir='ltr'>est</span> <span class='ocrx_word' id='word_1_366' title='bbox 2929 4047 3131 4131; x_wconf 82' lang='lat' dir='ltr'>gloria</span> 
     </span>
     <span class='ocr_line' id='line_1_39' title="bbox 674 4147 2765 4232; baseline -0 -20"><span class='ocrx_word' id='word_1_367' title='bbox 674 4147 739 4213; x_wconf 86' lang='lat' dir='ltr'>et</span> <span class='ocrx_word' id='word_1_368' title='bbox 782 4148 847 4212; x_wconf 89' lang='lat' dir='ltr'>in</span> <span class='ocrx_word' id='word_1_369' title='bbox 893 4147 1117 4230; x_wconf 87' lang='lat' dir='ltr'>quibus</span> <span class='ocrx_word' id='word_1_370' title='bbox 1144 4148 1422 4213; x_wconf 89' lang='lat' dir='ltr'>homines</span> <span class='ocrx_word' id='word_1_371' title='bbox 1456 4147 1670 4212; x_wconf 84' lang='lat' dir='ltr'>amant</span> <span class='ocrx_word' id='word_1_372' title='bbox 1706 4147 1999 4213; x_wconf 86' lang='lat' dir='ltr'>honorari</span> <span class='ocrx_word' id='word_1_373' title='bbox 2036 4150 2097 4212; x_wconf 88' lang='lat' dir='ltr'>et</span> <span class='ocrx_word' id='word_1_374' title='bbox 2129 4147 2190 4212; x_wconf 92' lang='lat' dir='ltr'>in</span> <span class='ocrx_word' id='word_1_375' title='bbox 2226 4147 2508 4232; x_wconf 88' lang='lat' dir='ltr'>opinione</span> <span class='ocrx_word' id='word_1_376' title='bbox 2546 4166 2676 4210; x_wconf 86' lang='lat' dir='ltr'>esse</span> <span class='ocrx_word' id='word_1_377' title='bbox 2702 4172 2765 4211; x_wconf 87' lang='lat'>».</span> 
     </span>
    </p>

    <p class='ocr_par' dir='ltr' id='par_1_17' title="bbox 670 4248 3134 4644">
     <span class='ocr_line' id='line_1_40' title="bbox 763 4248 3134 4336; baseline 0.001 -23"><span class='ocrx_word' id='word_1_378' title='bbox 763 4248 921 4314; x_wconf 86' lang='lat' dir='ltr'>Cum</span> <span class='ocrx_word' id='word_1_379' title='bbox 958 4250 1080 4314; x_wconf 88' lang='lat' dir='ltr'>ista</span> <span class='ocrx_word' id='word_1_380' title='bbox 1112 4255 1320 4314; x_wconf 87' lang='lat' dir='ltr'>autem</span> <span class='ocrx_word' id='word_1_381' title='bbox 1358 4251 1713 4316; x_wconf 87' lang='lat' dir='ltr'>imminutio</span> <span class='ocrx_word' id='word_1_382' title='bbox 1751 4251 2033 4334; x_wconf 85' lang='lat' dir='ltr'>propriae</span> <span class='ocrx_word' id='word_1_383' title='bbox 2064 4251 2300 4335; x_wconf 84' lang='lat' dir='ltr'>gloriae</span> <span class='ocrx_word' id='word_1_384' title='bbox 2338 4270 2461 4316; x_wconf 88' lang='lat' dir='ltr'>non</span> <span class='ocrx_word' id='word_1_385' title='bbox 2491 4250 2691 4316; x_wconf 89' lang='lat' dir='ltr'>soleat</span> <span class='ocrx_word' id='word_1_386' title='bbox 2723 4269 2855 4315; x_wconf 84' lang='lat' dir='ltr'>esse</span> <span class='ocrx_word' id='word_1_387' title='bbox 2890 4251 2970 4316; x_wconf 89' lang='lat' dir='ltr'>ob</span> <span class='ocrx_word' id='word_1_388' title='bbox 3001 4251 3134 4336; x_wconf 88' lang='lat' dir='ltr'>glo—</span> 
     </span>
     <span class='ocr_line' id='line_1_41' title="bbox 670 4353 3129 4440; baseline 0.001 -23"><span class='ocrx_word' id='word_1_389' title='bbox 670 4353 832 4417; x_wconf 83' lang='lat' dir='ltr'>riam</span> <span class='ocrx_word' id='word_1_390' title='bbox 862 4373 1095 4430; x_wconf 80' lang='lat' dir='ltr'>eomm,</span> <span class='ocrx_word' id='word_1_391' title='bbox 1135 4355 1243 4436; x_wconf 89' lang='lat' dir='ltr'>qui</span> <span class='ocrx_word' id='word_1_392' title='bbox 1280 4355 1463 4440; x_wconf 84' lang='lat' dir='ltr'>longe</span> <span class='ocrx_word' id='word_1_393' title='bbox 1495 4356 1818 4428; x_wconf 79' lang='lat' dir='ltr'>excellunt,</span> <span class='ocrx_word' id='word_1_394' title='bbox 1854 4355 1996 4418; x_wconf 89' lang='lat' dir='ltr'>hinc</span> <span class='ocrx_word' id='word_1_395' title='bbox 2041 4354 2273 4420; x_wconf 84' lang='lat' dir='ltr'>invidia</span> <span class='ocrx_word' id='word_1_396' title='bbox 2304 4355 2465 4418; x_wconf 86' lang='lat' dir='ltr'>solet</span> <span class='ocrx_word' id='word_1_397' title='bbox 2499 4355 2798 4437; x_wconf 86' lang='lat' dir='ltr'>impetere</span> <span class='ocrx_word' id='word_1_398' title='bbox 2835 4357 3129 4438; x_wconf 85' lang='lat' dir='ltr'>aequales</span> 
     </span>
     <span class='ocr_line' id='line_1_42' title="bbox 674 4456 3131 4538; baseline 0.002 -20"><span class='ocrx_word' id='word_1_399' title='bbox 674 4457 787 4519; x_wconf 87' lang='lat' dir='ltr'>aut</span> <span class='ocrx_word' id='word_1_400' title='bbox 817 4457 1002 4538; x_wconf 86' lang='lat' dir='ltr'>paulo</span> <span class='ocrx_word' id='word_1_401' title='bbox 1042 4457 1403 4538; x_wconf 83' lang='lat' dir='ltr'>superiores.</span> <span class='ocrx_word' id='word_1_402' title='bbox 1439 4458 1539 4521; x_wconf 88' lang='lat' dir='ltr'>Ita</span> <span class='ocrx_word' id='word_1_403' title='bbox 1586 4477 1633 4521; x_wconf 83' lang='lat' dir='ltr'>s,</span> <span class='ocrx_word' id='word_1_404' title='bbox 1669 4457 1888 4522; x_wconf 86' lang='lat' dir='ltr'>Thom.</span> <span class='ocrx_word' id='word_1_405' title='bbox 1939 4458 1980 4520; x_wconf 90' lang='lat' dir='ltr'>l.</span> <span class='ocrx_word' id='word_1_406' title='bbox 2023 4477 2072 4521; x_wconf 90' lang='lat' dir='ltr'>c.</span> <span class='ocrx_word' id='word_1_407' title='bbox 2125 4459 2239 4521; x_wconf 86' lang='lat' dir='ltr'>art.</span> <span class='ocrx_word' id='word_1_408' title='bbox 2279 4458 2335 4520; x_wconf 92' lang='lat'>1.</span> <span class='ocrx_word' id='word_1_409' title='bbox 2372 4457 2449 4521; x_wconf 86' lang='lat' dir='ltr'>ad</span> <span class='ocrx_word' id='word_1_410' title='bbox 2482 4459 2578 4521; x_wconf 84' lang='lat'>2.:</span> <span class='ocrx_word' id='word_1_411' title='bbox 2627 4482 2662 4514; x_wconf 82' lang='lat'>«</span> <span class='ocrx_word' id='word_1_412' title='bbox 2693 4456 2854 4536; x_wconf 85' lang='lat' dir='ltr'>Quia</span> <span class='ocrx_word' id='word_1_413' title='bbox 2894 4459 3131 4524; x_wconf 77' lang='lat' dir='ltr'>invidia</span> 
     </span>
     <span class='ocr_line' id='line_1_43' title="bbox 672 4557 3130 4644; baseline 0.001 -23"><span class='ocrx_word' id='word_1_414' title='bbox 672 4557 768 4622; x_wconf 82' lang='lat' dir='ltr'>est</span> <span class='ocrx_word' id='word_1_415' title='bbox 798 4557 870 4619; x_wconf 86' lang='lat' dir='ltr'>de</span> <span class='ocrx_word' id='word_1_416' title='bbox 900 4557 1101 4640; x_wconf 78' lang='lat' dir='ltr'>gloria</span> <span class='ocrx_word' id='word_1_417' title='bbox 1134 4558 1408 4636; x_wconf 75' lang='lat' dir='ltr'>alterius,</span> <span class='ocrx_word' id='word_1_418' title='bbox 1436 4560 1806 4641; x_wconf 82' lang='lat' dir='ltr'>inquantum</span> <span class='ocrx_word' id='word_1_419' title='bbox 1831 4559 2123 4624; x_wconf 85' lang='lat' dir='ltr'>diminuit</span> <span class='ocrx_word' id='word_1_420' title='bbox 2153 4560 2440 4644; x_wconf 85' lang='lat' dir='ltr'>gloriam,</span> <span class='ocrx_word' id='word_1_421' title='bbox 2473 4581 2660 4642; x_wconf 79' lang='lat' dir='ltr'>quam</span> <span class='ocrx_word' id='word_1_422' title='bbox 2691 4561 2835 4641; x_wconf 74' lang='lat' dir='ltr'>quis</span> <span class='ocrx_word' id='word_1_423' title='bbox 2857 4563 3130 4642; x_wconf 74' lang='lat' dir='ltr'>appetit,·</span> 
     </span>
    </p>
   </div>
  </div>
 </body>
</html>
