3529 5158
743 302 853 357 330
1279 314 1490 355 macr.
1530 313 1619 354 111.
1658 312 1745 352 1111
1782 309 2063 351 nmmos.
2100 309 2298 350 offm-
2334 309 2375 349 1.
2413 309 2557 352 111111.
2594 309 2674 350 xv.
3064 294 3205 368 [814]

740 413 886 489 siae,
923 415 995 476 ut
1041 415 1217 475 actus
1265 413 1550 476 externus
1596 429 1738 474 cum
1787 412 1924 474 tota
1961 408 2074 472 illa
2120 407 2485 491 integritate
2522 423 2633 470 seu
2676 405 3049 470 rectitudine
3085 427 3207 471 mo-

740 515 871 578 rali
914 515 1074 597 (scil.
1106 514 1415 598 interiori)
1440 514 1857 596 praecipiatur
1887 512 2155 576 maxime
2188 510 2241 574 si
2272 509 2545 574 Ecclesia
2570 509 2654 573 sit
2684 509 2749 572 in
2780 509 2960 590 gravi
2993 509 3205 592 aliqua

741 618 1104 683 necessitate
1151 621 1213 682 et
1244 617 1396 681 velit
1442 617 1685 700 placare
1723 617 1927 680 Deum
1973 633 2080 697 per
2127 632 2333 678 sacras
2366 612 2639 677 actiones
2686 612 2963 676 fidelium
2994 615 3205 677 sancte

740 721 955 785 factas.
1021 718 1199 785 Certe
1247 740 1388 804 cum
1436 722 1715 802 potestas
1759 717 2175 800 yubernativa
2218 715 2527 780 Ecclesiae
2574 715 2659 780 sit
2718 715 2987 780 maxime
3033 716 3206 798 spiri-

739 825 930 889 tualis
963 828 1025 888 et
1052 823 1278 888 ordina
1286 828 1348 886 ta
1383 824 1720 903 praecipue
1768 819 1856 884 ad
1896 819 2165 884 salutem
2208 819 2589 891 animarum,
2638 837 2760 882 non
2814 816 3062 883 videtur
3106 818 3208 883 hic

739 926 959 991 modus
1005 926 1417 1009 praecipiendi
1461 924 2061 1008 improportionatus
2094 925 2210 986 etc.
2251 947 2312 985 ».
2347 919 2518 1001 Quae
2564 924 2879 1004 postrema
2927 939 3126 985 nonne
3172 941 3206 984 e

740 1027 1043 1092 diametro
1090 1030 1442 1112 repugnant
1487 1028 1808 1110 principio,
1848 1026 2013 1108 quod
2061 1025 2592 1109 praestituebatur
2610 1030 2639 1090 ἓ

828 1131 1048 1194 Palam
1096 1149 1242 1213 ergo
1292 1133 1405 1207 est,
1442 1131 1518 1194 ad
1551 1129 1968 1194 defensionem
1998 1128 2185 1192 huius
2218 1127 2561 1193 sententiae
2593 1126 2871 1191 adhiberi
2903 1126 3207 1209 principia

741 1252 899 1314 quae
939 1235 1050 1296 aut
1094 1232 1300 1296 minus
1347 1232 1526 1295 firma
1574 1234 1722 1295 sunt
1770 1234 1882 1296 aut
1929 1232 2079 1294 sunt
2117 1231 2453 1312 aequivoca
2502 1232 2616 1293 aut
2659 1229 2924 1312 imparia
2958 1229 3036 1293 ad
3068 1246 3209 1293 con·

741 1335 1080 1398 elusionem
1111 1334 1508 1399 inferendam.
1543 1334 1717 1398 Nihil
1754 1352 1902 1418 ergo
1934 1333 2184 1410 mirum,
2220 1333 2274 1396 si
2304 1332 2745 1416 implexissima
2784 1331 2993 1396 evadit
3025 1350 3208 1412 quae-

744 1437 865 1501 stio
914 1439 978 1500 et
1013 1437 1065 1501 si
1104 1437 1325 1501 ductae
1372 1437 1498 1501 sint
1529 1436 1952 1502 conclusiones
1991 1435 2322 1499 damnatae
2352 1436 2417 1498 et
2448 1433 2637 1498 simul
2674 1437 2952 1517 apparet,
2986 1453 3094 1498 cur
3128 1435 3207 1498 ab

741 1540 857 1603 hac
888 1538 1168 1603 doctrina
1201 1539 1456 1621 quidam
1492 1539 1715 1604 merito
1766 1558 1828 1604 00
1876 1538 2086 1603 dicant
2111 1536 2467 1612 abhorrere;
2494 1536 2741 1620 quippe,
2767 1536 2979 1618 potius
3017 1555 3207 1617 quam

744 1641 940 1706 solida
980 1641 1190 1723 aliqua
1228 1642 1489 1718 ratione,
1527 1642 1773 1706 nitatur
1804 1642 1945 1706 fuco
1973 1639 2393 1716 auctoritatis,
2413 1657 2572 1720 quae
2597 1657 2918 1721 perperam
2935 1638 3208 1703 creditur

742 1744 1089 1808 intrinsecis
1114 1743 1461 1808 rationibus
1508 1744 1809 1808 roborari.

832 1846 1009 1926 Quod
1056 1847 1294 1928 spectat
1331 1865 1475 1910 vero
1511 1846 1586 1909 ad
1634 1846 1836 1930 legem
1882 1845 2147 1918 civilem,
2180 1844 2360 1908 facile
2406 1841 2795 1908 concedimus
2828 1842 2890 1906 in
2939 1842 3207 1906 aliorum

745 1947 1137 2012 sententiam.

1654 2108 1730 2153 DE
1766 2108 1923 2153 LEGE
1957 2107 2308 2154 IRRITANTE.

830 2252 991 2327 314.
1021 2258 1054 2294 *
1073 2256 1189 2321 Les
1223 2258 1473 2322 irritans
1510 2259 1622 2322 illa
1654 2258 1902 2335 dicitur,
1938 2277 2098 2339 qua-e
2137 2258 2367 2322 statuit
2398 2261 2609 2323 actum
2641 2258 2913 2340 aliquem
2946 2259 3046 2323 vel
3074 2279 3208 2324 esse

743 2360 960 2424 statim
1009 2379 1044 2423 a
1092 2360 1388 2443 principio
1421 2360 1767 2424 invalidum
1799 2363 1863 2424 et
1893 2361 2136 2425 nullum
2175 2361 2273 2424 vel
2304 2362 2519 2443 postea
2564 2380 2673 2443 per
2716 2360 2938 2425 iudicis
2970 2362 3208 2426 00111011-

742 2464 898 2527 tiam
936 2481 1065 2527 esse
1111 2463 1577 2527 invalidandum
1626 2467 1689 2527 et
1733 2463 1981 2528 nullum
2026 2462 2395 2528 habendum.
2446 2463 2690 2546 Duplex
2735 2467 2830 2528 est
2878 2483 3025 2548 ergo
3072 2466 3206 2529 irri-

743 2567 922 2644 tatio,
959 2566 1057 2631 vel
1103 2567 1164 2630 vi
1214 2567 1407 2631 solius
1438 2566 1594 2651 legis
1642 2566 1740 2630 vel
1775 2567 2095 2631 accedente
2126 2565 2348 2631 iudicis
2381 2567 2687 2633 sententia
2718 2566 2846 2648 (vel
2894 2565 3062 2632 latae
3106 2570 3206 2635 vel

741 2668 1032 2748 ferendae
1065 2669 1453 2750 sententiae).
1489 2666 1743 2733 Certum
1778 2671 1873 2733 est
1903 2673 2249 2752 competere
2272 2669 2581 2735 Ecclesiae
2612 2672 2675 2734 et
2712 2672 3001 2736 societati
3036 2672 3204 2737 civili

742 2772 1119 2854 potestatem
1144 2770 1373 2834 ferendi
1411 2771 1579 2854 leges
1613 2771 1961 2834 irritantes:
1996 2772 2143 2853 quia
2175 2771 2291 2836 hae
2328 2772 2681 2837 conducunt
2704 2773 2864 2838 bono
2889 2777 3203 2839 communi

743 2877 806 2939 et
839 2892 959 2937 non
997 2891 1138 2937 raro
1171 2892 1278 2956 per
1309 2874 1476 2956 ipsas
1529 2874 1695 2937 solas
1749 2873 1845 2937 fas
1897 2874 1993 2937 est
2054 2876 2416 2958 prospicere,
2451 2894 2594 2939 cum
2639 2876 2993 2951 securitate,
3042 2879 3203 2941 110110

742 2976 1073 3041 0011111111111.

829 3079 966 3143 Etsi
1003 3097 1147 3143 vero
1181 3078 1443 3155 dicatur,
1477 3078 1643 3161 quod
1682 3080 1880 3153 actus,
1920 3080 2057 3163 lege
2090 3079 2360 3161 positiva
2391 3079 2697 3157 irritatus,
2733 3081 2896 3145 foret
2927 3083 2991 3146 vi
3028 3084 3205 3147 natu·

739 3183 888 3247 ralis
935 3182 1090 3266 legis
1130 3182 1391 3255 validuS,
1426 3181 1480 3245 si
1526 3180 1830 3245 abfuisset
1874 3181 2175 3246 irritatio:
2211 3180 2274 3245 id
2322 3201 2444 3246 non
2475 3182 2723 3264 perinde
2770 3185 2864 3247 est
2904 3203 2975 3248 ac
3007 3183 3203 3248 dicere

741 3285 905 3366 quod
936 3286 1025 3348 les
1059 3284 1311 3349 irritans
1344 3284 1535 3347 faciat
1559 3303 1690 3347 0000
1722 3284 1964 3348 nullum
2005 3303 2147 3348 eum
2180 3286 2410 3361 actum,
2438 3304 2624 3367 quem
2652 3286 2749 3349 lex
2779 3288 3043 3351 naturae
3068 3287 3206 3351 vult

742 3407 871 3452 esse
919 3388 1236 3459 validum3
1278 3388 1368 3450 ita
1415 3389 1488 3450 ut
1533 3387 1629 3451 lex
1661 3387 1931 3469 positiva
1978 3387 2218 3451 nitatur
2250 3390 2466 3452 contra
2497 3387 2699 3472 legem
2730 3391 3012 3459 naturae,
3039 3388 3203 3470 quod

741 3492 930 3554 nefas.
968 3488 1083 3552 Sed
1129 3508 1225 3552 res
1271 3492 1366 3552 est
1412 3489 1528 3552 1100
1575 3491 1756 3571 pacto
1790 3490 2205 3573 concipienda.
2233 3488 2391 3554 Cum
2415 3490 2551 3572 ipsa
2581 3491 2677 3556 lex
2702 3495 2964 3556 naturae
2996 3493 3207 3577 exigat

742 3591 1183 3655 auctoritatem
1215 3590 1506 3654 socialem
1546 3593 1608 3655 et
1657 3610 1841 3673 penes
1888 3612 2024 3656 eam
2072 3593 2283 3676 exigat
2328 3595 2707 3676 potestatem
2754 3594 3044 3658 irritandi
3089 3594 3204 3658 ali-

741 3713 896 3775 quos
937 3694 1146 3756 actus:
1187 3692 1341 3774 ipsa,
1383 3695 1527 3756 ante
1558 3694 1761 3778 legem
1793 3695 2107 3772 socialem,
2142 3714 2265 3759 non
2314 3695 2453 3759 vult
2485 3695 2769 3761 absolute
2801 3698 2980 3760 actus
3027 3700 3206 3762 natu·

738 3796 956 3860 rah’ter
993 3794 1227 3878 positos
1275 3813 1406 3859 esse
1453 3795 1710 3873 validos,
1761 3797 1866 3861 sed
1912 3796 2333 3861 conditionate
2378 3798 2496 3861 hoc
2541 3800 2637 3862 est
2683 3799 2801 3862 nisi
2849 3798 3054 3864 obstet
3101 3818 3207 3863 au-

741 3900 1000 3965 ctoritas
1034 3898 1300 3963 socialis.

828 4002 985 4068 Cum
1033 4003 1200 4067 actui
1251 4003 1426 4067 valor
1457 4002 1827 4077 detrahitur,
1864 4007 1935 4066 ut
1967 4003 2316 4068 contractui
2362 4003 2747 4069 matrimonii
2792 4006 3201 4080 clandestini;

742 4126 811 4170 eo
859 4107 994 4189 ipso
1041 4124 1337 4187 personae
1384 4105 1543 4168 fiunt
1593 4104 1898 4168 inhabiles
1932 4106 2010 4168 ad
2058 4125 2199 4169 eum
2247 4109 2459 4170 actum
2506 4106 2709 4171 valide
2756 4107 3105 4190 ponendum
3141 4110 3206 4173 et

741 4210 1012 4273 vicissim
1043 4228 1184 4271 cum
1217 4228 1511 4290 personae
1550 4207 1709 4271 fiunt
1739 4208 2042 4273 inhabiles
2077 4210 2153 4273 ad
2185 4212 2423 4274 eertum
2456 4212 2665 4274 aetum
2701 4211 3071 4293 ponendum,
3099 4212 3206 4275 1110

741 4313 917 4374 actus
950 4310 1027 4373 ab
1059 4310 1145 4373 eis
1171 4311 1412 4392 positus
1445 4313 1540 4374 est
1578 4310 1813 4374 111111110.
1851 4309 2077 4376 Suarez
2110 4311 2184 4375 de
2218 4311 2370 4393 Ley.
2398 4312 2504 4376 lib.
2541 4314 2600 4376 5.
2640 4332 2775 4396 cap.
2816 4316 2915 4379 19.
2950 4335 3010 4377 n.
3048 4317 3108 4378 4.

829 4412 951 4475 Lex
984 4411 1235 4475 irritans
1268 4412 1464 4475 fertur
1495 4413 1734 4476 intuitu
1768 4413 1910 4477 boni
1945 4415 2309 4489 communis,
2345 4414 2511 4496 quod
2556 4416 2807 4498 respicit
2836 4416 3026 4480 etiam
3059 4435 3203 4480 cum

742 4516 938 4579 fertur
983 4514 1340 4579 immediate
1385 4516 1447 4578 in
1498 4515 1729 4579 bonum
1777 4519 2085 4581 certorum
2119 4536 2414 4601 generum
2446 4537 2866 4601 personarum,
2904 4521 2975 4582 ut
3006 4519 3208 4602 pupil-
