3529 5158
424 391 568 466 [226]
1129 403 1434 446 nunu-Axe
1472 404 1535 444 m
1571 402 1850 443 nnuma
1889 402 2198 444 mannan
2777 387 2886 443 258

423 504 663 568 decreto
688 500 1021 566 Caelestini
1053 501 1168 566 ΙΠ.
1208 500 1272 564 111
1305 520 1356 563 c.
1391 498 1827 573 Lccndabile-rm
1862 498 1935 562 de
1966 498 2259 581 Friyidas
2290 502 2350 562 et
2378 498 2584 578 mles.
2620 500 2881 569 Brevius

423 605 676 670 eandem
715 603 1062 668 doctrinam
1093 602 1282 666 habet
1317 621 1364 667 s.
1405 602 1589 685 Alph.
1623 602 1729 665 lib.
1772 602 1829 666 1.
1865 621 1926 665 n.
1966 603 2072 666 33.

530 759 764 813 xxxiii.
792 761 839 812 8.
866 757 963 825 Qui
999 764 1166 811 certus
1203 764 1278 811 est
1314 759 1374 810 de
1411 755 1576 810 debito
1603 762 1652 809 et
1676 756 1868 810 dubitat
1905 771 1965 810 an
2004 756 2226 823 solverit,
2253 764 2446 811 tenetur
2473 758 2698 810 solvere:
2726 758 2869 809 Suar.

424 847 573 911 Vasq.
601 846 736 908 Lugo
774 842 840 897 de
878 842 1083 897 Poenit.
1111 842 1237 908 disp.
1268 843 1344 894 16.
1370 856 1416 893 n.
1437 842 1520 894 60.
1544 840 1684 894 Dian.
1714 857 1759 908 p.
1784 845 1831 894 2.
1854 848 1888 894 t.
1911 844 1960 894 6.
1988 841 2124 895 misc.
2144 856 2185 895 r.
2207 843 2309 903 59„
2340 840 2431 894 uisi
2468 840 2615 894 etiam
2660 838 2876 893 creditor

425 928 636 997 dubitem
665 935 780 983 tuuc
817 926 943 981 enim
973 930 1092 981 Tan.
1113 924 1161 980 iu
1199 929 1238 979 Ι.
1261 930 1309 980 2.
1331 928 1448 980 (1.2.
1469 942 1515 991 q.
1538 926 1586 979 6.
1608 928 1656 979 (1.
1682 927 1727 980 4.
1757 934 1895 993 putat
1931 941 2027 980 nou
2067 926 2237 989 teneri,
2263 928 2393 991 quod
2424 928 2593 990 Laym.
2614 926 2647 979 1.
2672 928 2719 979 l.
2742 932 2803 978 tr.
2836 927 2878 977 l.

423 1015 535 1067 c.5.
565 1014 724 1068 (1.42.
763 1012 828 1066 ila
870 1010 1058 1074 limitat,
1088 1018 1138 1066 ut
1178 1018 1401 1064 teneatur
1438 1025 1534 1064 nou
1572 1013 1631 1064 ad
1671 1012 1912 1076 integram
1951 1010 2260 1073 solutionem,
2301 1013 2387 1065 sed
2426 1014 2487 1063 ad
2526 1017 2713 1077 partem
2757 1008 2881 1071 eiua

423 1114 510 1168 pro
537 1097 769 1164 qualitate
811 1096 974 1151 dubii:
1002 1098 1132 1163 quod
1161 1094 1270 1150 Dia.
1299 1110 1344 1161 p.
1373 1096 1420 1150 4.
1443 1102 1476 1148 t.
1503 1097 1550 1148 3.
1573 1109 1612 1147 r.
1632 1097 1718 1149 35.
1744 1095 2056 1162 amplectitur
2088 1102 2137 1148 ut
2168 1095 2438 1162 probabile.

510 1215 693 1290 225.
743 1218 960 1299 Quoad
1006 1218 1272 1300 primam
1317 1217 1578 1300 partem,
1629 1216 1876 1298 quando
1925 1216 2114 1281 dubia
2173 1215 2464 1300 negative
2511 1216 2606 1280 est
2652 1215 2884 1280 solutio

429 1324 490 1387 et
532 1323 771 1387 certum
804 1320 1103 1397 debitum,
1143 1319 1315 1384 nulla
1363 1321 1457 1383 est
1495 1318 1827 1383 dubitatio.
1852 1319 2076 1384 Paucis
2114 1338 2162 1383 s.
2197 1318 2382 1401 Alph.
2415 1318 2523 1382 lib.
2564 1320 2621 1382 1.
2660 1338 2721 1382 n.
2756 1318 2884 1381 34.:

437 1450 470 1483 «
502 1423 722 1489 Certus
754 1423 828 1488 de
860 1422 1067 1487 debito
1115 1423 1177 1486 et
1223 1421 1450 1485 dubius
1480 1422 1552 1486 de
1590 1422 1900 1487 solutione
1946 1423 2193 1488 tenetur
2230 1423 2484 1497 solvere,
2513 1423 2588 1485 ut
2618 1438 2891 1486 commu-

431 1529 588 1594 niter
618 1528 842 1593 docent
871 1553 932 1589 ».

518 1629 654 1710 Qua
691 1629 765 1693 de
788 1648 852 1693 re
885 1628 1166 1711 Vasquez
1197 1628 1261 1692 in
1298 1630 1355 1691 1.
1393 1630 1451 1693 2.
1487 1627 1640 1710 disp.
1683 1626 1788 1691 66.
1822 1646 1954 1710 cap.
1994 1628 2051 1691 7.
2091 1647 2152 1692 11.
2185 1629 2324 1703 43.;
2358 1653 2394 1686 ‹
2425 1626 2888 1693 Observandum

430 1731 711 1817 regulam
756 1729 1133 1813 praedictam
1172 1755 1206 1788 «
1243 1729 1329 1793 In
1375 1729 1584 1792 dubiis
1628 1733 1742 1793 aut
1772 1730 1841 1792 in
1870 1728 2125 1811 aequali
2152 1749 2344 1793 causa
2379 1729 2600 1794 melior
2635 1733 2728 1793 est
2755 1749 2893 1793 con-

433 1832 584 1896 ditio
593 1831 982 1913 possidentis
1014 1858 1074 1909 »,
1109 1850 1231 1896 non
1256 1831 1478 1896 habere
1500 1832 1729 1905 locum,
1768 1831 2014 1913 quando
2052 1831 2191 1913 quis
2222 1831 2491 1909 dubitat,
2518 1851 2597 1896 an
2635 1832 2893 1897 solverit

434 1935 730 2008 debitum,
763 1934 930 2016 quod
965 1935 1132 1999 certo
1165 1933 1492 2011 contraxit,
1527 1933 1657 1998 sive
1693 1933 1850 1998 illud
1895 1934 2271 2000 contraxerit
2301 1954 2372 1999 ex
2403 1934 2626 2000 delicto
2665 1935 2794 1999 sive
2818 1954 2889 1999 ex

436 2056 821 2120 quocumque
850 2055 1072 2121 genere
1107 2037 1497 2111 contractus;
1532 2035 1680 2118 quia
1714 2036 1781 2101 in
1818 2036 1934 2101 tali
1962 2055 2151 2101 causa
2183 2056 2304 2102 non
2336 2040 2432 2102 est
2474 2054 2670 2119 aequa
2703 2055 2891 2101 causa

438 2141 499 2203 et
525 2140 622 2204 ius
656 2139 981 2220 utriusque
1018 2138 1242 2221 partis;
1277 2138 1580 2220 siquidem
1617 2137 1885 2203 creditor
1913 2157 2024 2221 pro
2057 2157 2172 2204 sua
2202 2141 2377 2221 parte
2424 2139 2612 2204 habet
2640 2140 2740 2203 ius
2769 2157 2893 2204 cer·

437 2246 570 2307 tum
593 2242 785 2308 debiti
822 2242 1038 2306 contra
1069 2241 1428 2314 debitorem,
1453 2241 1694 2307 debitor
1724 2244 1938 2307 autem
1974 2260 2096 2307 non
2120 2242 2309 2307 habet
2338 2242 2436 2306 ius
2461 2243 2697 2307 certum
2730 2242 2894 2306 solu·

433 2346 618 2410 tionis
649 2345 868 2410 contra
905 2343 1288 2408 creditorem.
1349 2344 1645 2408 Debitum
1693 2346 1905 2409 autem
1952 2347 2191 2410 certum
2236 2364 2361 2410 non
2408 2344 2654 2408 videtur
2699 2363 2892 2425 aeque

439 2447 592 2512 solvi
629 2446 937 2512 solutione
968 2444 1156 2509 dubia
1187 2447 1252 2510 et
1280 2445 1514 2510 incerta
1548 2465 1619 2510 ac
1655 2446 1908 2529 proinde
1953 2447 2019 2511 in
2065 2446 2180 2512 tali
2224 2465 2370 2512 casu
2418 2446 2723 2529 possessio
2769 2464 2894 2511 non

439 2550 880 2636 suffragabitur
909 2548 1333 2633 possidenti».
1368 2547 1485 2614 Sed
1515 2548 1590 2614 cf.
1631 2549 1797 2615 dicta
1828 2570 1887 2615 n.
1916 2551 2066 2616 215.
2100 2566 2313 2618 versus
2342 2550 2548 2616 finem.

524 2653 607 2717 Et
641 2651 909 2734 quidem,
959 2653 1032 2715 ut
1075 2652 1353 2716 insinuat
1396 2652 1560 2717 ratio
1591 2671 1837 2735 quoque
1885 2653 2187 2736 Vasquez‚
2218 2653 2376 2719 illud
2407 2654 2611 2718 valere
2648 2653 2898 2719 deberet

442 2775 556 2821 non
602 2754 789 2821 modo
817 2754 883 2819 in
922 2751 1109 2819 dubio
1154 2755 1399 2838 proprie
1445 2754 1630 2834 dieto,
1666 2755 1767 2821 sed
1817 2756 2065 2822 etiamsi
2109 2757 2249 2839 quis
2282 2756 2705 2837 probabiliter
2738 2757 2896 2822 iudi-

441 2861 605 2924 caret
649 2857 1073 2942 desolatione
1117 2877 1152 2922 a
1200 2877 1264 2922 se
1299 2857 1484 2921 facta.
1527 2858 1627 2922 Ita
1670 2858 1850 2943 Lugo
1884 2862 2216 2942 postquam
2247 2860 2400 2942 (vid.
2441 2880 2575 2943 sup.
2617 2881 2677 2925 n.
2713 2861 2897 2944 214.)

441 2959 790 3026 defenderat
834 2959 1112 3025 sufficere
1157 2959 1537 3041 probabilem
1584 2960 2072 3027 satisfactionem
2119 2963 2427 3044 praecepti
2477 2962 2581 3042 (cs.
2615 2984 2675 3026 n.
2712 2965 2896 3046 205.)

442 3064 555 3127 sibi
586 3061 804 3128 obiicit
832 3060 988 3144 disp.
1028 3062 1129 3125 16.
1164 3061 1238 3125 de
1267 3060 1520 3126 Poem't.
1553 3082 1613 3126 n.
1651 3063 1793 3127 60.:
1825 3087 1861 3121 «ι
1886 3064 2095 3128 Dices:
2145 3062 2210 3127 Si
2256 3063 2437 3127 debes
2469 3082 2541 3127 ex
2571 3066 2896 3128 contractu

442 3168 706 3244 centum,
732 3183 857 3229 non
870 3164 1151 3229 liberaris
1175 3165 1253 3228 ab
1278 3163 1656 3248 obligatione
1681 3165 1887 3240 totali,
1905 3165 2025 3229 nisi
2048 3183 2156 3246 per
2179 3164 2553 3229 solutionem
2578 3168 2813 3229 certam
2832 3190 2893 3228 ».

443 3268 518 3332 Et
541 3267 787 3342 subdit3
835 3291 870 3324 «
903 3266 1331 3348 Respondetur
1378 3268 1441 3331 in
1472 3267 1716 3348 primis:
1752 3264 1818 3330 Si
1848 3266 1959 3330 illa
1990 3266 2239 3330 centum
2276 3264 2620 3330 debeantur
2651 3284 2724 3329 ex
2762 3284 2899 3348 pro-

444 3375 729 3439 missione
774 3372 1036 3448 liberali‚
1084 3371 1330 3436 videtur
1375 3370 1662 3437 satisfieri
1710 3370 2021 3436 solutione
2066 3368 2407 3452 probabili3
2458 3369 2620 3434 sicut
2673 3369 2781 3452 qui
2826 3388 2900 3434 ex

446 3477 584 3541 voto
618 3474 801 3540 debet
845 3473 1166 3550 ieiunium,
1206 3473 1260 3538 si
1292 3473 1527 3538 ieiunet
1563 3472 1943 3538 observando
1973 3472 2273 3538 ieiunium
2310 3472 2485 3538 iuxta
2517 3473 2902 3556 probabilem

446 3577 830 3649 sententiam,
867 3576 1015 3641 licet
1048 3594 1173 3642 non
1207 3576 1383 3640 iuxta
1430 3577 1681 3640 certam.
1721 3573 1787 3639 Si
1825 3577 2036 3640 autem
2072 3574 2412 3640 debeantur
2458 3595 2530 3641 ex
2576 3576 2901 3641 contractu

448 3696 717 3755 oneroso,
738 3698 794 3741 v.
821 3697 914 3762 gr.
943 3696 1015 3742 ex
1036 3678 1367 3761 emptione,
1399 3677 1857 3760 permutatione
1880 3678 2018 3753 etc„
2038 3678 2188 3742 tunc
2216 3676 2484 3756 fortasse
2509 3697 2632 3742 non
2659 3676 2905 3742 satisfa-

447 3781 564 3857 cit;
604 3780 752 3863 quia
800 3799 923 3844 non
968 3781 1252 3844 servatur
1283 3780 1628 3861 aequalitas
1658 3779 1860 3843 dando
1909 3797 2018 3862 pro
2051 3798 2116 3843 re
2148 3782 2316 3844 certa
2369 3779 2558 3844 aliam
2598 3780 2900 3843 incertam

450 3881 529 3963 (v.
561 3903 656 3968 gr.
689 3882 883 3947 etiam
929 3882 1052 3946 alio
1083 3882 1380 3965 exemplo,
1415 3882 1468 3945 si
1498 3881 1643 3946 dare
1674 3882 1863 3947 velles
1894 3900 2003 3964 pro
2050 3880 2355 3945 mercibus
2400 3883 2687 3945 monetas
2726 3881 2902 3945 dubii

451 3985 690 4062 valori8‚
725 3985 824 4049 vel
854 3987 1136 4049 monetas
1174 3984 1550 4060 chartaceas,
1583 4003 1851 4065 quarum
1876 3982 2050 4047 valor
2073 3982 2260 4046 nutat
2290 3983 2456 4063 etc.)‚
2484 4000 2642 4062 quae
2669 3999 2741 4046 eo
2766 3983 2901 4064 ipso

449 4088 649 4152 minus
694 4087 865 4151 valet
908 4087 973 4151 et
1016 4087 1165 4167 quia
1209 4087 1473 4151 intentio
1512 4086 2011 4151 contrahentium
2042 4101 2114 4148 ea
2148 4083 2392 4149 videtur
2424 4102 2576 4156 esse,
2610 4085 2684 4147 ut
2720 4083 2904 4148 detur

450 4189 563 4254 sibi
586 4188 845 4273 pecunia
867 4190 1035 4253 certa
1066 4207 1177 4270 pro
1208 4188 1513 4253 mercibus
1551 4189 1732 4253 certis
1771 4213 1832 4252 ».

530 4286 711 4361 226.
746 4289 963 4369 Quoad
1003 4289 1332 4354 secundam
1363 4293 1605 4372 partem
1635 4289 2053 4366 resolutionis,
2088 4289 2219 4353 scil.
2259 4288 2379 4353 nisi
2413 4288 2607 4353 etiam
2638 4288 2907 4354 creditor

451 4393 707 4472 dubitet,
741 4411 789 4456 S.
825 4392 1008 4475 Alph.
1036 4392 1317 4456 admittit
1348 4393 1692 4457 doctrinam
1722 4392 2064 4476 Laymann‚
2099 4391 2325 4456 addens
2354 4392 2557 4476 ipsam
2604 4391 2911 4475 placuisse

450 4495 632 4559 etiam
670 4494 1034 4559 Tamburini
1067 4497 1130 4558 et
1161 4493 1403 4577 Sporer,
1437 4495 1544 4576 qui
1580 4496 1781 4577 reipsa
1830 4494 1917 4558 sic
1953 4494 2169 4558 scribit
2212 4493 2287 4557 de
2336 4493 2552 4558 Conse.
2606 4495 2789 4556 tract.
2844 4493 2902 4555 1.

453 4614 509 4658 11.
548 4597 650 4661 85.
693 4598 751 4680 ἓ.
787 4596 906 4659 II.:
949 4621 983 4652 «
1014 4596 1372 4660 Debitorem
1407 4596 1605 4660 adhuc
1636 4595 1831 4660 teneri
1865 4596 1943 4660 ad
1973 4596 2282 4680 integram
2315 4597 2691 4662 solutionem
2743 4593 2909 4657 affir—
