3529 5158
752 292 860 349 372
1280 306 1493 347 mor.
1532 304 1621 345 ιιι.
1660 303 1746 343 οε
1782 301 2062 342 nmmos.
2100 299 2298 341 carm
2336 299 2427 339 ιιι.
2462 298 2607 341 nun.
2646 298 2703 338 v.
3086 281 3237 356 [377]

875 405 1002 458 LIX.
1026 404 1073 457 4.
1095 405 1190 456 Nec
1217 400 1449 457 satislacit
1472 400 1533 468 is,
1551 399 1634 466 qui
1660 405 1845 453 tamum
1872 400 1984 451 flete
2007 398 2267 451 confltetur
2298 395 2376 449 vel
2402 399 2512 447 orat
2537 400 2660 460 etc.;
2681 391 2795 458 quia
2815 407 2911 445 non
2939 391 3049 445 eius
3077 392 3232 454 fictio,

762 491 848 542 sed
887 503 1010 555 opus
1052 494 1362 556 praeceptum
1401 492 1492 538 cst.

847 592 1022 667 377.
1041 596 1178 660 Hac
1195 595 1268 659 de
1284 614 1470 658 causa
1489 594 1623 658 DD.
1650 591 1904 673 quidam
1927 591 2234 655 rationem
2271 588 2538 653 reddunt
2568 605 2745 670 prop.
2772 588 2875 651 14.
2895 586 3238 650 damnatae

761 699 838 762 ab
869 696 1215 762 Alexandro
1248 696 1422 772 V11.;
1466 694 1642 778 quasi
1691 693 2039 758 satisfaciat
2084 691 2417 775 praecepto
2465 690 2887 768 consessionis,
2937 690 3049 772 qui
3095 709 3242 755 con-

758 801 1085 866 fessionem
1132 800 1482 864 voluntarie
1520 796 1758 861 nullam
1805 797 1974 860 facit.
2023 795 2200 859 Ficta
2246 795 2410 858 enim
2464 792 2586 856 dici
2631 793 2860 875 potest,
2911 810 3035 856 non
3084 811 3239 856 vera

761 904 1082 969 confessio.

1848 1061 2011 1125 Dus.
2060 1059 2138 1122 V.

1202 1207 1315 1271 An
1363 1205 1600 1287 duplici
1630 1207 1983 1285 praecepto,
2032 1222 2155 1267 uno
2200 1204 2345 1267 actu
2389 1199 2487 1265 vel
2532 1201 2797 1266 diversis

1319 1308 1562 1372 actibus
1592 1306 1799 1371 eodem
1838 1311 2102 1387 tempore
2120 1306 2330 1385 possit
2354 1303 2675 1385 satisfieri.

869 1480 973 1532 Lx.
1004 1480 1149 1545 Resp.
1181 1480 1226 1530 1.
1253 1478 1361 1532 Uno
1386 1483 1496 1530 actu
1523 1475 1719 1530 diversa
1747 1481 2007 1542 praecepta
2032 1473 2175 1528 simul
2206 1471 2400 1538 impleri
2428 1478 2652 1537 possunt,
2679 1470 2773 1524 nisi
2801 1471 2934 1526 aliud
2967 1473 3239 1535 colligatur

761 1580 824 1620 ex
860 1574 1020 1619 mente
1060 1563 1412 1631 praecipientis.
1441 1566 1577 1616 Patet
1601 1577 1662 1616 ex
1690 1561 1835 1628 praxi
1854 1559 2135 1626 quotidiana
2157 1576 2169 1622 ;
2192 1558 2276 1624 qui
2303 1558 2430 1612 enim
2459 1557 2706 1622 obligatur
2734 1560 2796 1611 ad
2840 1560 3004 1612 Horas
3043 1560 3239 1613 ratione

762 1649 950 1703 ordinis
979 1657 1028 1703 et
1054 1648 1292 1712 beneficii,
1321 1647 1555 1701 satisfacit
1582 1662 1675 1700 una
1701 1645 2007 1700 recitatione.
2029 1647 2205 1698 Sanch.
2232 1643 2377 1700 Mor.
2406 1646 2437 1695 Ι.
2468 1645 2515 1695 l.
2544 1658 2586 1695 c.
2624 1643 2702 1695 ¹4.
2731 1644 2831 1695 Sal.
2858 1644 3041 1697 Bonae.
3070 1660 3118 1711 p.
3152 1647 3231 1697 10.

850 1753 1026 1829 378.
1061 1756 1238 1838 Quod
1284 1758 1467 1821 unico
1501 1757 1646 1821 actu
1679 1755 1879 1837 possit
1911 1752 2199 1818 satisfieri
2247 1750 2532 1834 pluribus
2579 1752 2925 1834 praeceptis
2950 1752 3237 1836 (excepta

769 1865 1032 1930 materia
1077 1865 1376 1939 iustitiae,
1409 1866 1484 1928 ut
1519 1864 1777 1928 notatur
1821 1862 1887 1925 in
1930 1860 2187 1925 resolut.
2228 1859 2350 1942 3⁸),
2384 1857 2567 1923 facile
2598 1860 2868 1924 constat.
2911 1857 3031 1924 Sed
3077 1861 3242 1925 diffi-

764 1968 965 2030 cultas
1003 1969 1115 2043 est‚
1150 1966 1542 2048 quandonam
1574 1964 1637 2028 id
1669 1964 1927 2040 accidat,
1967 1961 2213 2045 quando
2245 1980 2388 2025 non.

853 2066 1119 2146 Quidam
1165 2068 1285 2148 (ita
1316 2066 1674 2132 Salmantic.
1709 2065 1783 2129 de
1815 2064 1968 2146 Ley.
1988 2084 2121 2147 cap.
2162 2066 2222 2127 2.
2249 2083 2309 2126 ιι.
2340 2063 2517 2146 149.)
2564 2063 2852 2147 regulam
2902 2064 3067 2129 hanc
3104 2068 3233 2129 tra-

765 2170 948 2234 dunt:
983 2171 1132 2233 tunc
1162 2172 1309 2234 actu
1345 2170 1524 2233 unico
1573 2168 1883 2243 satisfieri,
1921 2166 2166 2250 quando
2198 2166 2382 2250 plura
2414 2168 2739 2249 praecepta
2771 2165 3007 2231 cadunt
3037 2186 3229 2250 supra

763 2272 1018 2337 eandem
1044 2273 1391 2336 materiam.
1431 2272 1531 2335 lta
1557 2292 1614 2335 v.
1633 2291 1727 2355 gr.
1760 2271 1949 2335 Pater
1965 2270 2094 2334 filio
2119 2268 2437 2352 praecipit,
2472 2270 2546 2332 ut
2577 2268 2656 2333 ad
2679 2268 2945 2333 Missam
2977 2270 3233 2336 audien·

763 2374 906 2439 dam
952 2378 1190 2459 pergat,
1227 2374 1304 2437 ad
1327 2374 1492 2456 quod
1531 2373 1837 2438 Ecclesiae
1884 2372 2207 2456 praecepto
2232 2372 2501 2435 tenetur.
2552 2371 2651 2435 lta
2690 2372 2745 2435 si
2791 2373 3027 2437 vovisti
3076 2373 3231 2438 elee-

761 2496 1107 2562 mosynam,
1141 2476 1447 2540 satisfacis
1480 2476 1667 2539 simul
1691 2477 1839 2540 voto
1864 2476 1928 2539 et
1957 2477 2281 2558 praecepto
2306 2493 2364 2537 v.
2391 2493 2483 2558 gr.
2517 2473 2919 2538 succurrendi
2953 2479 3226 2540 extreme

759 2578 1083 2664 indigenti,
1119 2579 1172 2642 si
1204 2598 1341 2643 eam
1378 2577 1830 2663 eleemosynam
1868 2577 2014 2642 huic
2043 2576 2313 2662 largiris.

850 2682 962 2747 Sed
999 2683 1334 2745 difficultas
1366 2684 1480 2758 est,
1513 2682 1909 2764 quandonam
1954 2681 2195 2746 diversa
2228 2683 2554 2765 praecepta
2584 2701 2771 2765 supra
2807 2682 3070 2748 eandem
3101 2703 3229 2747 ma-

762 2786 985 2849 teriam
1030 2785 1243 2848 cadere
1297 2787 1678 2848 censeantur.
1711 2784 1810 2849 Ad
1839 2784 2003 2865 quod
2051 2785 2226 2848 nulla
2273 2784 2398 2848 alia
2444 2785 2722 2868 suppetit
2754 2785 2959 2868 reipsa
3007 2787 3223 2870 regula

763 2886 881 2950 nisi
928 2905 1085 2966 quae
1132 2887 1196 2950 et
1226 2885 1304 2948 ab
1335 2887 1410 2950 A.
1444 2886 1773 2962 indicatur,
1807 2887 1882 2949 ut
1925 2887 2292 2969 inspiciatur
2330 2886 2460 2951 scil.
2492 2906 2665 2951 mens
2714 2907 2786 2951 ac
2829 2887 3100 2954 intentio
3147 2890 3227 2954 le·

759 2990 1078 3075 gislatoris
1111 3008 1218 3054 seu
1265 2990 1714 3072 praecipientis.
1750 2988 2008 3070 Quando
2055 3010 2198 3055 vero
2248 2991 2321 3056 de
2369 2993 2573 3055 mente
2619 2991 3057 3075 praecipientis
3103 3013 3223 3058 non

759 3094 1024 3170 constat,
1059 3092 1216 3156 nihil
1262 3092 1396 3156 DD.
1424 3092 1881 3177 suggerendum
1926 3093 2174 3170 habent,
2202 3092 2322 3156 nisi
2355 3094 2429 3157 ut
2476 3112 2572 3157 res
2618 3112 2690 3157 ex
2735 3093 3223 3160 circumstantiis

759 3195 1130 3260 diiudicetur
1161 3196 1226 3259 et
1246 3194 1613 3259 coniiciatur
1635 3195 1709 3259 de
1732 3194 2163 3278 praecipientis
2194 3197 2423 3260 mente.
2457 3195 2539 3259 Et
2561 3194 2922 3261 Salmantic.
2958 3197 3035 3262 de
3067 3198 3222 3280 Leq.

757 3317 893 3381 cap.
935 3300 995 3362 2.
1036 3318 1095 3361 n.
1141 3299 1286 3362 150.
1321 3297 1659 3376 insinuant,
1691 3297 1757 3361 in
1803 3298 1991 3363 dubio
2040 3300 2188 3362 tunc
2230 3298 2655 3383 legislatorem
2705 3301 2942 3365 censeri
2988 3322 3224 3369 novum

760 3418 915 3464 onus
959 3401 1273 3482 imponere
1318 3399 1607 3476 voluisse,
1646 3400 1893 3481 quando
1925 3420 1997 3465 ex
2027 3399 2269 3465 diverso
2300 3402 2527 3466 motivo
2560 3402 2879 3486 quidpiam
2912 3406 3223 3490 iniungit;

759 3502 896 3564 tum
929 3501 1119 3565 etiam
1152 3501 1206 3565 si
1237 3520 1523 3583 praesum
1555 3503 1781 3584 potest,
1808 3503 2225 3579 mandantem,
2246 3502 2355 3585 qui
2388 3504 2621 3568 sciebat
2651 3506 3017 3589 praecedens
3044 3527 3228 3585 onus,

757 3602 1030 3666 noluisse
1076 3602 1238 3665 idem
1284 3602 1615 3684 imponere,
1655 3604 1760 3668 sed
1808 3604 1976 3668 aliud
2024 3623 2275 3670 novum.
2342 3604 2632 3672 Ceterum
2678 3608 3093 3676 resolutiones
3144 3613 3225 3678 ob

759 3704 979 3768 oculos
1025 3705 1263 3786 positae
1302 3703 1553 3768 solvunt
1598 3707 2049 3770 communiores
2080 3726 2278 3784 casus,
2315 3727 2345 3772 e
2378 3708 2607 3790 quibus
2655 3709 2733 3774 ad
2782 3711 2939 3776 alios
2987 3715 3231 3782 similes

761 3807 941 3892 argui
987 3806 1235 3890 poterit.

1509 3944 1684 4010 Unde
1717 3944 2113 4010 resolvuntur
2142 3945 2211 4010 ha·
2248 3946 2471 4012 Casus,

858 4101 984 4156 LXI.
1029 4102 1074 4152 ⁴.
1114 4098 1236 4153 Cum
1285 4100 1539 4154 Dominica
1579 4107 1628 4153 et
1668 4103 1843 4154 testum
1891 4099 2196 4156 incidunt-in
2247 4104 2456 4156 eundem
2494 4102 2641 4170 diem,
2678 4119 2776 4158 non
2820 4107 3004 4161 teneris
3045 4111 3230 4166 andire

753 4186 851 4238 duo
890 4200 1042 4238 sacra.

845 4289 1020 4364 379.
1046 4293 1218 4359 Adde
1242 4293 1402 4375 quod
1438 4293 1769 4359 satisfieret
1791 4297 1854 4359 et
1879 4297 2047 4368 voto,
2084 4295 2137 4360 si
2175 4296 2292 4361 hoc
2320 4315 2445 4362 non
2475 4316 2707 4363 novum
2744 4319 2900 4383 opus
2931 4304 3231 4388 exigebat

754 4394 859 4458 sed
896 4396 1104 4477 potius
1138 4415 1262 4459 non
1285 4395 1690 4460 (mittendum
1723 4395 1887 4460 ill-ud
1912 4397 2263 4462 statuebat.-
2297 4420 2355 4463 v.
2396 4419 2489 4484 gr.
2538 4402 2647 4482 qui
2693 4402 2970 4485 quotidie
3017 4425 3086 4471 se
3125 4428 3233 4473 sa·

757 4517 930 4560 crum
978 4498 1337 4561 auditurum
1373 4499 1663 4563 vovisset.
