3529 5158
726 342 831 397 148
1353 352 1564 394 macr.
1603 351 1667 392 11.
1706 352 1792 392 nn
1828 324 2242 393 conscia-urm.
2280 352 2478 394 cun-r
2514 355 2554 394 1.
3040 343 3186 418 [156]

721 451 932 535 prouti
961 449 1307 536 generatim
1352 449 1479 512 iam
1525 448 1761 512 dictum
1807 448 1931 513 fuit
1963 449 2048 519 ,(16
2082 452 2304 534 agente
2341 452 2558 514 contra
2604 452 3065 518 conscientiam.
3115 453 3183 520 Si

719 572 863 618 vero
912 555 1063 637 agat
1090 552 1264 616 iuxta
1299 550 1755 628 conscientiam,
1791 570 1913 616 non
1946 552 2148 616 solum
2180 571 2320 616 reus
2352 552 2471 617 erit
2515 554 2933 639 negligentiae
2981 557 3041 620 in
3092 558 3182 621 in-

717 654 1034 739 quirend0,
1069 654 1173 719 sed
1211 672 1351 718 reus
1384 654 1502 718 erit
1532 657 1850 736 praeterea
1880 654 2209 731 malorum,
2259 673 2418 736 quae
2462 674 2534 720 ex
2563 655 2946 739 imprudenti
2991 659 3178 724 modo

717 757 936 844 agendi
970 759 1311 840 sequutura
1344 757 1412 819 in
1450 756 1773 819 imlividuo
1806 757 1903 821 vel
1941 758 2163 821 saltem
2195 758 2392 837 specie
2421 758 2675 824 confuse
2708 761 3085 842 praevideat.

896 862 965 924 3⁰
997 859 1061 924 Si
1093 861 1305 925 autem
1335 859 1643 923 exoriente
1689 858 1897 938 dubio,
1931 864 2178 943 praesto
2226 860 2499 926 medium
2543 879 2666 926 non
2716 864 2817 939 sit,
2861 882 2985 945 quo
3017 865 3177 930 illud

713 965 1088 1047 expellatur;
1138 962 1372 1028 carebit
1417 962 1597 1045 culpa
1644 961 1985 1045 praesentis
2032 962 2446 1047 negligentiae
2494 966 2558 1028 et
2592 983 2690 1028 res
2727 965 2940 1031 eodem
2989 969 3175 1049 pacto

711 1066 1051 1131 definienda
1098 1069 1212 1145 est,
1263 1084 1333 1129 ac
1379 1065 1645 1129 diximus
1689 1065 1753 1128 in
1800 1065 2001 1149 prima
2047 1065 2404 1150 hypothesi:
2454 1085 2669 1150 nempe
2716 1067 2770 1131 si
2817 1087 2888 1132 ex
2922 1071 3176 1153 propria

712 1169 894 1252 culpa
926 1169 1064 1251 quis
1097 1171 1381 1233 versatur
1408 1168 1473 1232 in
1511 1186 1582 1232 eo
1630 1169 1823 1245 statu,
1858 1186 2000 1232 reus
2029 1168 2248 1250 utique
2280 1169 2375 1233 est
2413 1168 2560 1233 talis
2592 1170 2837 1254 culpae;
2879 1171 2983 1235 sed
3017 1175 3177 1237 cete-

710 1272 890 1353 roqui
922 1270 1370 1354 comparandus
1415 1289 1557 1334 cum
1604 1288 1674 1334 eo
1708 1272 1821 1345 est,
1856 1270 1965 1352 qui
2000 1271 2287 1335 versatur
2314 1271 2380 1334 in
2415 1271 2772 1355 ignorantia
2802 1272 3169 1339 invincibili.

710 1376 791 1441 Et
836 1376 1139 1458 siquidem
1168 1376 1233 1440 in
1264 1375 1341 1440 iis
1389 1374 1694 1439 adiunctis
1732 1374 1943 1439 doleat
1985 1374 2060 1438 de
2091 1374 2477 1458 praecedenti
2519 1376 2937 1462 negligentiae
2984 1379 3170 1462 culpa

707 1481 769 1543 et
800 1478 938 1543 dein
972 1480 1142 1563 agat,
1183 1479 1368 1561 prout
1413 1477 1787 1542 conscientia
1834 1476 2050 1554 dictat,
2083 1477 2239 1541 nihil
2284 1479 2580 1560 peccabit.
2614 1479 2906 1544 Manente
2955 1484 3169 1546 autem

707 1582 913 1657 dubio,
941 1600 1150 1666 gerere
1176 1600 1239 1646 se
1263 1581 1507 1645 debebit
1523 1598 1595 1644 ea
1618 1580 1881 1655 ratione,
1906 1599 2064 1661 quae
2087 1579 2249 1644 infra
2272 1579 2528 1659 dicetur,
2561 1582 2670 1646 ubi
2693 1581 2767 1646 de
2790 1584 3168 1649 conscientia

707 1687 819 1751 aut
856 1685 1042 1749 dubia
1076 1687 1188 1748 aut
1220 1684 1523 1768 perplexa.

796 1786 946 1860 156.
981 1788 1283 1868 Quaeres;
1318 1786 1452 1866 Quo
1486 1787 1666 1869 pacto
1699 1783 2126 1850 Oonfessarius
2163 1785 2440 1870 colligat,
2489 1805 2639 1850 num
2685 1788 3006 1869 poenitens
3039 1809 3163 1872 quo

702 1895 976 1973 tempore
1008 1890 1138 1974 egit
1168 1909 1240 1953 ex
1268 1887 1643 1973 ignorantia,
1679 1887 2053 1953 conscientia
2083 1888 2462 1953 laboraverit
2493 1906 2745 1953 erronea
2774 1888 3050 1955 vincibili
3084 1911 3162 1957 an

703 1996 1045 2062 invincibili
1063 1999 1092 2059 ⁴?

787 2101 970 2182 Resp.
1010 2100 1075 2162 1⁰
1108 2096 1173 2162 Si
1204 2100 1431 2182 agatur
1461 2097 1534 2161 de
1565 2096 1782 2180 primis
1813 2095 2128 2180 principiis
2167 2098 2278 2160 aut
2309 2096 2602 2179 proximis
2637 2098 3156 2175 conclusionibuS,

697 2221 948 2268 erronea
972 2200 1345 2265 vincibiliter
1375 2200 1686 2282 praesumi
1710 2198 1909 2264 debet.
1943 2199 2064 2263 Hic
2096 2200 2190 2263 est
2221 2218 2419 2276 casuS,
2455 2198 2528 2264 de
2559 2218 2682 2281 quo
2718 2219 2898 2285 saepe
2923 2221 2970 2266 3.
2999 2203 3160 2269 Τ110-

695 2324 829 2370 mas
861 2303 1104 2388 repetit,
1138 2302 1558 2388 ignorantiam
1594 2302 1749 2367 iuris
1781 2320 1902 2367 non
1936 2320 2065 2367 esse
2098 2301 2527 2365 excusabilem.

876 2410 944 2472 2⁰
976 2408 1145 2472 Idem
1193 2406 1402 2483 dicito,
1452 2406 1505 2469 si
1551 2407 1781 2490 agatur
1810 2403 1882 2470 de
1932 2404 2127 2469 obviis
2163 2403 2649 2489 obligationibus
2686 2405 2909 2487 cuique
2956 2410 3158 2474 statui

691 2512 973 2597 propriis.
1000 2511 1120 2574 Vix
1167 2509 1330 2574 enim
1376 2508 1730 2593 contingere
1769 2509 1993 2591 potest,
2042 2508 2115 2571 ut
2162 2506 2518 2592 ignorantia
2553 2507 2762 2590 aliquo
2794 2509 2981 2575 modo
3029 2531 3153 2577 non

692 2617 775 2680 sit
805 2614 1130 2697 culpabilis
1163 2613 1224 2677 in
1256 2630 1463 2687 causa,
1500 2631 1556 2675 v.
1596 2630 1691 2695 gr.
1725 2609 1779 2674 si
1809 2611 2010 2675 mater
2040 2609 2201 2674 filios
2233 2628 2354 2674 non
2384 2610 2604 2674 mittat
2636 2609 2711 2674 ad
2743 2610 3006 2677 Missam
3053 2616 3153 2681 vel

691 2716 1078 2781 catechesim.

868 2819 937 2881 3⁰
975 2816 1039 2881 Si
1071 2817 1388 2900 poenitens
1421 2815 1506 2880 sit
1550 2815 1813 2900 diligens
1851 2816 1916 2880 et
1951 2816 2279 2880 accuratus
2317 2814 2380 2879 in
2426 2814 2526 2890 iis,
2559 2833 2718 2897 quae
2748 2816 3028 2883 homines
3062 2820 3154 2902 pii

687 2940 930 2986 servare
968 2921 1186 2996 solent,
1226 2919 1470 2984 facilius
1502 2917 1849 2983 censebitur
1878 2917 2292 3000 inculpabilis.

865 3025 935 3087 4ο
966 3023 1136 3088 Idem
1168 3023 1376 3100 dicito,
1411 3021 1466 3086 si
1496 3020 1803 3098 advertaS,
1844 3039 1986 3084 eum
2018 3018 2304 3098 doluisse,
2339 3039 2483 3084 cum
2514 3038 2782 3085 errorem
2830 3039 3017 3087 suum
3049 3025 3150 3090 de-

683 3128 855 3192 texit.
890 3127 961 3191 Id
993 3127 1202 3191 tamen
1234 3126 1457 3209 probat
1500 3123 1737 3205 utique,
1787 3123 1922 3188 heic
1959 3124 2022 3187 et
2051 3142 2213 3186 nunc
2250 3142 2392 3187 eum
2437 3141 2561 3188 non
2596 3122 2969 3198 advertisse3
3022 3145 3144 3191 non

681 3229 950 3294 excludit
980 3231 1189 3293 tamen
1222 3228 1468 3311 culpam
1502 3226 1780 3309 aliquam
1802 3226 1866 3289 in
1898 3244 2105 3290 causa.

861 3327 929 3396 5⁰
959 3330 1339 3415 Interrogari
1370 3330 1618 3413 insuper
1643 3329 1744 3411 (ut
1770 3329 1859 3394 ait
1883 3327 2059 3412 Gury
2090 3348 2150 3391 n.
2178 3327 2315 3411 38.)
2339 3327 2660 3410 poenitens
2700 3326 2931 3410 poterit
2972 3331 3038 3392 1⁰
3063 3348 3143 3394 an

676 3435 1085 3499 indecentiam
1117 3434 1393 3515 aliquam
1423 3433 1487 3497 in
1520 3435 1664 3497 actu
1697 3431 2060 3497 adverterit:
2098 3431 2163 3493 2⁰
2197 3449 2275 3494 an
2307 3429 2494 3495 dubio
2521 3429 2731 3512 aliquo
2758 3429 2982 3495 saltem
3017 3432 3144 3497 levi

676 3538 883 3600 tactus
915 3535 1245 3618 aliquando
1278 3535 1495 3599 fuerit:
1530 3536 1600 3598 30
1638 3553 1714 3598 an
1753 3533 2127 3598 conscientia
2174 3531 2571 3617 suggesserit,
2622 3532 2845 3596 saltem
2877 3532 3144 3601 interro-

672 3638 948 3724 gandum
980 3656 1108 3702 esse
1147 3637 1619 3702 confessarium:
1662 3636 1728 3699 4⁰
1767 3655 1845 3700 an
1893 3636 1970 3699 ab
2015 3634 2454 3719 interrogando
2501 3654 2572 3699 ex
2619 3635 2987 3700 verecundia
3040 3638 3144 3702 ab·

672 3740 980 3806 stinuerit.
999 3739 1168 3820 Quae
1194 3740 1399 3805 omnia
1424 3739 1476 3804 si
1499 3739 1605 3803 ille
1629 3740 1832 3823 neget,
1858 3736 2230 3802 invincibilis
2254 3735 2582 3801 iudicanda
2607 3737 2733 3812 est3
2762 3736 2814 3800 si
2839 3736 3138 3816 affirmet,

671 3844 975 3911 vincibilis
1007 3845 1126 3927 (ait
1158 3843 1361 3929 Gury)
1392 3842 1623 3909 censeri
1654 3843 1904 3927 poterit.
1938 3839 2402 3905 Advertendum
2433 3842 2640 3904 tamen
2679 3839 2898 3921 (quam
2940 3843 3141 3906 consi-

667 3949 1045 4014 derationem
1063 3947 1225 4013 male
1242 3947 1416 4033 Gury
1442 3945 1683 4012 omittit
1704 3945 1903 4029 ibid.),
1931 3943 2233 4026 quasdam
2256 3960 2550 4026 personas
2577 3943 2655 4006 ab
2685 3942 3134 4029 interrogando

666 4053 976 4134 prohiberi
1012 4051 1377 4116 verecundia
1402 4049 1592 4115 etiam
1616 4050 1679 4114 in
1712 4048 1913 4125 1611113,
1942 4065 2099 4130 quae
2132 4047 2374 4112 nullum
2397 4046 2628 4110 habent
2652 4049 2918 4122 reatum,
2947 4067 3007 4112 r.
3033 4069 3131 4133 gr.

663 4153 871 4235 puella
903 4153 1106 4234 quoad
1128 4155 1466 4217 menstrua.
1500 4152 1582 4216 Et
1612 4150 1859 4234 quidem
1897 4150 2206 4236 contingit
2241 4149 2574 4226 interdum,
2610 4151 2688 4213 ut
2721 4148 2980 4230 quidam
3012 4150 3131 4215 tali

660 4254 892 4337 pudore
930 4257 1273 4334 teneantur,
1314 4257 1388 4320 ut
1424 4274 1619 4336 neque
1651 4254 1881 4337 forcipe
1912 4253 2059 4336 quid
2093 4274 2124 4318 e
2155 4255 2400 4336 pectore
2438 4251 2681 4317 extrahi
2716 4252 2934 4334 possit,
2985 4271 3130 4317 cum

662 4358 870 4420 tamen
901 4356 1055 4419 nihil
1084 4357 1146 4420 id
1187 4358 1288 4434 sit,
1325 4358 1436 4421 aut
1467 4377 1562 4422 res
1593 4357 1745 4421 levis
1793 4356 2091 4422 momenti
2121 4376 2179 4420 v.
2221 4375 2313 4440 gr.
2349 4354 2514 4437 quod
2546 4353 2815 4418 dixerint
2846 4354 2983 4418 feli:
3022 4354 3133 4419 Sei

661 4457 817 4523 bello
850 4479 1011 4522 come
1046 4481 1127 4523 ml
1162 4459 1504 4524 cardinale.

659 4624 671 4635 .
751 4558 900 4634 15⁷.
937 4562 1264 4628 Occasione
1290 4563 1558 4629 traditae
1590 4563 1924 4640 doctrinae,
1952 4582 2000 4627 s.
2028 4562 2385 4645 Alphonsus
2409 4561 2496 4642 (n.
2535 4561 2628 4642 9.)
2653 4559 2926 4641 quaerit:
2963 4587 2996 4617 «
3024 4562 3123 4626 An

657 4665 787 4730 dari
822 4667 1017 4750 possit
1064 4664 1433 4731 conscientia
1479 4665 1920 4730 invincibiliter
1964 4683 2216 4729 erronea
2261 4663 2325 4727 in
2363 4681 2453 4739 60,
2504 4662 2610 4744 qui
2644 4660 2816 4743 cupit
2863 4661 3119 4744 aliquod
