3529 5158
335 361 479 438 [185]
639 375 720 415 AN
760 374 983 415 mean
1021 373 1201 421 9110111
1239 373 1398 415 orm.
1439 373 1833 414 paonanrnma
1870 374 2007 413 aar„
2046 374 2496 417 PssonAmmoRE
2701 363 2804 416 183

337 473 552 555 Quoad
584 473 1002 536 catriae-ecam
1032 491 1180 535 vera
1217 470 1657 546 animadverte,
1692 470 2017 535 doctorum
2067 472 2507 536 auctoritatem
2546 474 2803 537 eatenus

336 578 558 641 habere
592 577 740 651 vim,
782 576 1090 657 quatenus
1126 574 1564 656 praesumitur,
1600 572 1882 636 doctores
1914 574 2227 655 permotos
2267 572 2344 636 ad
2375 573 2437 636 id
2471 575 2802 639 tenendum

336 682 524 745 fuisse
558 679 740 764 gravi
769 679 1011 742 ratione
1043 679 1231 758 atque
1264 677 1413 741 adeo
1448 676 1794 740 auctoritas
1831 676 2126 758 supponit
2157 695 2394 759 semper
2425 696 2679 760 gravem
2711 698 2806 741 ra-

340 786 588 849 tionem.
631 781 698 846 Si
730 802 877 865 ergo
918 781 1188 845 rationes
1221 779 1442 856 desint,
1484 780 1684 843 cessat
1723 798 1902 843 omne
1935 777 2175 861 pondus
2224 780 2662 843 auctoritatis:
2712 780 2803 844 ita

338 909 393 951 v,
426 908 522 972 gr.
564 886 616 949 si
652 886 862 969 gravis
902 885 1120 947 auctor
1153 882 1389 966 allegat
1421 900 1717 946 canonem
1750 882 2052 963 spurium.

425 991 515 1053 De
564 988 916 1051 eztrinscca
960 987 1111 1049 haec
1142 986 1331 1049 habet
1363 983 1589 1048 Suarez
1629 984 1692 1047 in
1724 985 1767 1046 l.
1810 986 1869 1046 2.
1906 984 1984 1046 tr.
2021 985 2080 1046 3.
2117 984 2173 1047 d.
2222 986 2322 1048 12.
2359 986 2505 1049 sect.
2543 986 2601 1047 6.
2630 1005 2690 1048 n.
2723 986 2802 1049 1.:

345 1120 378 1151 «
409 1091 606 1156 Nobis
640 1110 800 1154 nnnc
833 1090 985 1153 satis
1017 1090 1131 1165 est,
1181 1088 1355 1152 illam
1404 1087 1746 1151 existimari
1796 1087 2147 1169 opinionem
2196 1088 2595 1169 probabilem,
2647 1106 2806 1169 quae

340 1195 527 1260 etiam
562 1195 788 1258 nititur
827 1192 1201 1256 auctoritate
1240 1191 1450 1272 aliqua
1486 1190 1674 1274 digna
1703 1188 1823 1252 fide
1861 1188 2046 1270 (quae
2078 1190 2141 1252 in
2174 1209 2239 1252 re
2270 1190 2493 1253 morali
2531 1190 2806 1252 multum

340 1299 524 1361 habet
570 1295 886 1380 ponderis)
917 1295 982 1359 et
1017 1312 1138 1358 non
1170 1295 1478 1377 repugnat
1510 1293 1621 1355 aut
1654 1290 2022 1355 veritatibus
2060 1292 2366 1355 Ecclesiae
2403 1292 2661 1374 receptis
2695 1292 2808 1355 aut

339 1399 607 1463 evidenti
653 1396 884 1461 rationi
932 1414 1126 1477 neque
1164 1396 1354 1459 etiam
1387 1397 1615 1458 temere
1653 1392 2025 1457 contradicit
2059 1394 2373 1457 communi
2420 1395 2484 1457 et
2528 1394 2807 1475 receptae

341 1502 653 1567 doctrinae
686 1500 1012 1563 doctorum
1045 1524 1106 1561 ».

424 1604 545 1668 Hic
578 1600 893 1668 notandus
925 1602 1019 1665 est
1050 1619 1185 1664 mos
1224 1618 1439 1663 eorum
1487 1595 2028 1679 (Iansenianorum
2075 1597 2485 1678 praesertim),
2520 1597 2625 1677 qui
2674 1616 2809 1660 mo-

341 1709 501 1781 nent,
555 1704 1062 1789 probabilitatem
1101 1703 1317 1767 debere
1365 1720 1493 1766 esse
1543 1702 1980 1785 theologicam,
2031 1699 2356 1762 fundatam
2404 1699 2641 1763 scilicet
2685 1718 2807 1763 non

343 1810 647 1885 inanibuS,
681 1809 759 1872 ut
791 1808 986 1881 aiunt,
1007 1805 1398 1881 ratiuncuIiS,
1428 1803 1530 1868 sed
1565 1804 1775 1884 aliquo
1807 1803 1942 1866 loco
1979 1801 2363 1885 theologic03
2406 1802 2631 1883 quippe
2678 1800 2811 1864 Mo·

347 1914 490 1977 ralis
537 1911 878 1975 christiana
926 1927 1047 1973 non
1082 1908 1237 1971 alias
1270 1906 1451 1971 debet
1490 1924 1819 1989 agnoscere
1857 1903 2124 1989 regulaS,
2167 1921 2356 1984 quam
2389 1923 2511 1980 eas,
2547 1923 2706 1984 qnae
2739 1923 2807 1966 ex

345 2016 717 2081 revelatione
750 2013 848 2077 vel
883 2010 1240 2075 immediate
1277 2009 1375 2073 vel
1405 2008 1674 2072 mediate
1721 2008 2062 2071 dimanant.
2105 2007 2333 2069 Inscite
2366 2006 2594 2068 tamen.
2646 2004 2808 2068 Nam

343 2120 394 2183 si
439 2119 545 2182 isti
595 2117 717 2181 viri
764 2114 1151 2179 studuissent
1197 2112 1376 2177 Locis
1409 2111 1821 2195 Theologicis,
1860 2109 2159 2173 vidissent
2195 2127 2379 2171 suum
2427 2127 2556 2171 esse
2604 2108 2810 2171 locum

343 2222 600 2287 rationis
625 2212 933 2284 naturalis
969 2216 1192 2280 lumini
1223 2234 1420 2297 neque
1452 2215 1566 2277 hoc
1597 2212 1891 2277 confundi
1921 2232 2062 2275 curn
2100 2211 2493 2274 revelatione.
2530 2210 2812 2273 Iudicent

345 2346 397 2390 v.
431 2345 524 2409 gr.
562 2343 636 2387 ex
667 2321 1063 2396 revelatione,
1100 2338 1177 2382 an
1217 2318 1356 2399 quis
1397 2336 1509 2381 sua
1544 2315 1919 2379 auctoritate
1953 2314 2149 2395 possit
2198 2314 2439 2375 mutare
2488 2312 2707 2375 votum
2744 2312 2807 2373 in

344 2428 508 2493 aliud
534 2444 693 2509 opus
720 2423 994 2505 aequale,
1030 2440 1336 2503 quaenam
1376 2420 1504 2483 sint
1537 2418 1948 2501 obligationes
1972 2415 2257 2479 locatarii
2290 2416 2447 2478 etex
2479 2433 2601 2495 qua
2627 2413 2811 2494 culpa

341 2532 546 2596 latane
588 2547 666 2593 an
705 2527 847 2601 levi,
899 2525 1185 2590 teneatur
1230 2540 1428 2604 caupo
1477 2522 1592 2585 etc.
1643 2517 1891 2583 Scilicet
1937 2518 2086 2582 haec
2134 2516 2389 2581 scientia
2436 2515 2691 2581 moralis
2742 2534 2811 2576 ex

343 2635 626 2719 pluribus
657 2631 935 2696 fontibus
969 2648 1005 2692 a
1046 2627 1338 2710 theologo
1372 2623 1712 2688 haurienda
1745 2624 1859 2698 est,
1901 2641 1971 2686 ex
2005 2620 2399 2695 revelatione,
2435 2638 2505 2683 ex
2544 2619 2678 2682 inre
2709 2638 2812 2681 na·

341 2741 536 2815 turae,
573 2755 647 2800 ex
693 2735 829 2798 iure
875 2731 1145 2815 positivo
1178 2727 1487 2792 Ecclesiae
1527 2727 1714 2807 atque
1747 2725 1937 2789 etiam
1987 2744 2057 2787 ex
2088 2724 2221 2787 iure
2254 2723 2440 2787 civili.
2482 2721 2812 2804 Multiplex

341 2843 434 2905 est
455 2840 623 2904 enim
654 2838 806 2902 haec
844 2834 1101 2899 scientia
1132 2830 1467 2896 secundum
1505 2828 1746 2892 diversa
1785 2828 2103 2911 principia,
2132 2846 2203 2889 ex
2235 2826 2459 2907 quibus
2508 2824 2809 2907 procedit:

343 2963 465 3007 una
503 2945 603 3007 est
649 2941 862 3003 autem
906 2937 1147 3001 ratione
1177 2934 1337 3010 finis,
1381 2932 1456 2996 ad
1488 2951 1674 3013 quem
1710 2931 2016 3006 conducit,
2052 2931 2125 2991 ut
2155 2946 2371 3010 nempe
2404 2928 2623 2991 doceat
2653 2927 2815 2989 chri-

343 3046 620 3110 stianum
644 3041 959 3107 hominem
985 3037 1186 3103 officia
1219 3055 1353 3114 sua,
1387 3034 1537 3117 quid
1569 3034 1767 3098 vitare
1801 3052 1942 3096 eum
1977 3031 2279 3113 oporteat,
2315 3029 2464 3109 quid
2498 3047 2679 3111 agere
2712 3028 2815 3090 de-

341 3148 485 3212 beat
535 3148 651 3212 aut
699 3143 849 3226 quid
894 3141 1120 3206 melius
1153 3139 1237 3204 sit
1269 3157 1472 3223 agere.

433 3250 593 3314 Sane
626 3268 674 3312 9.
710 3246 983 3310 Thomas
1007 3245 1071 3307 in
1114 3240 1402 3322 Qeooclle'b.
1439 3242 1499 3301 9.
1523 3259 1577 3302 a.
1613 3239 1714 3300 15.
1751 3252 2069 3315 quaerens,
2100 3251 2177 3294 an
2209 3231 2416 3312 plures
2442 3226 2817 3308 praebendas

347 3353 473 3417 sine
498 3370 648 3415 cura
689 3350 1038 3413 animarum
1068 3345 1292 3408 habere
1327 3342 1558 3422 absque
1582 3335 2038 3420 dispensatione
2071 3334 2153 3396 sit
2186 3329 2507 3414 peccatum
2532 3328 2814 3402 mortale,

350 3456 463 3520 ait:
498 3479 534 3512 «
561 3451 924 3528 Dicendum,
959 3448 1124 3532 quod
1164 3446 1365 3511 omnis
1390 3442 1693 3525 quaestio,
1720 3440 1785 3502 in
1811 3457 1934 3520 qua
1966 3437 2039 3501 de
2064 3436 2313 3519 peccato
2348 3432 2599 3497 mortali
2631 3450 2819 3513 quae-

349 3560 526 3635 ritur,
591 3555 713 3620 nisi
774 3570 1050 3635 expresse
1090 3550 1319 3613 veritas
1367 3546 1691 3620 habeatur,
1740 3541 2081 3625 periculose
2144 3537 2609 3602 determinatur.
2662 3532 2820 3613 Quia

351 3679 536 3736 error,
565 3677 690 3740 quo
727 3675 848 3721 non
873 3653 1143 3718 creditur
1167 3669 1299 3715 esse
1321 3649 1644 3732 peccatum
1681 3643 1965 3714 mortale,
1995 3641 2158 3723 quod
2193 3640 2286 3704 est
2316 3639 2638 3722 peccatum
2663 3655 2822 3700 mor-

351 3764 494 3840 tale,
530 3759 973 3825 conscientiam
1009 3774 1134 3820 non
1167 3753 1423 3818 excusat
1459 3771 1496 3814 a
1527 3751 1683 3825 toto,
1718 3748 1867 3811 licet
1904 3745 2062 3809 forte
2102 3764 2137 3807 a
2186 3743 2383 3806 tanto,
2420 3742 2607 3803 Error
2654 3759 2818 3812 vero,

351 3885 473 3948 quo
519 3863 794 3928 creditur
841 3879 971 3925 esse
1002 3857 1285 3930 mortale,
1335 3853 1501 3937 quod
1532 3871 1654 3916 non
1693 3853 1790 3915 est
1819 3848 2103 3922 mortale,
2140 3865 2210 3909 ex
2258 3843 2629 3908 conscientia
2661 3841 2823 3924 ligat

352 3969 429 4033 ad
461 3969 788 4053 peccatum
824 3962 1109 4029 mortale.
1149 3958 1486 4040 Praecipue
1523 3975 1667 4020 vero
1706 3953 2122 4037 periculosum
2155 3950 2267 4022 est,
2296 3946 2403 4008 ubi
2438 3945 2666 4006 veritas
2700 3963 2825 4005 am—

353 4072 542 4157 bigua
574 4072 692 4144 est,
728 4066 892 4150 quod
932 4067 996 4129 in
1034 4061 1344 4146 praesenti
1377 4058 1738 4140 quaestione
1774 4054 2014 4118 accidit.
2057 4050 2215 4114 Cum
2255 4049 2406 4112 haec
2432 4045 2713 4127 quaestio
2750 4044 2825 4107 ad

353 4175 684 4257 theologos
721 4168 1050 4253 pertineat,
1091 4166 1154 4228 in
1195 4165 1502 4244 quantum
1532 4158 1834 4241 dependet
1879 4175 1951 4219 ex
2002 4156 2136 4216 iure
2183 4152 2393 4213 (livino
2443 4148 2641 4212 velex
2687 4147 2824 4209 iure

352 4274 643 4340 naturali
689 4273 754 4336 et
800 4269 876 4333 ad
922 4268 1197 4334 iuristas,
1246 4265 1310 4327 in
1351 4263 1657 4345 quantum
1690 4257 1989 4341 dependet
2035 4276 2105 4320 ex
2157 4256 2288 4316 inre
2316 4252 2623 4332 positivo:
2664 4250 2826 4312 inve-

353 4379 614 4444 niuntur
661 4375 726 4437 in
775 4391 847 4435 ea
895 4368 1172 4451 theologi
1206 4364 1515 4448 theologis
1564 4364 1626 4426 et
1672 4361 1931 4424 iuristae
1962 4358 2203 4421 iuristis
2235 4355 2546 4421 contraria
2579 4353 2823 4417 sentire.

350 4480 436 4545 In
479 4482 620 4543 iter-c
671 4492 940 4552 utumque
986 4470 1198 4532 dirimo
1247 4487 1372 4530 non
1420 4465 1739 4528 ‘invenitur
1787 4461 2203 4523 detertm‘nata
2250 4477 2554 4537 erpi-esse,
2588 4475 2729 4519 cum
2767 4454 2829 4516 in

351 4604 401 4648 9.
441 4580 772 4662 Scriptura
818 4590 1102 4656 expressa
1147 4569 1381 4633 mentio
1430 4567 1503 4631 de
1551 4584 1622 4630 ea
1671 4583 1792 4628 non
1838 4562 1987 4625 fiat:
2030 4561 2314 4641 quamvis
2356 4559 2431 4623 ad
2464 4577 2601 4621 eam
2650 4575 2830 4639 argu-
