3529 5158
391 320 538 397 [19⁴2]
903 338 1286 380 ARGUMENTA
1326 340 1373 380 s.
1409 340 1711 383 Ahenonsi
1752 343 1873 385 pao
1908 344 2355 388 PnonAn1msno
2748 337 2854 392 193

386 458 419 491 «
453 434 708 507 Palaus,
736 432 986 508 Garcia‚
1018 435 1462 511 Busembaum‚
1495 440 1750 515 Aversa,
1781 439 2024 524 Sporer‚
2060 442 2257 517 Elbel‚
2290 444 2606 523 Ledesma‚
2656 449 2847 514 Lean-

383 562 416 594 «
448 535 554 599 der
585 537 701 599 etc,
741 560 801 599 ».

468 664 502 697 «
534 638 632 702 Ad
678 638 841 702 hanc
888 641 1340 705 auctoritatum
1380 643 1853 710 multitudinem
1886 648 2225 713 adversarii
2256 651 2644 733 respondent,
2679 655 2843 734 quod

382 766 414 796 ι(
444 741 508 803 in
554 741 671 805 hoc
717 741 1108 823 praelaudati
1156 761 1250 806 aa.
1317 744 1513 808 secuti
1561 749 1710 810 sunt
1753 768 1918 813 unus
1965 751 2181 825 alium,
2216 755 2540 835 tamquam
2589 772 2732 819 aves
2780 759 2843 820 et

380 869 412 897 ⁴<
446 862 608 919 oves,
643 846 707 907 et
739 841 1192 909 Contensonius
1239 846 1409 909 ultra
1441 848 1857 931 progreditur,
1894 869 2118 916 acuens
2157 856 2375 919 contra
2408 854 2652 919 eosdem
2686 857 2840 921 illud

380 970 412 1001 «
445 944 742 1011 Senecae:
790 945 1258 1027 Aryumentmn
1289 950 1559 1027 pessimi
1607 951 1791 1014 turba
1837 958 1947 1016 est.
2007 954 2080 1017 Id
2126 959 2338 1020 autem
2385 956 2621 1039 profert
2663 958 2840 1023 iuxta

381 1074 412 1103 «
445 1066 839 1112 communem
863 1068 1048 1114 usum
1081 1050 1746 1132 probabilioristarum‚
1782 1054 1889 1135 qui
1921 1056 2269 1121 maledictis
2301 1060 2365 1121 et
2397 1059 2688 1123 conviciis
2712 1080 2840 1124 ma-

380 1174 411 1205 «
444 1149 606 1214 xime
637 1150 1378 1236 contenduntbenignam
1416 1155 1788 1219 sententiam
1810 1157 2156 1234 infirmare;
2191 1162 2407 1223 contra
2438 1162 2648 1225 tamen
2680 1163 2836 1227 illud

375 1277 408 1307 «
440 1252 604 1334 quod
645 1253 1042 1336 praescripsit
1087 1254 1483 1319 Innocentius
1516 1255 1627 1319 XI.
1677 1257 1740 1321 in
1790 1258 2033 1325 decreto
2082 1261 2501 1327 damnationis
2540 1264 2832 1341 thesium,

375 1380 408 1410 «
441 1355 582 1419 ubi:
626 1353 908 1419 Caveant
932 1356 1011 1419 ab
1045 1358 1216 1419 omni
1245 1376 1510 1420 censura
1555 1362 1618 1421 et
1658 1364 1810 1424 nota
1839 1381 2077 1426 nemon
2106 1384 2149 1427 a
2179 1364 2661 1446 quibuscunque
2698 1386 2836 1430 eon-

375 1483 405 1513 «
441 1458 619 1521 ¹melis
663 1460 890 1521 contra
931 1478 1042 1522 cas
1073 1460 1554 1539 Ρνοροςίὒιῖοηεε,
1612 1482 1771 1542 quae
1817 1462 2020 1527 adhuc
2084 1466 2249 1528 inter
2302 1465 2636 1531 catholicos
2690 1467 2835 1532 hinc

372 1585 404 1617 «
439 1559 583 1622 inde
615 1564 1178 1635 cmztrovertzmtur,
1219 1562 1409 1625 donec
1444 1584 1485 1625 a
1516 1542 1738 1627 scin-cta
1774 1564 1951 1642 Sede,
1992 1587 2060 1630 re
2092 1568 2361 1649 comita,
2392 1588 2581 1648 super
2616 1570 2834 1633 iisdem

369 1686 404 1719 «
424 1661 963 1741 propositionibus
987 1662 1289 1727 iudicium
1307 1664 1696 1743 proferatur.
1738 1665 2029 1732 Ceterum
2052 1669 2338 1733 credibile
2364 1688 2484 1735 non
2517 1674 2629 1748 est,
2665 1671 2829 1752 quod

368 1790 400 1820 ‹
434 1767 534 1829 tot
564 1764 867 1849 benignae
913 1766 1256 1831 sententiae
1303 1766 1600 1841 fautoreS,
1650 1768 1921 1850 undique
1968 1770 2249 1835 doctrina
2296 1790 2367 1835 ac
2413 1771 2647 1854 pietate
2694 1794 2830 1857 pro-

367 1895 398 1923 «
433 1867 587 1942 bati,
644 1886 823 1932 caeco
871 1867 1064 1932 ductu
1111 1868 1279 1933 trahi
1327 1869 1639 1934 voluerint
1686 1889 1722 1934 a
1770 1870 1997 1935 iudicio
2047 1872 2333 1949 aliorum,
2382 1893 2506 1938 non
2553 1876 2826 1956 pensatis

365 1995 397 2025 «
433 1969 786 2034 intrinsecis
831 1970 1214 2044 rationibust,
1264 1990 1406 2035 cum
1453 1966 1490 2036 e'
1531 1990 1827 2038 converso
1858 1973 1923 2037 in
1971 1974 2438 2055 quaestionibus
2486 1975 2825 2041 inmmieris

366 2097 398 2129 «
429 2072 680 2155 ipsimet
726 2091 823 2136 aa.
873 2073 992 2137 sibi
1025 2074 1287 2138 invicem
1320 2074 1749 2139 adversentur:
1786 2094 1910 2158 quo
1958 2077 2132 2158 patet
2179 2077 2344 2159 apud
2375 2077 2543 2160 ipsos
2574 2098 2696 2143 non
2731 2099 2826 2144 so-

366 2200 398 2231 «
430 2175 559 2239 lam
606 2176 1067 2253 auctoritatem,
1102 2176 1206 2241 sed
1252 2176 1569 2240 rationum
1615 2178 1742 2241 vim
1790 2178 2057 2243 maxime
2090 2180 2442 2261 praevalere
2474 2206 2535 2244 ».

451 2306 485 2339 «
517 2280 646 2345 Nec
691 2282 861 2346 valet
905 2280 1122 2357 dicere,
1173 2280 1548 2346 sententiam
1578 2281 1911 2365 benignam
1941 2281 2130 2346 fuisse
2161 2282 2225 2345 in
2257 2281 2529 2347 Ecclesia
2569 2285 2818 2349 omnino

361 2408 396 2440 ‹
428 2403 657 2449 novam
681 2387 745 2449 et
776 2384 1083 2467 prioribus
1116 2383 1339 2448 seculis
1369 2383 1717 2449 inauditam
1752 2402 1947 2465 usque
1979 2384 2055 2447 ad
2081 2387 2327 2466 tempus
2350 2385 2821 2451 Bartholomaei

361 2512 395 2543 «ι
427 2487 733 2564 Medinae‚
766 2488 876 2570 qui
913 2487 1148 2569 primus
1180 2487 1356 2550 illam
1388 2486 1766 2571 excogitavit
1798 2505 1868 2551 ac
1899 2486 2239 2570 evulgavit.
2290 2486 2454 2551 Nam
2499 2488 2821 2570 responde-

358 2615 392 2647 «
426 2592 550 2667 tur,
601 2590 769 2673 quod
825 2590 972 2655 licet
1017 2591 1189 2674 prius
1234 2591 1385 2655 haec
1431 2590 1710 2655 doctrina
1756 2590 1836 2654 ab
1882 2590 2157 2671 antiquis
2220 2610 2537 2672 nunquam
2583 2592 2817 2657 tradita

362 2719 396 2751 «
429 2693 619 2758 fuerit
663 2695 728 2758 in
774 2693 1074 2770 terminis,
1109 2693 1334 2775 quibus
1366 2691 1650 2775 exposuit
1680 2692 1930 2758 Medina
1961 2693 2085 2774 (vir
2116 2692 2366 2775 quidem
2397 2693 2813 2774 doctissimus,

353 2822 387 2852 «
421 2797 530 2879 qui
576 2815 649 2861 ex
695 2798 1021 2880 praecepto
1070 2817 1127 2878 p.
1178 2793 1502 2878 Seraphim
1547 2793 1789 2860 Cavalli
1836 2795 1934 2860 sui
1979 2795 2300 2862 Generalis
2346 2795 2813 2876 ExpositeanS,

353 2925 389 2956 «
420 2899 484 2963 in
527 2900 584 2963 1.
621 2901 683 2963 2.
717 2899 775 2962 d.
815 2899 930 2962 Th.
964 2897 1156 2963 edidit
1204 2916 1362 2962 anno
1400 2898 1655 2980 1577.);
1707 2899 1987 2962 attamen
2034 2899 2096 2961 in
2145 2898 2498 2963 substantia
2530 2900 2811 2963 terminis

354 3027 389 3060 «
424 3001 962 3083 aequivalentibus
1017 3019 1154 3064 eam
1201 2999 1354 3064 satis
1401 2999 1791 3063 tradiderunt
1852 3002 2046 3081 utque
2102 2997 2374 3063 testatur
2421 2998 2812 3065 Christianus

351 3131 386 3160 α
418 3103 654 3186 Lupus,
688 3103 750 3166 in
787 3102 961 3185 praxi
990 3102 1103 3166 ina
1148 3100 1559 3167 communiter
1595 3101 1694 3165 usi
1740 3103 1906 3163 sunt.
1956 3101 2038 3163 Et
2070 3099 2355 3179 quamvis
2389 3099 2671 3164 universe
2701 3101 2812 3163 do-

348 3231 385 3265 «
417 3206 660 3271 cuerint
705 3205 872 3289 parti
902 3204 1304 3288 probabiliori
1336 3202 1812 3277 adhaerendum,
1854 3201 1943 3263 ibi
1972 3203 2183 3264 tamen
2228 3199 2479 3279 loquuti
2510 3202 2658 3262 sunt
2687 3219 2811 3263 non

353 3335 386 3367 «
419 3309 493 3374 de
533 3308 938 3393 probabiliori
983 3307 1144 3371 circa
1188 3306 1280 3370 rei
1324 3305 1674 3380 veritatem,
1724 3302 1830 3367 sed
1876 3302 1949 3366 de
1996 3301 2221 3366 ultimo
2269 3300 2602 3365 dictamine
2649 3303 2810 3366 cirea

351 3439 384 3470 α
416 3413 810 3477 honestatem
857 3410 1148 3475 actionis:
1182 3409 1347 3491 quod
1394 3407 1702 3471 dictamen
1749 3406 2059 3470 formatur
2107 3406 2237 3468 tam
2285 3423 2321 3469 a
2369 3403 2623 3469 motivis
2670 3424 2812 3487 pro-

347 3541 382 3574 «
414 3515 712 3579 bantibus
743 3514 831 3577 rei
878 3510 1504 3586 verisimilitudinem,
1538 3528 1727 3590 quam
1778 3508 1855 3572 ab
1904 3507 2043 3573 aliis
2091 3507 2499 3590 probantibus
2547 3507 2811 3572 actionis

345 3644 380 3674 «
412 3617 833 3682 honestatem:
872 3615 984 3680 ubi
1028 3633 1172 3679 vero
1219 3613 1634 3694 loquebantur
1679 3610 1753 3674 de
1784 3609 2012 3674 iudicio
2046 3610 2427 3693 speculativo
2460 3609 2621 3674 circa
2655 3610 2811 3674 dele-

343 3746 375 3776 «
411 3721 584 3784 ctum
618 3718 979 3802 opinionum
1012 3714 1447 3799 probabilium,
1482 3712 1610 3777 sive
1642 3712 1803 3777 circa
1835 3712 2340 3795 probabilitatem
2363 3730 2523 3793 quae
2559 3712 2809 3793 respicit

343 3849 376 3877 «
412 3822 744 3887 veritatem
772 3820 882 3897 rei,
933 3838 970 3882 a
1016 3818 1193 3883 nobis
1241 3835 1362 3881 non
1394 3815 1841 3898 discrepatum,
1875 3817 1949 3879 ut
1996 3834 2066 3878 ex
2098 3832 2311 3878 eorum
2360 3814 2606 3895 scriptis
2640 3816 2807 3879 vide-

339 3952 372 3982 «
405 3925 610 3989 bimus
649 3923 832 4000 infra,
860 3941 991 4006 cap.
1018 3921 1132 3985 ΙΙΙ.
1163 3922 1219 4004 ξ.
1256 3919 1365 3982 VI.
1403 3945 1461 3982 ».

428 4054 464 4086 «
494 4027 733 4109 Nequit
765 4028 976 4090 autem
1021 4023 1256 4107 nega-ri,
1305 4021 1468 4103 quod
1519 4020 1722 4103 spatio
1771 4020 2019 4084 centum
2068 4036 2371 4082 annorum
2419 4016 2662 4081 circiter
2710 4018 2803 4081 vel

337 4157 370 4188 «
405 4131 630 4195 saltem
676 4146 874 4208 usque
922 4125 1000 4190 ad
1037 4124 1436 4190 medietatem
1467 4123 1658 4187 seculi
1689 4121 1893 4185 XVII.
1929 4121 2032 4202 (ut
2061 4119 2247 4184 iidem
2286 4119 2580 4183 contrarii
2613 4119 2806 4183 saten-

333 4259 367 4290 ‹
407 4234 540 4316 tur)
570 4230 841 4316 benigna
871 4228 1177 4294 sententia
1226 4227 1303 4290 ab
1358 4225 1642 4290 omnibus
1689 4225 1825 4288 DD.
1875 4226 2121 4305 recepta
2168 4223 2281 4286 est.
2320 4220 2385 4285 Si
2416 4222 2527 4285 illa
2552 4222 2803 4287 omnino

332 4361 367 4392 «
402 4354 563 4399 nova
603 4337 668 4398 et
690 4331 975 4397 inaudita
1001 4330 1237 4407 fuisset,
1281 4327 1590 4410 quomodo
1616 4327 1745 4390 sine
1777 4325 2261 4390 contradictione
2295 4343 2507 4389 omnes
2540 4325 2804 4391 fuissent

331 4463 366 4494 «
403 4455 540 4500 eam
596 4434 976 4518 amplexati?
1023 4433 1339 4496 Mereorus
1395 4430 1687 4494 adversus
1752 4448 1846 4492 aa.
1903 4430 2170 4504 nostroS‚
2228 4427 2337 4509 qui
2400 4428 2797 4500 contendunt,

326 4566 362 4596 «
404 4558 613 4604 omnes
649 4538 945 4619 antiquos
973 4537 1137 4601 idem
1163 4535 1421 4601 sensisse
1450 4552 1521 4597 ac
1543 4532 1930 4608 recentioreS‚
1960 4531 2216 4614 opponit
2247 4531 2363 4595 hoc
2387 4549 2517 4595 esse
2548 4531 2797 4607 falsum,

491 4661 789 4714 nummu-n,
817 4658 987 4702 Mor-al.
1017 4658 1165 4701 Tomo
1192 4657 1233 4698 Ι.
2589 4652 2640 4692 13
