3529 5158
720 407 860 448 xclv
934 407 1145 449 Smin-:s
1172 404 1639 447 CHRONOLOGICA
1667 423 1685 433 -
1716 404 2207 447 PROPOSITIONUM
2233 406 2685 461 DAMNATARUM,
2713 408 2751 447 A
2779 408 2882 449 1²10
2911 410 2990 450 11.

713 510 1227 584 aggregationes
1251 509 1624 568 tolerantur
1647 524 1688 567 a
1710 506 1898 567 civili
1924 506 2396 567 Gubernio:—-
2417 509 3171 571 excommunicationem

712 616 754 657 a
800 597 1098 658 Concilio
1131 597 1525 657 Tridentino
1572 599 1661 656 et*
1687 596 2007 656 Romanis
2055 596 2497 657 Pontificibus
2530 598 2733 657 latam
2773 598 2844 657 in
2893 615 3006 659 eos
3053 600 3171 675 qui

713 687 861 746 iura
907 686 1489 761 possessionesque
1521 685 1861 746 Ecclesiae
1906 685 2244 745 invadunt
2273 689 2344 747 et
2389 691 2739 764 usurpant,
2775 686 2903 747 niti
2936 688 3172 748 confu-

713 775 898 836 sione
930 775 1185 836 ordinis
1203 775 1577 850 spiritualis
1606 774 1994 849 ordinisque
2019 774 2240 834 civilis
2264 792 2341 835 ac
2367 775 2624 850 politici
2649 776 2733 835 ad
2761 777 3173 837 mundanum

711 864 1040 926 duntaxat
1071 866 1313 925 bonum
1353 863 1919 941 prosequendum3
1948 864 2313 924 Ecclesiam
2341 865 2511 923 nihil
2529 864 2770 925 debere
2794 865 3170 943 decernere,

713 954 891 1029 quod
937 954 1355 1031 obstringere
1399 953 1614 1030 possit
1660 953 1956 1013 fidelium
1996 952 2439 1014 conscientias
2487 953 2556 1013 in
2589 954 2821 1014 ordine
2858 954 2943 1014 ad
2977 972 3171 1015 usum

711 1059 929 1102 rerum
980 1044 1475 1120 temporalium:
1529 1076 1610 1086 —
1660 1043 2004 1102 Ecclesiae
2054 1043 2157 1103 ius
2207 1060 2337 1103 non
2387 1046 2758 1118 competere
2805 1043 3168 1105 violatores

714 1133 935 1209 legum
983 1150 1254 1193 suarum
1301 1133 1533 1209 poenis
1578 1132 2064 1207 temporalibus
2111 1132 2490 1192 coercendi:
2535 1164 2616 1176 —
2651 1131 2992 1193 conforme
3026 1150 3173 1194 esse

712 1238 938 1282 sacrae
984 1222 1382 1298 Theologiae
1431 1222 1732 1296 iurisque
1779 1221 2032 1296 publici
2085 1221 2455 1299 principiis,
2499 1222 2822 1281 bonorum
2869 1223 3170 1297 proprie·

710 1315 937 1389 tatem,
986 1328 1158 1386 quae
1202 1311 1289 1371 ab
1335 1311 1674 1387 Ecclesiis,
1711 1328 1750 1370 a
1799 1310 2102 1370 Familiis
2146 1310 2478 1387 religiosis
2509 1310 2795 1386 aliisque
2825 1311 2990 1372 locis
3035 1311 3193 1387 piis⁸

710 1400 1155 1477 possidentur,
1204 1401 1390 1461 civili
1436 1400 1786 1461 Gubernio
1833 1415 2134 1459 asserere
2172 1403 2242 1459 et
2289 1399 2653 1459 vindicare.

892 1492 962 1550 9⁰
993 1490 1526 1551 Ecclesiasticam
1559 1494 1961 1565 potestatem
1997 1505 2130 1548 non
2165 1505 2309 1549 esse
2334 1490 2481 1548 iure
2512 1489 2746 1549 divino
2777 1487 3168 1550 distinctam

709 1582 779 1639 et
824 1579 1384 1655 independentem
1431 1597 1472 1639 a
1516 1582 1853 1655 potestate
1898 1577 2084 1638 civili
2142 1594 2360 1654 neque
2417 1577 2742 1638 eiusmodi
2791 1578 3170 1639 distinctio·

709 1685 857 1729 nem
882 1673 953 1730 et
972 1669 1565 1745 independentiam
1597 1669 1852 1729 servari
1888 1683 2103 1743 posse,
2132 1668 2295 1742 quin
2320 1668 2405 1727 ab
2431 1667 2733 1727 Ecclesia
2754 1666 3170 1728 invadantur

706 1763 775 1818 et
804 1763 1218 1834 usurpentur
1248 1758 1634 1819 essentialia
1665 1758 1815 1817 iura
1845 1757 2210 1833 potestatis
2243 1756 2485 1817 civilia

886 1851 1001 1908 100
1023 1848 1171 1908 Illis
1218 1847 1649 1923 Apostolicae
1696 1847 1891 1907 Sedis
1920 1846 2190 1906 iudiciis
2222 1852 2292 1905 et
2323 1844 2629 1920 decretiS,
2667 1861 2955 1919 quorum
2988 1844 3169 1905 obie-

708 1940 890 1995 ctum
936 1937 1022 1995 ad
1068 1938 1314 1996 bonum
1364 1937 1675 2012 generale
1721 1934 2064 1996 Ecclesiae
2099 1935 2529 2009 eiusdemque
2562 1934 2710 1993 iura
2747 1950 2827 1994 ac
2870 1933 3169 2009 discipli-

707 2040 862 2083 nam
908 2030 1208 2099 spectare
1239 2025 1634 2101 declaratur,
1669 2024 2033 2085 dummodo
2067 2024 2223 2084 fidei
2256 2040 2649 2099 morumque
2680 2023 3004 2100 dogmata
3033 2040 3165 2083 non

705 2113 1021 2190 attingat,
1069 2130 1264 2189 posse
1307 2130 1654 2174 assensum
1702 2118 1772 2174 et
1821 2114 2276 2174 obedientiam
2308 2112 2669 2173 detractari
2718 2114 2974 2188 absque
3011 2129 3164 2189 pec-

707 2205 857 2263 cato
905 2206 975 2263 et
1017 2203 1273 2279 absque
1318 2204 1458 2264 ulla
1502 2203 1869 2263 catholicae
1918 2202 2350 2278 professionis
2399 2203 2672 2262 iactura.

975 2400 1075 2462 De
1121 2401 1341 2480 quibus
1376 2402 1920 2481 proposition-ibus
1967 2401 2057 2459 sic
2094 2400 2322 2460 statuit
2360 2398 2695 2479 Pontifem:

804 2589 838 2623 «
872 2566 1122 2628 Omnes
1166 2571 1236 2626 et
1281 2565 1583 2643 singulas
1620 2581 1864 2641 pravas
1896 2564 2244 2640 opiniones
2275 2581 2352 2624 ac
2389 2562 2727 2624 doctrinas
2765 2562 3162 2639 singillatim

713 2678 748 2712 ‹
778 2657 962 2716 hisce
1009 2656 1286 2716 Litteris
1331 2659 1875 2715 commemoratas
1921 2653 2329 2713 auctoritate
2361 2654 2609 2713 Nostra
2640 2653 3034 2728 Apostolica
3067 2672 3164 2714 re-

712 2767 748 2801 «
767 2745 1133 2822 probantu-9,
1156 2744 1616 2821 proscribimus
1638 2747 1844 2818 atque
1883 2743 2259 2801 dawmamue
2289 2759 2536 2817 easque
2568 2743 2653 2802 ab
2692 2743 3005 2803 omnibus
3038 2743 3164 2804 Oa-

710 2857 746 2891 «
776 2833 1066 2894 tholicae
1122 2832 1458 2894 Ecclesiae
1526 2832 1683 2892 filiis
1741 2832 1957 2892 veluti
2023 2832 2432 2910 reprobatas,
2489 2831 2899 2907 proscriptas
2959 2836 3164 2908 atque

710 2946 746 2980 ‹
782 2924 1130 2984 damnatas
1176 2922 1445 2983 omnino
1492 2922 1727 2982 haberi
1774 2921 2087 2982 volumus
2134 2925 2204 2980 et
2251 2920 2664 2980 mandamus.
2713 2941 2750 2976 ³>
