3529 5158
717 326 826 380 362
1232 338 1447 379 TnAc‘r.
1486 338 1575 379 111.
1613 338 1699 378 mn
1735 335 2016 379 nmmos.
2053 334 2251 378 CAPUT
2290 335 2353 376 11.
2392 334 2535 376 nun.
2573 335 2664 376 111.
3036 318 3182 396 [362]

719 437 782 500 et
799 436 1100 516 pluribus·
1129 435 1298 500 aliis,
1333 437 1452 513 Ita,
1503 437 1577 499 ut
1606 432 1977 500 Canonistas
2015 452 2259 515 quoque
2290 452 2647 508 memorem,
2682 432 2927 497 Pichler
2973 434 3080 499 lib.
3121 439 3178 500 1.

721 540 819 603 tit.
857 542 915 602 2.
949 560 1008 603 n.
1047 541 1149 602 54.
1187 541 1251 603 et
1281 537 1829 624 Schmalzgrueber
1858 538 1966 602 lib.
2008 540 2062 600 1.
2099 536 2199 601 tit.
2237 538 2296 599 2.
2331 557 2391 600 n.
2426 537 2533 599 42.
2568 536 2677 617 qui
2709 536 2868 601 hanc
2900 538 3182 621 probabi-

716 641 933 705 liorem
965 644 1150 707 vocat
1181 644 1368 723 atque
1399 641 1546 705 ibid.
1580 662 1641 705 n.
1675 642 1781 705 43.
1809 641 1973 705 idem
2004 639 2330 704 dicendum
2363 638 2640 704 affirmat
2669 638 2743 702 de
2781 639 2981 724 vagis.
3018 640 3179 725 Vagi

717 763 787 808 eo
836 744 1129 809 differunt
1172 764 1206 808 a
1256 744 1613 829 peregrinis,
1662 743 1828 826 quod
1874 743 1939 807 hi
1989 741 2217 806 alicubi
2263 740 2649 806 domicilium
2694 741 2987 819 habeant,
3036 743 3178 826 vagi

718 866 1043 929 nusquam.
1080 848 1289 922 Ratio,
1323 847 1472 929 quia
1504 845 1807 919 eiusmodi
1840 846 1987 927 vayi
2014 864 2136 910 non
2176 844 2321 909 sunt
2361 863 2501 909 vere
2533 843 2787 920 subditi,
2827 863 2971 909 cum
3001 864 3176 910 nemo

716 951 1002 1015 subditus
1036 950 1168 1026 fiat,
1216 950 1337 1014 nisi
1381 950 1625 1014 ratione
1672 948 1952 1032 originis,
2000 947 2297 1012 domicilii
2336 946 2432 1010 vel
2465 946 2646 1027 quasi
2676 945 2996 1024 domicilii,
3045 966 3179 1012 con·

718 1054 957 1117 tractus
989 1054 1052 1116 et
1089 1052 1316 1115 delicti.
1351 1051 1545 1132 Atqui
1578 1050 1882 1115 eiusmodi
1922 1050 2066 1134 vagi
2114 1050 2177 1113 in
2209 1049 2479 1133 regione,
2519 1067 2644 1130 qua
2677 1049 3024 1126 transeunt,
3060 1068 3176 1114 non

717 1156 948 1219 habent
979 1154 1381 1231 domicilium,
1431 1154 1528 1217 vel
1560 1153 1775 1235 quasi:
1825 1170 1972 1237 ergo
2022 1151 2228 1233 quoad
2258 1152 2447 1235 leges,
2498 1170 2657 1232 quae
2695 1150 2774 1214 ad
2821 1154 3176 1216 contractus

718 1275 840 1321 non
871 1258 1156 1339 spectant
1185 1257 1284 1320 vel
1308 1256 1549 1320 delictis
1588 1274 1849 1338 poenam
1883 1274 2004 1320 non
2051 1254 2401 1337 imponunt,
2441 1273 2564 1319 non
2595 1254 2779 1318 erunt
2809 1254 3078 1330 subditi3
3124 1254 3177 1318 si

718 1379 863 1424 vero
898 1359 1132 1423 subditi
1161 1379 1283 1424 non
1332 1360 1496 1437 sunt,
1547 1378 1656 1422 nec
1687 1358 1880 1423 etiam
1913 1358 2289 1421 tenebuntur
2319 1356 2561 1440 legibus
2593 1356 2764 1420 illius
2795 1356 2917 1421 loci
2951 1359 3179 1422 obtem-

719 1481 950 1545 perare.
987 1462 1086 1526 lta
1118 1460 1497 1545 Schmalzgr.

809 1560 984 1634 362.
1022 1565 1303 1646 Itemque
1335 1563 1504 1628 valet
1535 1582 1644 1646 pro
1677 1564 2015 1648 peregrinis
2047 1562 2225 1635 illud,
2251 1562 2416 1643 quod
2448 1580 2625 1626 nemo
2659 1561 2924 1627 sortitur
2954 1561 3174 1639 forum,

720 1669 837 1732 nisi
884 1668 1124 1732 ratione
1170 1667 1487 1744 domicilii,
1537 1667 1635 1731 vel
1680 1666 1923 1730 ratione
1970 1666 2199 1743 delicti,
2239 1665 2340 1729 vel
2384 1665 2625 1729 ratione
2658 1667 3036 1743 contractus,
3084 1666 3178 1729 vel

719 1771 958 1835 ratione
1005 1770 1093 1834 rei
1140 1789 1251 1834 seu
1297 1769 1702 1853 possessionis
1749 1770 1908 1834 sitae
1954 1769 2017 1832 in
2050 1769 2384 1846 territoriO,
2433 1770 2531 1832 vel
2563 1768 2823 1849 denique
2869 1769 3178 1833 interdum

718 1873 959 1936 ratione
993 1872 1268 1956 originis

809 1975 1030 2056 Itaque
1068 1973 1442 2036 tenebuntur
1474 1973 1717 2058 legibus
1758 1973 1879 2038 loci
1918 1974 2123 2055 quoad
2155 1972 2605 2037 sollemnitates
2637 1973 3076 2037 contractuum
3117 1974 3181 2053 et

716 2077 842 2140 illis
887 2075 1131 2160 legibus
1178 2076 1296 2141 loci
1343 2077 1844 2159 particularibus,
1895 2095 2053 2157 quae
2105 2075 2453 2159 specialiter
2497 2076 2665 2140 latae
2697 2075 2824 2140 sint
2854 2076 2918 2140 in
2951 2077 3179 2141 bonum

719 2180 888 2243 illius
919 2180 1041 2243 loci
1074 2180 1151 2243 ob
1188 2180 1619 2245 necessitatem
1650 2179 2046 2263 reipublicae,
2081 2200 2138 2244 v.
2175 2200 2268 2264 gr.
2309 2199 2467 2261 quae
2492 2180 2837 2263 prohibent,
2873 2200 2950 2244 ne
2982 2183 3180 2245 certae

718 2301 948 2346 merces
981 2283 1095 2345 aut
1124 2282 1497 2346 invehantur
1545 2283 1659 2347 aut
1689 2283 2113 2359 extrahantur,
2162 2302 2237 2347 ne
2269 2282 2684 2365 importantur
2714 2281 2974 2364 quidam
3017 2283 3178 2359 libri,

719 2408 790 2451 ne
822 2386 1128 2471 peregrini
1159 2386 1330 2451 ultra
1362 2388 1461 2451 tot
1507 2386 1637 2451 dies
1683 2388 2165 2465 commorentur,
2213 2406 2289 2451 ne
2338 2387 2575 2451 certum
2622 2404 2943 2451 armorum
2989 2405 3180 2471 genus

715 2491 954 2554 feratur
991 2491 1106 2553 etc.

806 2595 967 2657 Item
1013 2593 1065 2656 si
1113 2592 1428 2673 delinquet
1475 2593 1690 2656 contra
1736 2594 1903 2676 leges
1951 2612 2327 2670 communeS,
2362 2593 2660 2657 sortietur
2689 2592 2778 2657 ibi
2808 2593 3039 2670 forum,
3065 2593 3180 2657 exi-

715 2697 897 2779 gente
936 2695 999 2757 id
1031 2695 1190 2758 bono
1226 2695 1558 2772 communi,
1593 2713 1667 2757 ne
1701 2693 1927 2758 delicta
1959 2695 2254 2760 maneant
2282 2695 2614 2778 impunita.
2649 2695 2822 2760 Adde
2868 2715 3050 2779 posse
3082 2695 3177 2759 ob-

714 2797 901 2880 ligari
925 2797 1116 2859 etiam
1141 2796 1379 2860 ratione
1405 2796 1700 2874 scandali,
1729 2816 1787 2860 v.
1806 2816 1899 2880 gr.
1926 2816 2001 2862 ne
2026 2796 2124 2862 die
2148 2797 2305 2862 festo
2343 2815 2574 2862 merces
2615 2797 2928 2880 expositas
2954 2798 3175 2862 habeat

714 2899 884 2963 horis
915 2897 1293 2962 interdictis:
1329 2916 1453 2981 qua
1487 2897 1561 2961 de
1598 2917 1787 2961 causa
1822 2900 2031 2981 posset
2068 2899 2256 2963 etiam
2292 2900 2517 2982 puniri.

804 3001 864 3065 S.
905 3001 1262 3084 Alphonsus
1293 3001 1401 3065 lib.
1442 3002 1498 3064 1.
1527 3020 1588 3064 n.
1628 3000 1774 3065 156.
1812 3000 1985 3065 addit
2016 3002 2206 3065 aliam
2236 3002 2712 3068 limitationem:
2747 3027 2781 3059 ⁴<
2813 3002 3169 3078 Limitatur,

715 3105 937 3186 inquit,
972 3105 1024 3167 si
1058 3104 1305 3169 eaedem
1336 3104 1506 3189 leges
1539 3103 1795 3190 vigeant
1824 3103 1887 3167 in
1925 3104 2130 3188 patria
2163 3105 2554 3189 peregrini».
2594 3104 2676 3170 Et
2705 3104 3035 3171 fatendum
3065 3108 3169 3185 est,

717 3208 874 3271 hanc
912 3206 1255 3271 doctrinam
1296 3226 1427 3272 esse
1460 3206 1637 3271 valde
1674 3226 2083 3272 communem.
2120 3205 2542 3272 Veruntamen
2574 3206 2705 3291 ipse
2729 3227 2777 3272 s.
2818 3208 3168 3291 Alphonsus

714 3310 797 3373 ibi
824 3309 1075 3386 indicat,
1102 3310 1519 3374 contradicere
1552 3308 1819 3374 Sanchez
1853 3309 1947 3393 (a)
1972 3310 2037 3374 et
2064 3309 2288 3387 Diana,
2315 3310 2540 3392 quibus
2566 3311 2677 3375 alii
2715 3310 2858 3376 addi
2891 3314 3168 3395 possunt,

715 3413 787 3473 ut
821 3410 1118 3493 Iosephus
1149 3411 1224 3474 de
1263 3412 1575 3475 Ianuario.

801 3512 882 3573 Et
914 3530 1058 3574 sane
1084 3513 1444 3596 peregrinus
1469 3513 1826 3579 huiusmodi
1860 3514 1935 3578 ad
1973 3515 2174 3598 legem
2200 3514 2416 3596 utique
2455 3515 2627 3578 illam
2661 3517 3033 3581 servandam
3057 3536 3173 3581 non

713 3615 958 3675 tenetur
1005 3631 1075 3676 eo
1124 3612 1288 3694 quod
1335 3614 1546 3698 vigeat
1592 3615 1654 3678 in
1701 3616 1908 3699 patria
1956 3635 2087 3684 sua.
2131 3616 2225 3680 uti
2259 3618 2451 3700 patet.
2494 3617 2718 3681 Restat
2749 3637 2919 3702 ergO,
2973 3622 3047 3683 ut
3083 3622 3171 3683 te·

713 3714 950 3792 neatur,
1001 3713 1146 3796 quia
1195 3715 1512 3800 obligatur
1557 3717 1692 3800 lege
1738 3718 1879 3792 loci,
1929 3718 1993 3782 in
2040 3738 2162 3801 quo
2210 3720 2338 3797 est,
2388 3720 2506 3784 hoc
2552 3722 2763 3784 autem
2814 3723 2913 3784 est
2959 3723 3170 3786 contra

711 3817 956 3881 thesim.
993 3817 1155 3881 Hinc
1187 3820 1250 3882 et
1282 3818 1456 3903 Gury
1485 3820 1541 3902 ἓ.
1577 3822 1681 3883 35.
1723 3841 1783 3884 n.
1826 3821 1885 3884 6.
1910 3821 2310 3900 probabilius
2341 3823 2510 3901 dicit,
2546 3842 2668 3888 non
2701 3824 2916 3888 teneri.
2954 3824 3173 3906 Excipe

713 3922 828 3985 nisi
868 3922 952 3985 sit
973 3922 1068 3986 lex
1102 3922 1393 4002 specialis
1425 3924 1694 4005 quidem,
1730 3924 1833 3988 sed
1860 3943 2017 4005 quae
2050 3926 2183 3989 lata
2215 3927 2301 3990 sit
2332 3945 2443 4009 pro
2476 3926 2759 4009 pluribus
2790 3927 2982 3991 simul
3021 3927 3173 3990 dioe-

789 4230 856 4280 (ιι)
883 4227 1108 4271 Sanchez
1137 4231 1308 4271 tamen
1336 4230 1392 4271 de
1419 4229 1631 4271 Matr-im.
1651 4226 1737 4270 lib.
1756 4225 1802 4270 Β.
1819 4227 1868 4270 d.
1890 4229 1953 4271 18.
1977 4240 2024 4269 v.
2046 4228 2090 4271 3.
2111 4228 2214 4271 ait:
2242 4246 2261 4266 c
2280 4228 2489 4272 Certum
2518 4231 2612 4282 est,
2641 4229 2762 4274 lieet
2785 4227 3073 4284 (peregrini)
3098 4223 3166 4267 di·

711 4299 915 4336 vertant
946 4307 1034 4346 per
1061 4293 1267 4336 modum
1297 4294 1564 4347 transitus,
1595 4292 1636 4335 si
1667 4293 2057 4337 consuetudines
2088 4297 2137 4337 et
2176 4295 2313 4349 leges
2346 4295 2424 4338 sui
2453 4295 2623 4350 oppidi
2652 4294 2720 4338 ibi
2748 4295 2907 4339 etiam
2934 4293 3161 4348 obligent,

712 4360 872 4404 teneri
900 4362 966 4404 ad
993 4372 1098 4414 eas3
1130 4362 1252 4415 quia
1280 4361 1431 4403 nulla
1449 4360 1582 4403 ratio
1601 4364 1677 4403 est
1696 4372 1960 4414 excusans,
1991 4373 2105 4404 cum
2127 4361 2355 4416 obligent
2372 4367 2481 4406 tam
2512 4363 2567 4406 in
2594 4363 2702 4407 loeo
2728 4362 2993 4414 domicilii,
3018 4368 3163 4415 quom

708 4428 762 4470 in
793 4427 917 4478 loco,
944 4427 1029 4470 ubi
1055 4427 1386 4482 reperiuntur
1408 4445 1446 4469 ι.
1477 4427 1572 4470 Sed
1603 4425 1741 4470 istud
1773 4431 1848 4471 est
1880 4428 2013 4481 quod
2043 4429 2328 4492 quaeri-tur,
2361 4440 2451 4471 cur
2468 4427 2614 4472 nulla
2634 4428 2701 4473 sit
2721 4429 2855 4472 ratio
2883 4426 3157 4484 peregrinos

709 4505 970 4546 excusans,
988 4494 1192 4548 quando
1210 4492 1344 4548 leges
1360 4491 1598 4546 speciales
1620 4499 1837 4548 utroque
1862 4494 1913 4537 in
1946 4494 2054 4538 loco
2082 4494 2338 4550 obligatum
2370 4494 2463 4538 alii
2491 4494 2630 4538 enim
2661 4495 2813 4539 huius
2832 4496 2907 4539 rel
2926 4497 3161 4540 rationem

709 4562 856 4604 facile
874 4574 924 4605 oe
945 4561 1175 4605 invenire
1195 4563 1401 4614 putant.
1424 4560 1482 4603 E.
