3529 5158
373 290 549 388 11951
872 311 1253 356 ARGUMENTA
1292 317 1337 357 s.
1380 317 1681 361 ALPHONSI
1720 320 1840 361 pao
1877 316 2327 360 PROBABILISMO
2730 299 2836 353 199

370 404 607 468 nestate
665 406 947 481 actionis,
995 429 1116 474 non
1175 430 1352 495 posse
1407 415 1691 497 relinqui,
1741 416 1988 499 quando
2038 414 2248 499 agitur
2305 413 2376 476 de
2430 411 2617 485 facto,
2668 409 2834 493 quod

370 504 774 587 independens
813 511 907 573 est
938 530 974 574 a
1008 514 1221 577 nostro
1252 515 1481 581 iudicio
1513 518 1799 600 quodque
1838 520 1936 582 vel
1978 518 2251 582 obtinere
2283 515 2381 578 vel
2420 533 2633 577 cavere
2665 514 2834 577 certa

368 607 660 690 quapiam
709 610 845 694 lege
891 613 1137 678 aliunde
1183 618 1482 681 tenemur.
1518 618 1695 698 Quod
1742 638 1888 685 vero
1937 619 2190 701 quidam
2239 616 2316 680 ad
2361 616 2475 679 has
2522 614 2833 679 doctrinas

369 711 792 792 proponendas
824 715 1146 780 uterentur
1177 718 1388 800 phrasi
1417 720 1480 783 in
1514 721 1701 786 dubio
1733 722 1904 799 facti,
1939 722 2000 785 in
2034 720 2221 784 dubio
2258 718 2431 794 iuriS,
2468 717 2575 781 alii
2624 719 2834 780 autem

369 831 485 876 non
518 814 859 893 uterentur,
895 820 990 881 est
1019 818 1316 885 dissensio
1348 823 1412 885 in
1446 824 1645 888 verbis
1677 843 1799 889 non
1834 826 1895 888 in
1928 844 2011 888 re.

545 914 618 981 3⁰
640 916 818 997 Quod
851 940 994 985 vero
1025 921 1238 988 dicunt
1286 925 1361 988 de
1396 926 1704 991 modernis
1751 927 1986 990 scilicet
2033 925 2106 989 de
2154 945 2200 988 3.
2236 922 2554 1006 Alphonso
2594 923 2657 984 et
2688 940 2836 985 non-

369 1017 554 1081 nullis
594 1020 752 1097 aliis,
787 1040 949 1086 nunc
996 1025 1149 1089 satis
1197 1026 1279 1090 sit
1323 1028 1725 1110 respondisse,
1760 1028 1991 1093 falsum
2022 1046 2172 1103 esse,
2206 1024 2370 1107 quod
2402 1021 2763 1087 recesserint
2795 1041 2833 1084 a

367 1122 682 1185 communi
704 1121 1002 1188 doctrina.
1031 1126 1194 1191 Nam
1227 1147 1273 1191 3.
1299 1129 1656 1211 Alphonsus
1687 1134 1837 1195 tunc
1871 1130 2073 1194 solum
2098 1129 2276 1193 docet
2301 1124 2671 1207 sequendam
2698 1142 2835 1205 pro-

367 1222 749 1299 babiliorem,
783 1226 1030 1306 quando
1063 1229 1347 1311 opposita
1381 1250 1502 1295 non
1534 1234 1629 1295 est
1659 1232 1928 1315 amplius
1953 1229 2307 1313 probabilis
2335 1226 2531 1308 Atqui
2551 1225 2833 1289 doctrina

367 1326 710 1390 communis
736 1330 1049 1412 supponit,
1082 1333 1465 1414 probabilem
1503 1353 1632 1399 esse
1665 1334 2037 1418 oppositam.

542 1434 615 1496 4θ
651 1433 734 1499 Et
771 1435 885 1500 hoc
932 1436 1122 1501 etiam
1171 1441 1417 1518 omisso,
1455 1442 1785 1506 ridiculum
1833 1440 2121 1522 estquod
2162 1438 2357 1501 minui
2404 1433 2832 1518 probabilismi

367 1536 611 1618 patroni
657 1536 942 1602 dicantur
973 1559 1044 1605 eo
1093 1542 1254 1623 quod
1303 1544 1556 1625 quidam
1601 1544 1994 1609 moderatum
2043 1541 2422 1606 admiserint.
2457 1538 2621 1601 Nam
2668 1536 2831 1599 idem

365 1640 582 1703 auctor
612 1639 676 1703 in
709 1640 859 1705 nota
885 1641 960 1705 ad
992 1662 1051 1706 n.
1082 1644 1186 1707 21.
1214 1645 1329 1709 001.
1365 1647 1553 1709 1513.
1581 1646 1732 1710 haec
1766 1645 2014 1709 scribit:
2056 1668 2091 1701 «
2117 1642 2179 1707 Si
2215 1640 2586 1705 admittatur
2618 1638 2834 1721 proba-

364 1740 646 1805 bilismus
694 1744 1096 1826 temperatus,
1141 1746 1265 1809 iam
1313 1765 1434 1811 non
1482 1749 1576 1811 est
1623 1768 1732 1812 cur
1778 1748 2073 1811 illicitum
2119 1746 2495 1827 reputemus,
2547 1739 2719 1822 sequi
2767 1739 2831 1802 in

367 1843 534 1925 praxi
574 1845 816 1925 partem
849 1846 1038 1910 etiam
1071 1847 1275 1911 minus
1301 1849 1718 1931 probabilem:
1746 1869 1889 1913 nam
1917 1849 1967 1913 si
1995 1846 2369 1912 auctoritate
2394 1842 2833 1926 theologorum

364 1945 781 2009 controversia
820 1945 1168 2025 dirimatur,
1204 1952 1442 2014 certum
1473 1953 1587 2027 est,
1622 1970 1746 2029 eos,
1782 1952 1889 2033 qui
1923 1948 2361 2033 probabilismo
2396 1944 2828 2019 adhaeserunt,

365 2048 771 2123 communius,
799 2052 1162 2131 praesertim
1197 2052 1366 2129 olim,
1399 2073 1529 2118 rem
1563 2054 1650 2118 sic
1679 2053 2088 2119 intellexisse:
2123 2051 2175 2115 si
2201 2052 2411 2114 autem
2446 2046 2830 2131 argumentis

366 2149 713 2213 intrinsecis
746 2150 1166 2217 dimicandum
1196 2154 1299 2231 sit,
1334 2156 1508 2219 nulla
1542 2158 1637 2220 est
1667 2156 1830 2220 ratio
1865 2155 2129 2219 adducta
2156 2152 2219 2216 in
2255 2152 2527 2215 favorem
2551 2146 2835 2230 probabi-

365 2250 548 2327 lismi,
579 2270 737 2333 quae
764 2272 884 2316 non
918 2253 1138 2318 debeat
1161 2256 1514 2321 invocariin
1540 2259 1954 2340 patrocinium
1981 2252 2406 2339 probabilismi
2430 2249 2829 2334 benignioris

368 2356 437 2417 nt
461 2372 651 2436 supra
675 2354 1192 2421 insinuavimus..
1213 2357 1378 2442 Ergo
1405 2359 1459 2423 si
1476 2360 1851 2423 admittatur
1872 2358 2370 2443 probabilismus,
2398 2371 2580 2436 quem
2606 2351 2833 2415 vocant

365 2456 781 2538 temperatum
813 2476 922 2521 seu
953 2458 1244 2549 rigidum,
1279 2465 1720 2543 consequenter
1752 2462 1870 2527 erit
1902 2458 2321 2525 admittendus
2353 2453 2837 2539 probabilismus

367 2558 688 2643 benignior
719 2585 779 2623 ».
813 2560 979 2644 Ergo
1013 2561 1360 2645 temperat-i,
1397 2564 1448 2628 si
1481 2564 1629 2646 quid
1661 2565 1948 2630 differant
1979 2585 2013 2629 a
2038 2561 2339 2647 benigniS,
2374 2560 2524 2623 bene
2571 2554 2832 2642 possunt

365 2660 480 2725 dici
505 2661 625 2726 sibi
658 2662 865 2726 minus
896 2664 1327 2730 cohaerentes:
1364 2667 1432 2730 at
1461 2669 1838 2750 patrocinari
1868 2687 1971 2732 eos
2007 2664 2319 2731 communi
2350 2680 2593 2734 causae,
2616 2657 2830 2742 negari

365 2764 593 2846 nequit.
622 2764 757 2848 ipso
793 2768 1042 2832 auctore
1077 2767 1446 2851 Appendicis
1480 2771 1730 2837 fatente.
1768 2770 1893 2835 Cur
1925 2790 2072 2856 ergo
2120 2769 2310 2854 negat
2355 2785 2485 2831 esse
2530 2766 2828 2847 patronos

365 2866 489 2930 sive
522 2867 603 2931 ad
635 2886 739 2931 003
774 2871 1099 2950 provocari
1131 2876 1355 2953 posse?

540 2971 612 3032 5⁰
658 2969 931 3034 Tandem
977 2971 1125 3053 quid
1171 2974 1266 3037 est
1312 2974 1478 3056 quod
1515 2977 1769 3057 quidam
1807 2976 2079 3058 imperiti
2128 2973 2463 3046 affirmant,
2498 2987 2826 3032 numerum

367 3071 828 3137 adhaerentium
876 3074 1316 3157 probabilismo
1348 3079 1565 3154 minui,
1608 3079 1754 3160 quia
1801 3078 2081 3142 moderni
2118 3074 2371 3155 quidam
2411 3071 2826 3151 temperatum

366 3174 752 3239 admittunt?
782 3174 1000 3241 Nonne
1048 3179 1472 3260 antiquiorum
1520 3179 1861 3243 multitudo
1912 3179 2006 3240 est
2053 3175 2207 3238 satis
2257 3173 2334 3236 ad
2384 3169 2824 3233 auctoritatem

367 3278 520 3342 thesi
568 3276 996 3361 probabilismi
1043 3281 1539 3344 conciliandam?
1589 3300 1664 3344 au
1713 3281 1862 3343 haec
1910 3277 2243 3341 imminuta
2291 3274 2433 3337 est?

453 3376 606 3451 195.
646 3379 802 3445 Heic
847 3381 1206 3465 corrigenda
1255 3384 1350 3446 est
1397 3382 1701 3464 quaedam
1762 3380 2108 3445 historiola.
2158 3377 2397 3443 Auctor
2457 3367 2828 3456 Appendicis

367 3484 475 3547 col.
531 3467 723 3548 1505.
773 3503 1073 3569 magnum
1120 3485 1268 3567 quid
1325 3485 1443 3550 sibi
1491 3485 1736 3550 videtur
1782 3484 1997 3558 dicere,
2049 3481 2197 3545 dum
2247 3480 2357 3558 ait,
2407 3476 2661 3561 primOS‚
2720 3472 2827 3554 qui

368 3590 713 3652 nascentem
744 3587 1258 3670 probabilismum
1283 3587 1704 3666 confutarunt,
1733 3587 1922 3651 fuisse
1949 3585 2274 3670 theologos
2307 3578 2637 3647 Societatis
2661 3576 2824 3650 Iesu,

367 3691 726 3771 praesertim
765 3689 1093 3754 Rebellum
1142 3693 1292 3755 tom.
1341 3694 1396 3754 1.
1439 3690 1512 3754 dc
1545 3690 1807 3754 1113111ιά
1854 3694 1915 3754 ct
1959 3689 2131 3763 Iure,
2165 3685 2547 3752 Comitolum
2596 3682 2656 3744 in
2705 3677 2829 3742 Re-

366 3792 609 3870 sponsis
654 3789 1016 3854 moralibus.

451 3891 622 3956 Haec
670 3893 881 3957 autem
929 3894 1025 3956 est
1071 3913 1239 3957 mera
1287 3893 1635 3975 impostura
1683 3895 1746 3957 et
1793 3891 2263 3957 condonandum
2311 3889 2406 3951 est
2460 3881 2827 3948 oscitantiae

366 3994 636 4059 auctoris
670 3993 1060 4076 Appendicis,
1090 3996 1254 4077 quod
1282 3996 1430 4059 haec
1463 4014 1533 4060 ex
1567 3996 1705 4060 aliis
1746 3992 2252 4075 transscripserit.
2278 3989 2417 4052 Non
2451 3987 2659 4049 tamen
2691 4001 2831 4045 con-

364 4096 576 4162 donari
625 4097 833 4179 potest
878 4116 1014 4173 vox,
1066 4117 1255 4180 quam
1301 4099 1431 4181 ipse
1480 4098 1733 4171 addidit,
1764 4095 2182 4176 praescr-tium
2221 4091 2399 4174 quasi
2432 4088 2539 4153 alii
2586 4104 2833 4150 enume-

339 4199 536 4264 ’randi
585 4199 916 4282 supersint.
967 4198 1164 4264 Nemo
1225 4201 1381 4265 alios
1430 4200 1784 4284 somniarit,
1836 4198 1941 4279 qui
1989 4195 2369 4260 Iansenianis
2432 4188 2827 4277 praeiverint.

363 4301 522 4386 Ergo
570 4301 729 4365 illud
763 4304 1146 4382 praesertim
1178 4305 1272 4367 est
1311 4303 1657 4386 impostura
1705 4300 2030 4384 quaedam,
2067 4299 2186 4363 nisi
2217 4298 2279 4362 id
2318 4295 2713 4361 tribuendum
2745 4290 2831 4355 sit

365 4402 775 4488 ignorantiae,
825 4405 1002 4485 quasi
1036 4423 1272 4487 nempe,
1314 4425 1384 4468 ex
1417 4405 1734 4488 scriptoris
1782 4404 2006 4478 mente,
2056 4401 2364 4466 Gonzalez
2404 4401 2488 4463 sit
2531 4395 2831 4462 locandus

363 4505 520 4570 inter
552 4506 809 4588 primos
846 4506 934 4569 At
967 4505 1275 4571 Gonzalez
1310 4526 1443 4571 sero
1480 4506 1648 4570 venit
1680 4508 1742 4569 et
1783 4526 1818 4570 a
1852 4504 2233 4570 lanseniauis
2269 4498 2706 4584 transscripsit.
