3529 5158
1138 365 1223 407 na
1264 364 1473 407 unum
1509 362 1556 405 s.
1585 362 1886 405 ALPRONsx
1924 365 2054 405 mc.
2719 351 2826 407 677

371 462 596 527 babilis
642 462 706 526 in
766 480 1068 527 concursu
1122 460 1551 544 probabilioris
1606 462 1670 524 et
1723 464 2030 539 asserunt,
2064 462 2219 526 hanc
2266 462 2637 527 sententiam
2697 482 2827 528 esse

368 584 827 631 communem...
876 568 940 629 et
983 564 1147 629 hanc
1188 564 1457 629 tenuisse
1505 563 1694 627 etiam
1754 563 2021 629 maiores
2068 565 2312 629 nostros
2359 583 2497 628 cum
2556 561 2844 629 Summis-

369 666 785 732 Pontificibus
832 667 894 731 et
939 666 1276 731 Ecclesiam
1324 663 1712 731 Catholicam
1767 684 2005 748 semper
2049 685 2184 730 eam
2232 665 2671 748 permisisse...;
2723 665 2827 730 sed

367 768 737 833 confutatur
768 769 959 832 etiam
986 787 1021 831 a
1054 767 1589 852 probabilioristis,
1625 768 1733 849 qui
1766 766 2109 832 admittunt
2142 787 2325 832 usum
2358 767 2661 850 opinionis
2693 786 2829 851 pro-

367 871 615 948 babilia,
649 870 837 936 modo
866 871 1164 954 appareat
1197 868 1590 935 verisimilior
1622 889 1731 934 seu
1769 868 2026 935 firmiori
2063 868 2463 935 fundamento
2496 871 2740 934 munita
2763 896 2825 932 ».

457 973 726 1037 Demum
776 972 1004 1039 thesim
1035 974 1251 1037 contra
1283 990 1387 1037 eos
1419 971 1506 1035 sic
1538 972 1764 1036 statuit
1796 992 1858 1065 n.
1898 972 2039 1035 47.:
2081 997 2114 1029 «
2148 970 2424 1036 Secunda
2463 972 2657 1056 igitur
2687 991 2824 1036 sen—

368 1074 563 1139 tentia
613 1077 827 1139 nostra
874 1077 937 1138 et
974 1074 1321 1139 communis
1351 1074 1538 1149 tenet,
1572 1074 1752 1138 licere
1793 1092 1975 1138 usum
2024 1073 2338 1157 opinionis·
2368 1073 2648 1139 absolute
2687 1092 2824 1157 pro-

368 1178 593 1243 babilis
631 1180 742 1243 aut
776 1177 1001 1243 saltem
1024 1176 1477 1261 probabilioris
1503 1176 1620 1240 etsi
1644 1176 1958 1241 contraria
1988 1195 2097 1259 pro
2128 1175 2265 1261 1989
2288 1177 2371 1241 sit
2395 1176 2731 1259 probabilis
2757 1203 2818 1238 ».

456 1278 745 1346 Ceterum
783 1279 944 1362 quod
979 1280 1183 1344 etiam:
1208 1281 1423 1344 contra
1455 1278 1810 1342 tutioristas
1842 1297 1891 1342 s.
1926 1277 2158 1342 Doctor
2190 1278 2413 1362 urgeat
2456 1278 2612 1342 illud
2659 1278 2820 1361 prin,-

363 1383 618 1466 cipium,
650 1384 716 1448 in
746 1401 871 1465 quo
904 1382 1007 1448 vis·
1034 1384 1102 1447 et
1138 1380 1490 1447 substantia
1522 1380 1879 1464 systematis
1911 1379 2338 1462 probabilismi
2367 1379 2611 1455 residet,
2644 1381 2826 1462 patet

362 1485 469 1550 ubi
516 1486 781 1568 primam
829 1486 987 1550 hanc
1056 1484 1362 1553 rationem
1418 1483 1710 1547 adversus
1775 1501 1878 1547 eos
1927 1482 2178 1546 adhibet
2222 1502 2282 1546 n.
2331 1482 2467 1546 48.;
2524 1507 2556 1539 «
2606 1482 2815 1547 Prima

361 1588 558 1673 igitur
604 1588 765 1653 ratio
819 1588 934 1665 est,
985 1588 1135 1669 quia
1179 1588 1275 1652 lex
1346 1586 1533 1652 dubia
1603 1604 1724 1650 non
1773 1585 2044 1669 obligat:
2094 1584 2157 1648 in
2204 1584 2390 1648 dubio
2451 1586 2613 1649 enim
2661 1585 2818 1671 legis

360 1689 638 1772 possidet
681 1690 959 1754 libertas.
1008 1689 1179 1757 Haec
1224 1689 1385 1753 ratio
1434 1686 1609 1752 valde
1673 1690 1855 1769 unget
1904 1686 1967 1749 et
2015 1684 2348 1751 difficulter
2415 1705 2689 1768 unquam
2738 1687 2816 1750 ab

356 1792 750 1859 Adversariis
789 1793 923 1874 ipsa
971 1792 1131 1856 solvi
1177 1791 1434 1874 poterit;
1484 1789 1643 1854 unde
1687 1789 1936 1873 longius
1984 1789 2045 1852 in
2093 1807 2165 1852 ea
2211 1788 2699 1864 immorabimur,
2742 1790 2815 1853 ut

359 1895 555 1977 ipsius
587 1894 851 1959 firmitas
900 1896 1275 1978 agnoscatur
1311 1918 1373 1956 ».

450 1996 551 2060 71.
602 1993 957 2061 Confutatis
1004 1995 1343 2061 tutioristis
1389 1995 1580 2060 etiam
1627 1994 1980 2059 mitioribus
2026 1996 2091 2059 et
2135 2013 2254 2059 non
2293 1994 2625 2070 damnatis,
2650 2014 2811 2059 com·

358 2098 759 2164 munissimae
807 2098 1142 2175 doctrinae,
1180 2117 1369 2181 quam
1416 2117 1463 2163 s.
1496 2098 1854 2181 Alphonsus
1891 2097 2204 2173 tuebatur,
2256 2097 2588 2162 adversarii
2636 2118 2810 2182 supe-

356 2204 566 2265 rerant
625 2200 1194 2265 Probabilioristae.
1241 2200 1323 2265 Et
1368 2200 1615 2282 quidem
1686 2201 1807 2264 duo
1879 2202 2055 2264 erant
2101 2199 2414 2267 doctrinae
2469 2203 2696 2285 capita,
2746 2203 2806 2265 in

356 2303 583 2385 quibus
628 2322 737 2386 pro
786 2322 1007 2369 eorum
1044 2305 1381 2388 systemate
1427 2304 1494 2369 hi
1523 2306 1737 2368 contra
1787 2304 2333 2387 probabilistarum
2380 2306 2608 2388 placita
2647 2325 2808 2371 acer-

355 2407 510 2471 rime
560 2407 941 2490 pugnabant.
974 2406 1137 2473 Nam
1184 2426 1327 2473 cum
1375 2408 1452 2472 ad
1497 2408 1752 2473 honeste
1787 2408 2092 2492 agendum
2126 2409 2456 2493 exigerent,
2490 2411 2563 2473 ut
2602 2411 2806 2493 opinio

358 2526 470 2591 pro
516 2508 815 2574 libertate
849 2511 1144 2593 appareat
1187 2509 1566 2594 probabilior
1611 2509 1916 2593 opinione,
1940 2529 2099 2594 quae
2130 2510 2254 2596 legi
2285 2510 2473 2588 favet,
2515 2512 2802 2578 illicitum

354 2612 585 2677 idcirco
628 2631 757 2678 esse
796 2612 1253 2680 contendebant
1292 2633 1476 2679 usum
1524 2614 1851 2696 opinioniS,
1888 2632 2047 2695 quae
2076 2616 2224 2678 utut
2270 2634 2410 2680 vere
2445 2617 2804 2699 probabilia,

353 2733 474 2779 non
523 2714 773 2780 excedat
820 2717 1027 2780 tamen
1074 2716 1576 2798 probabilitatem
1625 2715 1929 2798 opinionis
1978 2734 2088 2798 pro
2133 2716 2268 2800 lege
2328 2717 2540 2782 itidem
2589 2721 2806 2803 proba-

357 2817 519 2882 bilis.
552 2818 746 2883 Porro
794 2836 917 2882 non
947 2836 1071 2883 uno
1118 2817 1321 2893 modo,
1370 2817 1476 2882 sed
1520 2817 1751 2899 duplici
1799 2817 2125 2901 contingit,
2164 2820 2236 2881 ut
2269 2819 2494 2901 opinio,
2529 2822 2645 2886 etsi
2695 2824 2803 2888 ab-

352 2919 555 2985 solute
602 2919 959 3003 probabilis,
1005 2920 1510 3004 probabilitatem
1558 2920 1878 3002 oppositae
1910 2919 2213 3002 opinionis
2245 2939 2367 2985 non
2399 2923 2675 2996 excedat:
2705 2928 2801 2991 vel

347 3022 499 3104 quia
544 3041 758 3105 nempe
806 3023 1014 3105 opinio
1062 3040 1171 3105 pro
1216 3024 1506 3088 libertate
1553 3025 1647 3086 est
1694 3041 1885 3103 aeque
1932 3021 2288 3104 probabilis,
2329 3042 2399 3086 ac
2438 3025 2642 3107 opinio
2690 3048 2800 3110 pro

351 3124 510 3208 1989,
542 3124 645 3189 vel
678 3125 869 3190 etiam
905 3125 1051 3206 quia
1085 3124 1291 3208 opinio
1323 3143 1433 3207 pro
1465 3123 1600 3208 1989
1648 3125 1906 3206 apparet
1936 3122 2062 3186 imo
2110 3122 2488 3206 probabilior
2518 3127 2801 3210 opinione

353 3225 693 3307 utcumque
720 3245 859 3292 vere
905 3228 969 3291 et
1013 3226 1208 3292 solide
1238 3226 1544 3310 probabili
1580 3245 1690 3308 pro
1722 3226 2030 3289 libertate.

440 3328 499 3393 N
505 3330 772 3414 egebant
818 3332 1032 3413 itaque
1077 3331 1321 3395 licitum
1369 3348 1500 3395 esse
1545 3348 1727 3394 usum
1779 3328 2081 3411 opinionis
2115 3348 2223 3412 pro
2256 3330 2542 3397 libertate
2582 3336 2716 3399 tum
2749 3336 2799 3400 si

354 3451 548 3515 aeque
593 3437 893 3517 appareat
936 3433 1291 3516 probabiliS‚
1325 3451 1396 3497 ac
1445 3431 1650 3515 opinio
1700 3449 1811 3514 pro
1857 3430 2011 3514 lege.
2063 3434 2200 3496 tum
2247 3433 2436 3498 etiam
2483 3435 2608 3502 imo
2657 3457 2804 3503 vero

353 3535 559 3600 multo
602 3536 824 3620 magia,
874 3537 929 3601 si
976 3535 1181 3618 opinio
1229 3554 1339 3618 pro
1372 3535 1507 3619 1989
1556 3535 1852 3617 appareat
1893 3533 2302 3599 verisimilior.
2337 3535 2417 3600 Et
2463 3539 2660 3623 reipsa
2695 3541 2803 3606 du-

350 3638 492 3720 plici
528 3638 647 3704 1199
675 3639 876 3722 capite
900 3638 1201 3704 contineri
1230 3637 1602 3703 sententiam
1627 3635 2175 3718 probabilistarum
2207 3642 2796 3722 communissimam,

345 3743 520 3824 patet
564 3741 754 3806 etiam
802 3761 875 3806 ex
920 3741 1045 3805 illis
1092 3759 1141 3803 s.
1186 3740 1491 3823 Alphonsi
1538 3738 1738 3803 verbis
1789 3738 2048 3803 Dissert.
2099 3758 2237 3804 ann.
2299 3740 2487 3806 1753.
2537 3764 2594 3808 n.
2645 3747 2795 3811 44.:

354 3868 387 3900 «
436 3843 890 3907 Probabilistae
937 3844 1258 3925 putarunt,
1316 3842 1563 3906 licitum
1605 3859 1735 3905 esse
1772 3859 1958 3904 usum
2009 3840 2314 3923 opinionis
2345 3844 2538 3908 solide
2586 3848 2803 3929 proba-

346 3945 487 4009 bilis
534 3945 604 4008 in
638 3963 941 4009 concursu
973 3944 1286 4025 offim'onis
1320 3964 1511 4026 aeque
1530 3942 1888 4024 probabilis
1917 3961 1990 4005 ac
2028 3943 2218 4006 eccam
2251 3944 2705 4024 probabilioris
2736 3975 2797 4015 »‚

431 4047 534 4111 72.
573 4046 789 4129 Neque
829 4066 970 4112 vero
1004 4048 1332 4112 cunctatus
1358 4049 1452 4111 est
1483 4066 1532 4110 s,
1568 4047 1801 4111 Doctor
1838 4063 2226 4110 communem
2259 4047 2415 4111 hanc
2453 4047 2798 4117 doctrinam

340 4169 410 4214 ex
457 4152 747 4230 utroque,-
808 4152 881 4215 ut
928 4151 1019 4216 ita
1063 4148 1284 4226 dicam,
1331 4150 1524 4214 latere
1575 4151 1651 4213 ab
1700 4147 2192 4212 adversariorum
2262 4149 2404 4215 telis
2450 4150 2798 4230 defendere3

341 4252 620 4334 quinimo
669 4253 959 4334 primitus
1007 4269 1283 4336 pugnam
1329 4253 1482 4317 inire
1526 4251 1827 4334 intrepide
1874 4269 1946 4313 ex
1991 4268 2062 4313 ea
2113 4252 2286 4333 parte
2319 4272 2648 4338 aggressus
2681 4259 2796 4332 est,

344 4356 409 4419 in
454 4373 581 4436 qua
627 4354 965 4421 adversarii
1010 4354 1340 4421 validiores
1386 4355 1503 4420 sibi
1551 4355 1710 4418 vires
1767 4353 2088 4435 suppetere
2150 4353 2307 4419 forte
2355 4357 2799 4425 existimabant

344 4458 407 4521 et
453 4473 605 4522 ann..
633 4457 825 4520 1749.
865 4458 1132 4541 primam
1176 4457 1250 4523 de
1293 4458 1515 4524 morali
1549 4457 1886 4542 systemate
1924 4453 2450 4529 elucubrationem
2483 4459 2663 4526 edens
2698 4482 2800 4545 po·

348 4561 587 4625 tiorem.
618 4559 1168 4642 probabilistarum
1216 4560 1439 4626 thesim
1486 4561 1559 4624 de
1604 4560 1777 4624 licito
1827 4578 1944 4623 usu
1993 4558 2297 4638 opinionis
2345 4562 2537 4628 solide
2587 4565 2801 4648 proba-

342 4662 485 4726 bilis
518 4662 583 4725 in
614 4679 917 4725 concursu
963 4660 1392 4746 probabilioris
1424 4682 1534 4746 pro
1566 4665 1699 4748 lege
1732 4663 2064 4728 tutandam
2096 4663 2378 4747 arripuit.
