3529 5158
650 448 1652 563 THEOLOGIA
1768 458 2520 571 MORALIS

1323 668 1856 695 Q...—

1197 906 1857 994 TRACTATUS
1913 911 1977 993 Ι.

880 1082 1018 1145 DE
1095 1082 1625 1151 Acerrssus
1701 1087 2268 1156 HUMANIS

1397 1432 1669 1501 CAPUT
1716 1438 1767 1501 I.

936 1587 1190 1639 ACTUUM
1223 1591 1625 1641 HUMANORUM
1658 1594 1841 1642 N0T1o
1873 1595 1950 1642 ET
1982 1597 2207 1645 n1v1s1o

1089 1754 1148 1835 ξ.
1202 1754 1259 1817 1.
1307 1754 1505 1817 Not-io
1550 1758 1728 1818 actus
1773 1754 2053 1820 humani.

442 1928 479 1979 1.
493 1927 600 1979 Usu
619 1931 872 1992 receptum
891 1932 967 1978 est
986 1927 1116 1991 apud
1130 1927 1423 1990 Theologos‚
1449 1932 1502 1979 ut
1520 1934 1717 1981 actuum
1738 1931 2062 1983 humanorum
2083 1930 2276 1985 nomine
2295 1930 2410 1987 illae
2429 1935 2564 1989 solae
2583 1935 2807 1992 actiones

337 2009 685 2075 intelligantur,
706 2024 831 2077 quae
851 2012 1124 2077 procedunt
1142 2013 1203 2062 ab
1222 2009 1420 2064 bomine
1440 2016 1666 2078 tanquam
1687 2027 1713 2065 a
1736 2010 1972 2080 principio
1992 2013 2293 2078 intelligente
2314 2022 2361 2070 et
2381 2032 2585 2071 suorum
2608 2027 2802 2076 actuum

336 2094 602 2149 dominium
630 2096 869 2149 habente:
897 2096 1025 2149 unde
1049 2101 1187 2149 actus
1206 2097 1448 2148 humanus
1473 2095 1661 2150 deliniri
1688 2100 1816 2151 solet
1844 2116 1867 2144 ι
1889 2099 2055 2151 Aeros
2075 2116 2104 2153 A
2129 2114 2422 2155 vocemur-2
2447 2117 2547 2155 cun
2569 2118 2795 2160 amonis

334 2194 686 2234 mmmm
725 2193 789 2233 111·
830 2193 1103 2233 tinam-ma
1138 2193 1424 2233 enocennns
1452 2201 1500 2234 ».
1521 2178 1597 2233 Cr.
1632 2194 1671 2233 s.
1709 2182 1885 2234 Thom.
1911 2184 1956 2235 l.
1978 2186 2028 2237 2.
2050 2199 2096 2250 q.
2120 2186 2166 2237 l.
2187 2199 2231 2238 a.
2261 2187 2304 2237 l.
2334 2188 2457 2241 Cum
2484 2202 2623 2255 vero,
2650 2197 2702 2242 ut
2728 2189 2800 2243 in·

336 2264 439 2331 quit
463 2281 504 2319 s.
527 2267 747 2319 Thomas
783 2267 833 2318 2.
853 2268 986 2319 Sent.
1008 2264 1163 2317 (1.24.
1186 2279 1232 2329 q.
1253 2267 1304 2317 3.
1323 2278 1369 2317 a.
1390 2267 1440 2317 2.
1479 2279 1543 2317 iat
1584 2279 1798 2319 inciam
1837 2281 1994 2319 onnus
2033 2282 2195 2330 1101110,
2232 2284 2312 2323 um
2350 2286 2500 2324 enum
2540 2288 2782 2327 nontam!

334 2365 642 2405 vomituris
668 2363 954 2416 inventi-un,
973 2347 1087 2403 ideo
1111 2348 1257 2402 iidem
1284 2348 1456 2402 haberi
1481 2352 1641 2403 solent
1666 2356 1806 2403 actus
1832 2351 2027 2405 humani
2052 2359 2101 2406 et
2127 2355 2338 2408 morales
2363 2355 2462 2409 vid.
2488 2359 2535 2409 l.
2556 2360 2605 2411 2.
2627 2374 2673 2424 q.
2698 2361 2784 2410 18.

331 2451 374 2489 a.
392 2438 445 2489 5.
466 2442 515 2489 et
542 2437 592 2488 9.
617 2440 667 2487 et
691 2450 739 2501 q.
762 2436 843 2488 19.
866 2449 908 2487 a.
936 2437 980 2487 1.
1008 2436 1069 2487 atl
1098 2435 1143 2485 53.
1183 2453 1208 2481 α
1233 2432 1289 2486 Si
1327 2448 1453 2500 quae
1494 2440 1672 2497 autem,
1715 2433 1848 2487 addit
1886 2450 1926 2489 s,
1956 2438 2171 2490 Thomas
2203 2438 2248 2490 l.
2285 2441 2334 2491 2.
2366 2455 2412 2505 q.
2443 2441 2490 2491 l.
2519 2455 2563 2494 a.
2595 2443 2641 2494 l.
2668 2442 2792 2496 aliae

333 2519 551 2575 actiones
575 2517 762 2573 homini
786 2518 1093 2582 conveniant,
1120 2524 1325 2587 possunt
1359 2516 1473 2586 dici,
1498 2517 1693 2585 quidem
1726 2535 1924 2573 nomme
1961 2535 2217 2588 Acrtones,
2249 2525 2336 2577 sed
2363 2539 2457 2578 non
2485 2526 2685 2595 proprie
2713 2541 2797 2581 uu·

332 2620 512 2668 uanas,
540 2618 652 2659 eum
690 2619 787 2658 non
825 2603 921 2658 sint
957 2602 1170 2658 hominis
1206 2603 1492 2670 inquantum
1532 2609 1609 2657 est
1647 2607 1796 2657 homo
1824 2624 1873 2656 ι.

416 2748 464 2820 Ι.
500 2750 705 2815 Locus
737 2768 785 2814 0.
820 2749 1115 2825 Thomae,
1151 2748 1312 2813 unde
1346 2750 1598 2830 sumpta
1631 2748 1930 2826 definitio,
1965 2750 2065 2815 hic
2111 2753 2206 2817 est
2243 2753 2298 2816 1.
2328 2756 2388 2817 2.
2416 2776 2473 2836 q.
2508 2756 2563 2820 1.
2601 2777 2655 2822 a.
2697 2759 2785 2823 1.:

334 2878 367 2911 «
400 2853 766 2928 Dicendum,
816 2851 981 2933 quod
1029 2851 1365 2927 actionum,
1425 2869 1582 2932 quae
1646 2852 1725 2916 ab
1771 2852 2019 2917 homine
2068 2858 2360 2938 aguntur,
2419 2858 2565 2923 illae
2627 2862 2798 2926 solae

318 2956 575 3035 proprie
606 2955 900 3018 dicuntur
929 2954 1257 3028 humanae,
1308 2971 1465 3034 quae
1514 2956 1661 3017 sunt
1708 2955 1992 3038 propriae
2038 2956 2325 3034 hominis,
2373 2959 2438 3023 in
2486 2966 2795 3042 quantum

328 3061 419 3123 est
450 3058 661 3121 homo.
695 3055 917 3121 Differt
941 3057 1152 3120 autem
1175 3055 1361 3119 homo
1388 3055 1467 3119 ab
1490 3054 2025 3122 irrationabilibus
2050 3061 2350 3124 creaturis
2373 3061 2439 3125 in
2463 3063 2599 3138 hoc,
2627 3066 2795 3145 quod

327 3163 420 3225 est
436 3178 705 3225 0110111111
731 3161 987 3223 actuum
1018 3157 1323 3222 dominus,
1352 3157 1527 3222 Unde
1552 3158 1698 3222 illae
1724 3159 1892 3223 solae
1918 3160 2192 3223 actiones
2217 3164 2519 3225 vocantur
2528 3167 2792 3242 proprie

326 3262 655 3338 humanae,
681 3280 948 3343 quarum
972 3260 1158 3325 homo
1183 3263 1278 3324 est
1303 3259 1608 3324 dominus.
1637 3260 1751 3324 Est
1777 3262 1989 3324 autem
2009 3261 2196 3326 homo
2223 3261 2509 3327 dominus
2536 3266 2794 3330 actuum

326 3384 580 3432 suorum
613 3384 721 3448 per
750 3364 1056 3428 rationem
1102 3365 1165 3427 et
1214 3363 1641 3438 voluntatemz,
1692 3361 1853 3425 unde
1887 3363 1949 3425 et
1981 3362 2246 3427 liberum
2284 3363 2612 3429 arbitrium
2660 3386 2792 3433 esse

327 3467 551 3532 dicitur
581 3466 850 3531 facultas
898 3465 1246 3530 voluntatis
1276 3465 1339 3528 et
1372 3464 1652 3528 rationis.
1687 3464 1843 3528 Illae
1881 3483 2028 3548 ergo
2077 3465 2352 3533 actiones
2383 3471 2648 3549 proprie
2679 3472 2793 3536 hu·-

327 3587 543 3634 manae
590 3569 900 3644 dicuntur,
959 3586 1116 3649 quae
1172 3586 1244 3631 ex
1306 3567 1631 3631 voluntate
1686 3566 2027 3631 deliberata
2089 3570 2447 3651 procedunt.
2507 3570 2570 3637 Si
2629 3592 2790 3655 quae

325 3674 533 3736 autem
583 3671 742 3736 aliae
776 3671 1048 3735 actiones
1086 3668 1322 3733 homini
1356 3668 1747 3744 conveniunt,
1786 3672 2048 3752 possunt
2080 3671 2199 3735 dici
2232 3673 2480 3754 quidem
2519 3673 2791 3740 hominis

320 3776 613 3847 actiones,
680 3791 801 3837 non
859 3774 1069 3837 autem
1132 3770 1375 3854 proprie
1430 3770 1773 3847 humanae3
1834 3791 1975 3834 01110
2033 3791 2154 3837 000
2212 3774 2338 3837 0101
2384 3775 2671 3852 1101011110,
2721 3778 2784 3840 10

324 3879 628 3957 quantum
677 3878 772 3940 est
817 3876 1002 3940 homo
1038 3899 1096 3937 ».

409 3977 543 4058 Qua
590 3979 839 4042 statuta
884 3975 1237 4041 definitione
1283 3975 1698 4056 consequitur,
1751 3994 1789 4037 a
1836 3994 2019 4039 censu
2068 3979 2321 4040 actuum
2369 3979 2785 4045 humanorum

320 4079 723 4145 excludendas
770 4097 900 4144 esse
949 4077 1220 4143 actiones
1266 4076 1620 4153 infantium,
1656 4075 1985 4154 ebriorum,
2031 4077 2490 4158 dormientium,
2526 4081 2786 4148 deliran-

319 4183 478 4246 tium
525 4186 641 4247 etc.
693 4183 757 4246 et
802 4181 1144 4266 generatim
1177 4198 1410 4256 eorum,
1444 4179 1507 4242 10
1540 4180 1767 4261 quibus
1816 4181 2151 4262 impeditus
2198 4183 2282 4246 sit
2313 4202 2465 4249 usus
2497 4185 2779 4253 rationis.

412 4284 541 4350 1010
589 4287 653 4349 01
698 4284 763 4349 10
810 4284 955 4360 inis,
1006 4284 1113 4366 qui
1160 4301 1281 4348 000
1328 4282 1560 4346 habent
1597 4281 1968 4365 impeditum
1999 4304 2182 4348 usum
2215 4285 2496 4364 rationis,
2532 4287 2583 4352 si
2623 4308 2782 4370 quae

318 4388 447 4452 sint
477 4389 770 4462 actiones,
799 4405 956 4470 quae
988 4387 1117 4451 sine
1147 4387 1279 4450 ulla
1310 4385 1605 4449 rationali
1639 4385 2079 4452 deliberatione
2104 4391 2432 4471 ponantur,
2466 4390 2625 4454 istae
2657 4410 2780 4456 000

315 4495 494 4556 erunt
527 4494 705 4555 actus
739 4489 995 4553 humani
1027 4509 1081 4552 v.
1117 4510 1209 4573 gr.
1245 4491 1456 4553 motus
1490 4487 1899 4573 primo-primi
1936 4491 2315 4574 passionum,
2366 4493 2782 4577 cogitationes

472 4604 762 4658 Rammium,
791 4602 960 4648 Horat.
988 4603 1136 4648 Tomo
1162 4605 1203 4647 1.
2591 4608 2614 4649 1
