3529 5158
738 341 848 397 240
1204 355 1418 398 macr.
1459 358 1522 398 11.
1561 357 1649 398 ma
1683 355 2103 399 conserui-ms.
2141 355 2339 399 capua*
2376 355 2441 396 11.
2479 356 2622 398 nun.
2661 357 2750 398 111.
3060 341 3203 417 [210]

740 454 863 517 alia
909 454 1128 537 religio
1162 454 1247 517 sit
1291 453 1470 527 falsa,
1503 453 1752 518 etiamsi
1784 453 1995 535 aliqua
2018 453 2305 517 videatur
2336 451 2523 516 alicui
2558 452 2957 535 probabilior,
2992 455 3201 518 tamen

737 557 1112 639 amplectens
1151 575 1307 633 eam,
1341 556 1558 621 relicta
1588 556 1832 632 tutiori,
1866 574 2259 637 nequaquam
2297 555 2594 620 damnum
2617 573 2766 620 suae
2792 558 3078 620 aeternae
3111 575 3205 621 sa-

735 657 888 722 lutis
933 658 1190 743 effugiet
1220 684 1281 722 ».
1317 658 1488 738 Quae
1535 662 1743 723 tamen
1776 657 2181 742 intelligenda
2226 658 2374 721 sunt
2405 656 2478 721 de
2509 674 2601 733 eo,
2642 656 2751 739 qui
2781 656 2873 721 ita
2920 657 3206 739 probabi-

733 759 953 824 liorem
991 760 1182 825 aliam
1227 760 1592 845 religionem
1639 759 1894 836 iudicet,
1945 762 2020 823 ut
2064 758 2471 823 nihilominus
2516 758 2694 823 illam
2736 759 2945 824 minus
2992 761 3203 824 tutam

734 864 931 944 putet,
980 862 1281 928 tutiorem
1313 865 1524 928 autem
1555 863 1683 927 imo
1716 863 1919 927 solam
1952 863 2161 926 tutam
2193 861 2566 925 catholicam
2598 860 2928 925 existimet.

839 1001 998 1052 xxu.
1028 998 1166 1052 Dixi:
1191 999 1244 1053 .ςί
1267 998 1451 1053 adhuc
1474 998 1548 1053 sit
1578 996 1923 1068 probabilis,·
1949 997 2061 1065 quia
2100 997 2143 1051 si
2182 997 2577 1064 probabilitatem
2614 996 2851 1063 amiserit,
2890 1000 2954 1051 ob
2992 997 3194 1065 aliquod

731 1087 980 1138 decretum
1017 1085 1067 1136 in
1104 1084 1401 1138 contrarium
1432 1088 1510 1137 vel
1535 1098 1734 1148 gravem
1776 1099 2034 1138 censuram
2059 1085 2139 1138 vel
2166 1083 2407 1138 rationem
2443 1097 2645 1148 gravem
2669 1084 2732 1137 de
2765 1098 2897 1137 novo
2922 1083 3194 1151 inventam,

730 1183 855 1235 quae
892 1168 1153 1222 difficulter
1193 1170 1446 1221 refutanda
1487 1166 1729 1231 videatur,
1770 1183 1866 1222 non
1905 1172 2054 1223 habet
2091 1171 2256 1223 locum
2292 1167 2562 1236 responsio.

1495 1344 1672 1412 Unde
1710 1344 2049 1423 resolvitur
2086 1344 2186 1409 hic
2231 1365 2432 1410 casu-s.

840 1500 1019 1553 xxm.
1047 1501 1152 1553 Non
1182 1499 1295 1553 licet
1322 1514 1450 1554 nunc
1478 1501 1738 1554 absolvere
1757 1498 2090 1567 poenitentem
2111 1503 2379 1568 absentem,
2405 1499 2500 1555 etsi
2526 1504 2693 1568 plures
2718 1503 2962 1555 Doctores
2987 1505 3197 1556 antebac

727 1583 778 1637 id
816 1583 1085 1653 senserint;
1116 1587 1294 1639 borum
1332 1583 1459 1638 enim
1498 1583 1737 1639 sententia
1776 1600 1902 1639 nunc
1928 1593 2003 1638 est
2027 1585 2207 1639 abolita
2233 1594 2284 1640 et
2322 1584 2733 1653 probabilitatem,
2761 1584 2801 1639 si
2829 1600 2976 1653 quam
3004 1587 3194 1651 babuit,

727 1667 890 1723 amisit
900 1684 916 1737 ;
942 1668 1202 1737 praecipue
1237 1672 1499 1724 accedente
1536 1671 1738 1724 decreto
1763 1671 1920 1725 Clcm.
1942 1671 2070 1724 Vm.
2092 1672 2269 1724 Bonae.
2295 1672 2328 1724 l.
2350 1686 2388 1723 c.
2412 1686 2458 1724 n.
2490 1671 2567 1724 17.
2589 1678 2638 1724 ct
2668 1669 2750 1725 alii
2780 1670 3123 1725 communiter.

817 1778 988 1843 Haec
1026 1781 1173 1844 sunt
1203 1779 1358 1843 satis
1397 1779 1565 1843 clara
1596 1780 1660 1843 et
1690 1778 2137 1861 applicationes
2169 1778 2404 1843 obviae.

1803 2027 1966 2091 Dus.
2002 2027 2118 2090 III.

1291 2182 1406 2247 An
1439 2184 1510 2246 in
1541 2182 1729 2246 dubio
1772 2183 1970 2245 tutior
1992 2202 2158 2262 pars
2185 2183 2275 2246 sit
2302 2181 2607 2264 eliyenda.

828 2367 1018 2420 XXlV.
1040 2368 1350 2433 Respoudeo,
1372 2366 1469 2435 Qui
1490 2366 1537 2420 in
1566 2365 1717 2419 dubio
1738 2364 2050 2430 constitutus,
2074 2337 2185 2433 post
2203 2364 2409 2431 diligens
2428 2381 2631 2421 examen
2654 2381 2707 2421 se
2727 2365 2893 2432 nequit
2912 2369 3189 2434 resolvere,

719 2470 814 2508 non
840 2462 1033 2509 tenetur
1059 2471 1254 2523 semper
1283 2456 1464 2521 eligere
1491 2463 1679 2524 partem
1719 2454 1967 2519 tutiorem,
1997 2457 2081 2507 sed
2108 2461 2270 2520 potest
2308 2454 2533 2521 amplecti
2573 2461 2759 2522 partem
2794 2460 3036 2510 laventem
3071 2473 3193 2513 suae

717 2538 928 2594 libertati
969 2539 1137 2606 (etiam
1175 2539 1337 2594 minus
1376 2539 1567 2609 tutam),
1595 2541 1859 2594 dummodo
1899 2538 1963 2593 sit
1998 2538 2049 2593 in
2090 2538 2399 2607 possessione
2436 2553 2555 2594 snae
2592 2539 2852 2604 libertatis
2893 2539 3033 2595 iuxta
3058 2540 3186 2597 illud

714 2624 936 2679 axioma:
968 2628 1034 2679 In
1054 2623 1221 2679 dubio
1240 2624 1438 2678 melior
1462 2628 1544 2679 est
1566 2623 1808 2679 conditio
1824 2623 2172 2693 possidentes.
2195 2623 2337 2678 Ratio
2357 2631 2448 2688 est,
2473 2624 2585 2691 quia
2612 2625 2724 2680 talis
2743 2640 2839 2680 non
2860 2624 2958 2690 agit
2978 2632 3185 2692 temere,

714 2725 827 2764 cnm
865 2716 1032 2764 utatur
1056 2724 1144 2763 sua
1169 2708 1423 2763 libertate:
1454 2711 1584 2776 quod
1624 2708 1784 2763 cuivis
1820 2709 1953 2769 licet,
1978 2707 2193 2776 quandiu
2220 2723 2315 2761 non
2342 2715 2533 2763 constat
2556 2723 2668 2764 esse
2693 2723 2751 2763 ea
2775 2709 3039 2776 privatum,
3064 2726 3183 2765 eum

713 2809 838 2856 eam,
871 2801 922 2848 ut
948 2802 1107 2849 cetera
1132 2800 1337 2847 externa
1367 2797 1510 2859 bona,
1539 2793 1804 2861 possideat.
1831 2793 2138 2859 proindeque
2165 2791 2349 2847 volenti
2375 2793 2723 2858 obligationem
2760 2792 3031 2862 imponere,
3056 2810 3187 2861 quae

713 2879 939 2933 libertate
979 2876 1157 2945 privet,
1201 2876 1438 2931 incumbit
1478 2876 1703 2943 probatio
1742 2877 2057 2941 obligationis
2094 2885 2389 2940 contractae,
2430 2876 2566 2931 iuxta
2603 2892 2706 2942 reg.
2738 2880 2818 2931 ll.
2842 2877 2892 2931 iu
2933 2881 2983 2932 6.
3013 2880 3186 2944 Neque

712 2962 828 3017 huic
866 2960 1175 3029 responsioni
1208 2966 1372 3016 obstat
1412 2962 1603 3015 axioma
1644 2961 1970 3016 contrarium:
2007 2966 2072 3017 ln
2100 2961 2268 3017 dubio
2306 2962 2482 3017 tutior
2506 2962 2599 3017 via
2635 2966 2715 3017 est
2752 2962 3034 3033 elipenda:
3062 2963 3183 3030 qnia

709 3047 1012 3112 intelligitur,
1053 3046 1095 3100 si
1135 3062 1196 3102 ex
1238 3063 1333 3101 una
1371 3054 1510 3115 parte
1549 3047 1612 3101 sit
1653 3046 1873 3113 dubium,
1899 3062 1961 3102 ex
2000 3048 2151 3103 altera
2193 3053 2399 3109 certum,
2427 3054 2529 3101 tum
2567 3051 2691 3101 banc
2728 3061 2839 3101 esse
2874 3046 3183 3111 eligendam:

709 3136 841 3200 quod
871 3132 913 3186 si
941 3139 1103 3186 aulem
1148 3141 1354 3198 utraque
1392 3147 1508 3199 pars
1534 3139 1636 3186 tnta
1664 3131 1742 3195 sit,
1771 3130 1963 3185 axioma
1991 3131 2262 3187 universim
2300 3147 2397 3184 non
2424 3139 2501 3186 est
2539 3130 2807 3199 praecepti,
2838 3133 2927 3185 sed
2966 3131 3187 3197 consilii,

711 3225 763 3272 ut
784 3221 988 3273 Navarr.
1007 3219 1163 3273 Man.
1186 3232 1230 3271 c.
1256 3218 1339 3271 27.
1362 3233 1410 3270 n.
1434 3220 1555 3271 281.
1577 3220 1755 3272 Sancb.
1776 3217 1812 3270 l.
1830 3232 1874 3270 c.
1895 3232 1939 3271 c.
1973 3219 2049 3271 lo.
2069 3232 2118 3270 n.
2143 3220 2161 3269 l
2186 3220 2226 3269 l.
2256 3218 2436 3271 Bonae.
2464 3222 2501 3270 t.
2522 3219 2571 3270 2.
2592 3219 2640 3269 d.
2665 3220 2714 3271 2.
2737 3232 2785 3283 q.
2811 3217 2858 3270 t.
2883 3232 2928 3284 p.
2951 3219 2999 3270 9.
3022 3231 3072 3269 n.
3098 3220 3189 3270 21.

708 3304 876 3369 Laym.
897 3306 929 3357 l.
959 3306 1004 3356 l.
1025 3310 1060 3356 t.
1086 3306 1131 3357 l.
1150 3317 1194 3357 c.
1216 3304 1266 3356 5.
1290 3318 1337 3356 n.
1360 3306 1408 3356 8.
1431 3302 1539 3356 Fill.
1560 3309 1621 3355 tr.
1645 3302 1731 3356 21.
1754 3316 1797 3355 c.
1822 3303 1868 3354 4.
1890 3315 1971 3354 nn.
2000 3303 2262 3355 l53.·l59.

796 3429 959 3503 210.
1010 3432 1362 3516 Diligenter
1392 3431 1706 3496 notandus
1740 3433 1837 3494 est
1883 3432 2090 3494 status
2137 3429 2612 3495 controversiae.
2660 3429 2892 3514 Agitur
2926 3449 3077 3515 ergo
3108 3431 3193 3497 de

706 3552 799 3609 eo,
856 3557 892 3590 «
939 3533 1046 3615 qui
1092 3536 1238 3616 post
1285 3533 1630 3597 adhibitam
1677 3532 2077 3616 diligentiam
2120 3531 2225 3614 (ut
2268 3531 2476 3614 inquit
2522 3530 2749 3597 Suarez
2786 3531 2862 3596 cle
2917 3530 3189 3598 Ceasar.

705 3636 860 3719 disp.
896 3638 1001 3699 40.
1052 3637 1199 3701 sect.
1238 3637 1297 3700 5.
1332 3655 1392 3699 n.
1434 3637 1567 3719 13.)
1600 3653 1724 3699 non
1758 3635 1970 3718 potuit
2000 3635 2262 3699 dubium
2294 3635 2593 3718 expellere
2616 3654 2727 3700 nec
2763 3635 2837 3701 de
2875 3635 3194 3703 alterutra

704 3741 881 3822 parte
914 3737 1229 3821 probabile
1262 3737 1562 3802 iudicium
1592 3737 1770 3802 ferre.
1807 3737 1985 3817 Quod
2031 3737 2285 3823 (pergit,
2320 3756 2509 3823 agens
2546 3737 2619 3802 de
2656 3737 2844 3802 dubio
2874 3738 3193 3823 irregula-

701 3842 940 3923 ritatis)
973 3840 1338 3924 praesertim
1369 3842 1571 3924 urget,
1613 3840 1864 3922 quando
1916 3839 2016 3904 hic
2062 3841 2127 3904 et
2172 3859 2335 3904 nunc
2368 3839 2636 3905 occurrit
2672 3839 2930 3904 moralis
2978 3860 3189 3907 neces·

703 3945 858 4009 sitas
896 3943 1211 4009 exercendi
1257 3942 1517 4008 Ordines
1555 3943 1619 4007 et
1663 3944 1820 4007 tunc
1855 3961 1980 4007 non
2013 3944 2222 4026 potest
2258 3942 2390 4007 fieri
2435 3942 2633 4008 omnis
2666 3942 2990 4027 diligentia
3038 3946 3193 4009 sim·

701 4048 944 4130 pliciter
979 4047 1323 4131 possibilis:
1373 4045 1448 4110 fit
1484 4047 1692 4110 tamen
1729 4045 1932 4109 omnis
1964 4045 2093 4122 illa,
2136 4064 2295 4127 quae
2331 4063 2442 4128 pro
2473 4043 2595 4110 loci
2626 4045 2691 4109 et
2736 4046 3035 4128 temporis
3068 4066 3191 4131 op—

698 4151 1086 4232 portunitate
1116 4150 1252 4215 fieri
1289 4150 1498 4233 potest
1543 4150 1608 4214 et
1643 4147 2054 4213 nihilominus
2102 4167 2209 4231 per
2244 4148 2422 4213 illam
2457 4166 2581 4213 non
2619 4149 2827 4230 potest
2863 4148 3190 4217 dubitatio

697 4253 837 4316 tolli
855 4251 926 4315 »ξ
946 4273 1005 4315 v.
1026 4273 1119 4336 gr.
1149 4270 1271 4316 non
1297 4253 1449 4316 bene
1465 4251 1827 4317 recordatur
1849 4250 2235 4316 conditiones
2261 4250 2337 4315 ad
2361 4250 2791 4315 incurrendam
2815 4252 3191 4335 quampiam

697 4354 1230 4437 irregularitatem
1266 4353 1394 4419 sive
1427 4373 1497 4418 ex
1529 4353 1772 4417 defectu
1819 4352 1950 4416 sive
1988 4372 2059 4416 ex
2091 4353 2316 4417 delicto
2350 4353 2629 4416 statutas
2666 4352 2729 4416 in
2767 4352 2921 4418 iure.
2956 4354 3042 4419 Et
3080 4357 3195 4423 ad—

696 4458 866 4520 verte
911 4457 1085 4532 bene,
1124 4456 1184 4520 in
1218 4474 1368 4521 casu
1405 4457 1613 4521 deesse
1662 4456 2014 4538 opinionem
2048 4455 2450 4539 probabilem,
2490 4474 2651 4538 quae
2684 4455 2941 4521 inclinet
2970 4457 3038 4522 in
3072 4460 3195 4524 ali—

695 4578 884 4641 quam
937 4560 1213 4641 partem3
1269 4559 1433 4623 unde
1495 4558 1741 4635 Suarez,
1792 4558 1939 4623 ibid.
1989 4579 2050 4624 n.
2106 4561 2206 4623 14.
2257 4558 2413 4624 dicit
2473 4558 2687 4624 haberi
2747 4558 3190 4643 ignorantiam
