3529 5158
714 338 833 392 666
1550 347 1862 389 Arpnunlx
1899 348 1940 387 1.
1979 345 2376 397 mssa-nuno

716 447 1264 514 determinaverat.
1299 445 1532 510 Deinde
1566 464 1707 509 vero
1739 444 1804 507 111
1834 444 1969 526 ipsa
2007 444 2169 508 thesi
2214 443 2609 526 proponenda
2644 443 2816 517 dicit,
2852 464 2915 508 se
2961 464 3187 529 propu-

725 570 917 637 gnare
962 548 1335 612 sententiam
1382 547 1988 623 communissimam;
2026 544 2335 627 quomodo
2384 546 2597 610 autem
2644 566 2694 612 s.
2743 548 2979 613 Doctor
3018 548 3182 612 affir-

724 656 975 732 masset,
1024 672 1087 716 se
1148 651 1689 716 communissimae
1736 647 2079 714 sententiae
2140 647 2488 725 adhaerere,
2538 649 2594 713 si
2645 648 2909 727 diverse,
2963 670 3032 714 ac
3078 649 3186 713 alii

724 776 954 833 omneS,
1005 772 1187 819 sensu
1232 753 1409 816 illam
1458 752 1845 834 accipiebat?

815 861 918 923 51.
955 855 1070 921 Sed
1107 874 1320 919 rursus
1353 854 1789 935 inquirendum
1814 856 1925 932 est,
1957 873 2034 916 an
2067 854 2315 918 admitti
2348 853 2410 918 id
2442 855 2659 937 possit,
2685 855 2850 937 quod
2890 855 3188 938 suspicari

723 963 1032 1046 quispiam
1065 959 1292 1044 potuit,
1333 978 1549 1040 nempe
1588 957 1961 1022 sententiam
1994 957 2346 1041 benignam,
2386 978 2576 1040 quam
2609 978 2657 1022 S.
2700 961 2935 1024 Doctor
2973 959 3189 1024 disser-

722 1064 1067 1129 tationibus
1117 1082 1256 1125 ann.
1313 1062 1502 1138 1749,
1554 1062 1617 1124 et
1668 1060 1857 1124 1755.
1908 1060 2218 1143 professus
2283 1063 2379 1125 est
2441 1064 2629 1143 atque
2683 1062 2913 1127 invicte
2967 1082 3189 1146 propu-

727 1168 964 1251 gnavit,
1006 1163 1323 1229 commode
1362 1163 1609 1228 demum
1647 1162 1855 1227 reduci
1903 1181 2080 1245 posse
2128 1163 2205 1227 ad
2253 1163 2434 1228 illum
2468 1164 3189 1245 aequiprobabiliwmm,

727 1288 910 1353 quem
958 1266 1173 1331 deinde
1219 1266 1574 1330 constanter
1610 1265 1816 1329 tenuit
1861 1267 1925 1330 et
1971 1268 2186 1330 contra
2237 1266 2608 1332 objectiones
2647 1269 3016 1351 praesertim
3047 1268 3191 1332 Vin-

728 1372 913 1435 centii
958 1369 1218 1434 Patuzzi
1264 1368 1620 1432 vindicavit.
1656 1368 1746 1431 Ut
1785 1369 1948 1432 enim
1995 1369 2202 1449 inquit
2249 1388 2297 1432 S.
2339 1370 2572 1434 Doctor
2618 1369 2885 1452 (Introd.
2938 1370 3191 1454 all’apo-

727 1478 898 1562 logia
929 1479 1143 1542 contro
1169 1476 1387 1541 Adelfo
1412 1475 1733 1556 Dositeo);
1770 1498 1805 1531 «
1830 1473 1968 1538 Non
2001 1479 2127 1556 puo
2159 1475 2420 1558 seguirsi
2455 1476 2791 1559 l’opinione
2836 1497 2980 1542 men
3031 1479 3187 1554 tuta,

727 1580 973 1663 quando
1012 1583 1043 1643 0
1082 1580 1278 1644 molta
1310 1578 1384 1642 ed
1422 1580 1453 1640 0
1485 1576 1653 1641 certa
1689 1577 1753 1640 13
1788 1576 2283 1659 preponderanza
2315 1597 2421 1660 per
2456 1579 2520 1643 la
2552 1580 2663 1662 piu
2696 1581 2936 1656 tuta...;
2972 1581 3188 1664 perche

728 1683 1274 1765 alloral'opinione
1300 1700 1437 1744 men
1463 1681 1604 1743 tuta
1643 1697 1766 1743 11011
1785 1684 1909 1762 puo
1931 1680 2038 1761 piu
2063 1679 2211 1743 dirsi
2229 1682 2607 1747 certamente
2639 1683 3025 1766 probabile...
3046 1709 3063 1759 ;
3087 1702 3188 1749 ma

725 1786 971 1869 quando
1020 1785 1124 1868 poi
1169 1786 1231 1847 la
1278 1782 1773 1867 preponderanza
1806 1784 1836 1845 ὲ
1870 1783 2104 1865 piccola
2136 1802 2168 1846 0
2198 1782 2502 1850 dubbiosa
2549 1803 2655 1866 per
2689 1785 3048 1869 l’opinione,
3083 1786 3189 1849 che

722 1892 822 1953 sta
860 1907 967 1971 per
997 1888 1061 1951 la
1090 1887 1291 1971 legge,
1328 1885 1523 1949 311013
1553 1885 1912 1966 l'opinione,
1939 1886 2048 1948 che
2081 1887 2180 1949 sta
2214 1905 2320 1969 per
2350 1886 2416 1950 la
2443 1886 2689 1965 liberta,
2723 1889 2840 1955 ben
2865 1893 2992 1973 puo
3030 1889 3187 1955 chia-

720 1992 911 2055 marsi
960 1990 1352 2073 egualmente
1390 1987 1706 2070 probabile
1754 2006 1860 2068 per
1906 1988 2224 2053 l‘assioma
2264 2008 2525 2054 comune
2554 1989 2975 2075 insegnatomi
3022 1992 3186 2057 dallo

721 2097 917 2159 stesso
966 2094 1035 2157 P.
1087 2093 1357 2167 Lettore,
1407 2092 1517 2154 che
1553 2111 1790 2169 parum
1831 2110 1951 2168 pro
1997 2090 2196 2153 nihilo
2241 2095 2633 2172 emputatur
2668 2117 2729 2155 ».

816 2198 897 2260 Et
930 2198 1081 2261 haec
1112 2214 1327 2258 rursus
1364 2194 1553 2257 habes
1584 2195 1649 2257 in
1682 2193 1943 2256 Dissert.
1977 2192 2080 2256 De
2111 2214 2230 2256 usu
2269 2193 2584 2258 moderato
2615 2195 2930 2273 opinionis
2950 2194 3188 2273 proba-

727 2300 874 2365 bilis
918 2301 1092 2363 iuxta
1141 2297 1286 2361 edit.
1321 2297 1579 2360 Bassan.
1616 2315 1756 2358 ann.
1813 2296 2025 2369 1773„
2062 2296 2166 2359 ubi
2198 2295 2285 2377 (n.
2326 2298 2415 2379 1.)
2450 2296 2772 2379 proposita
2801 2296 3181 2378 quaestione,

721 2425 806 2467 an
839 2401 1082 2464 duabus
1127 2398 1523 2478 opinion-ibus
1558 2397 1862 2471 adversis,
1909 2397 2257 2478 aequaliter
2291 2402 2406 2461 aut
2448 2401 2634 2480 quasi
2667 2398 3010 2482 aequaliter
3040 2420 3186 2487 spro-

725 2502 1055 2575 habilibus„
1082 2500 1324 2564 licitum
1345 2501 1433 2563 sit
1452 2502 1662 2563 minus
1694 2503 1893 2563 tutam
1914 2500 2219 2579 amplecti,
2246 2501 2483 2565 subdit:
2509 2526 2546 2561 ‹
2563 2502 2809 2567 Dicitur
2838 2502 3187 2584 aequaliter

723 2612 839 2670 aut
868 2607 1052 2688 quasi
1087 2604 1467 2686 aequaliter:
1500 2604 1667 2685 quia,
1702 2603 1867 2668 sicut
1899 2621 2109 2667 omnes
2146 2605 2210 2667 et
2254 2605 2697 2686 probabilistae
2730 2607 2793 2670 et
2839 2607 3189 2690 antiproba-

724 2710 970 2773 bilistae
1001 2707 1392 2782 conveniunt,
1419 2725 1563 2770 cum
1586 2724 1707 2770 non
1733 2705 2066 2782 evidenter,
2091 2706 2195 2770 sed
2219 2707 2312 2770 ita
2336 2726 2557 2789 parum
2581 2728 2705 2775 una
2737 2708 3186 2792 praeponderat

725 2809 924 2886 alteri,
953 2809 1026 2872 ut
1050 2807 1227 2872 valde
1247 2807 1451 2870 tenuis
1469 2809 1531 2870 et
1548 2807 1772 2872 dubius
1789 2809 1875 2872 sit
1896 2828 2196 2882 excessus,
2221 2811 2374 2873 tunc
2390 2812 2655 2892 utraqu‘e
2671 2811 2881 2893 opinio
2907 2812 3183 2894 aequalis

719 2911 1181 2997 probabilitatis
1214 2910 1627 2983 existimatur,
1674 2910 1851 2975 iuxta
1890 2931 2215 2976 commune
2256 2912 2517 2998 axioma,
2557 2912 2812 2998 Parum
2827 2934 2959 2994 pro
2989 2913 3183 2978 nile-ilo

719 3019 1052 3096 reputatur
1074 3040 1110 3072 »
1125 3065 1138 3077 .
2559 3045 2562 3046 ⁷

806 3117 1106 3198 Quocirca
1137 3117 1312 3180 iuxta
1350 3118 1509 3179 hanc
1542 3117 1918 3181 sententiam
1951 3137 2059 3181 seu
2095 3119 2534 3194 coniecturam,
2561 3119 2775 3197 thesiS,
2816 3139 2944 3202 qua
2978 3140 3027 3184 S.
3066 3121 3182 3185 Do-

718 3222 852 3285 ctor
878 3221 1162 3297 asseruit,
1182 3219 1364 3282 licere
1390 3219 1563 3301 sequi
1585 3218 1934 3301 opinionem
1954 3220 2332 3302 probabilem
2349 3221 2414 3284 in
2431 3239 2732 3286 concursu
2750 3222 3184 3305 probabilioris

718 3342 829 3407 pro
863 3323 1018 3407 lege,
1053 3321 1127 3385 de
1158 3321 1279 3390 levi
1310 3321 1420 3386 illo
1460 3341 1570 3384 Seu
1607 3321 1795 3384 dubio
1845 3322 2302 3403 probabilitatis
2336 3342 2583 3388 excessu
2613 3323 2863 3389 deberet
2893 3325 3184 3410 intelligi,

719 3427 971 3509 propter
1007 3444 1209 3506 quem,
1246 3424 1770 3488 consentientibus
1798 3425 1933 3487 tum
1967 3425 2412 3506 probabilistis,
2441 3427 2580 3492 tum
2604 3428 3186 3511 antiprobabilistis,

720 3530 985 3610 utraque
1018 3530 1223 3612 opinio
1260 3529 1535 3610 aequalis
1569 3528 2031 3610 probabilitatis
2057 3529 2468 3594 existimatur.

814 3631 916 3694 52.
953 3630 1039 3694 At
1071 3650 1214 3694 vero
1246 3631 1426 3712 plane
1457 3630 1782 3694 dicendum
1815 3630 2080 3704 videtur,
2120 3631 2422 3696 eiusmodi
2454 3634 2825 3700 sententiam
2857 3654 2972 3701 seu
2994 3637 3187 3702 conie-

700 3738 984 3808 cturam,
1022 3732 1343 3814 siquidem,
1385 3735 1559 3797 iuxta
1590 3752 1886 3797 canonem
1933 3733 2010 3796 ab
2043 3734 2327 3799 omnibus
2364 3735 2704 3817 receptum,
2735 3737 3187 3803 sententiarum

721 3857 768 3901 s.
805 3838 1091 3901 Doctoris
1140 3836 1569 3919 interpretatio
1619 3835 1880 3918 petenda
1930 3836 2014 3899 sit
2059 3855 2131 3899 ex
2177 3837 2422 3919 scriptis
2469 3836 2742 3904 eiusdem
2786 3859 2833 3904 S.
2869 3841 3181 3917 DoctoriS,

720 3939 970 4004 admitti
1019 3940 1189 4003 nulla
1236 3939 1477 4003 ratione
1524 3958 1721 4021 posse.
1774 3937 2010 4020 Quippe
2059 3958 2108 4002 S.
2158 3938 2513 4020 Alphonsus
2559 3941 3068 4010 manifestissime
3111 3943 3182 4007 de

713 4040 1345 4122 aeqm'probabilismo
1370 4043 1711 4124 pertractat
1737 4041 2036 4122 tanquam
2071 4040 2143 4105 de
2182 4042 2542 4126 quaestione
2580 4044 2762 4126 plane
2791 4044 3088 4112 distincta
3117 4049 3180 4109 et

712 4143 955 4208 diversa
1004 4163 1040 4206 a
1088 4143 1449 4224 quaestione
1498 4142 1571 4206 de
1618 4143 1792 4207 licito
1843 4162 1961 4207 usu
2010 4143 2316 4226 opinionis
2363 4145 2701 4227 probabilis
2761 4146 2826 4211 in
2882 4165 3177 4213 concursu

717 4246 1149 4328 probabilioris
1187 4265 1297 4329 pro
1330 4246 1486 4330 lege.
3146 4303 3150 4312 .

809 4348 877 4410 Id
910 4348 1108 4431 primo
1142 4350 1317 4430 patet
1340 4368 1409 4411 ex
1440 4348 1625 4412 modo
1658 4348 2036 4432 disputandi.
2072 4348 2548 4416 Consideremus
2573 4352 2727 4417 haec
2757 4354 2944 4419 verba
2980 4374 3028 4418 S.
3065 4354 3179 4418 Do—

716 4447 924 4515 ctoris.
962 4452 1124 4514 Diss.
1179 4452 1256 4513 17
1265 4452 1367 4513 55.
1420 4472 1477 4515 n.
1516 4451 1617 4514 13.
1661 4477 1695 4510 «
1728 4453 1927 4516 Aiunt
1957 4452 2514 4535 probabilioristae‚
2562 4454 2728 4539 quod
2764 4456 2905 4522 ideo
2937 4456 3174 4522 licitum

717 4555 811 4617 est
850 4553 1024 4634 sequi
1064 4551 1413 4633 opinionem
1452 4553 1950 4634 probabiliorem,
1998 4555 2146 4637 quia
2194 4556 2344 4620 haec
2392 4559 2670 4640 respectu
2719 4558 2797 4622 ad
2829 4560 3175 4643 oppositam
