3529 5158
659 276 773 331 360
1194 286 1410 328 TRACT.
1450 284 1538 324 111.
1579 284 1664 323 nn:
1703 281 1981 323 nmmos.
2021 281 2219 324 CAPUT
2258 283 2321 322 11.
2360 282 2502 324 nun.
2543 283 2605 323 11.
2980 267 3123 343 [360]

749 388 919 451 Haec
953 384 1277 459 sententia,
1314 383 1410 446 uti
1443 382 1634 465 patet,
1670 381 1767 444 est
1798 397 2048 463 prorsus
2079 381 2393 464 negativa.
2430 378 2689 459 Quando
2723 380 2887 445 enim
2922 381 3123 463 acqui-

658 489 812 554 sivit
841 487 1245 561 domicilium,
1283 505 1402 549 non
1443 486 1536 548 est
1570 483 1840 566 amplius
1878 483 2255 567 peregrinus.

749 591 980 655 Durior
1005 591 1216 653 autem
1243 588 1376 651 visa
1400 588 1496 650 est
1519 588 1670 649 haec
1693 586 2002 649 sententia
2028 588 2090 649 et
2121 585 2513 650 communius
2531 587 2665 648 DD.
2694 585 2851 649 satis
2875 588 3116 670 putant,

657 695 712 759 si
744 694 882 774 quis
915 692 1144 755 habeat
1177 692 1239 755 in
1275 691 1411 754 loco
1445 689 1630 769 quasi
1675 685 2076 751 domicilium.
2126 687 2392 752 Proinde
2423 687 2904 753 declarationem
2937 708 3121 771 quan-

659 795 804 859 dam
846 793 905 857 S.
948 792 1015 857 C.
1067 812 1102 856 a
1149 792 1451 875 Gregorio
1500 790 1676 853 XIII.
1729 789 2156 871 approbatam,
2207 808 2365 871 quae
2412 790 2762 854 excluderet
2798 792 2990 855 etiam
3020 792 3121 856 ha-

658 898 871 961 bentes
905 896 1090 977 qnasi
1111 893 1513 966 donzz‘cz‘lium,
1541 896 1656 957 aut
1677 893 1852 956 velut
1881 910 2004 955 non
2038 892 2481 969 authenticam,
2517 895 2630 957 aut
2660 913 2783 958 non
2813 899 3117 978 receptam

658 1019 781 1063 usu
812 999 919 1062 isti
953 999 1088 1061 DD.
1123 997 1496 1079 posthabent
1529 997 1592 1058 et
1624 995 2002 1059 contrariam
2033 1014 2080 1058 s.
2116 995 2214 1057 Pii
2238 994 2313 1056 V.
2343 995 2622 1080 allegant
2644 995 3117 1061 declarationem

660 1101 821 1164 circa
870 1099 1211 1176 ScholareS,
1262 1098 1370 1179 qui
1416 1098 1578 1161 certe
1625 1116 1746 1161 non
1795 1097 2026 1160 hahent
2072 1096 2189 1159 nisi
2238 1096 2416 1177 quasi
2458 1096 2864 1162 domicilium.
2918 1099 3015 1163 Ita
3059 1102 3119 1163 et

661 1203 978 1267 Mazzotta
1019 1222 1055 1265 a
1087 1221 1137 1266 S.
1177 1202 1360 1284 Alph.
1403 1200 1713 1283 allegatus
1747 1199 1821 1262 de
1856 1199 2007 1280 Ley.
2050 1200 2205 1281 disp.
2241 1200 2302 1262 4.
2344 1219 2475 1282 cap.
2513 1201 2571 1263 3.
2607 1220 2665 1281 q.
2703 1202 2763 1264 2.

751 1306 962 1369 Tertia
1009 1305 1269 1386 denique
1316 1303 1622 1368 sententia
1668 1302 2061 1386 peregrinum
2109 1320 2286 1384 posse
2334 1302 2673 1385 dispensari
2722 1304 3017 1368 autumat
3060 1305 3114 1368 in

660 1408 904 1492 legibus
952 1408 1382 1473 communibus
1432 1427 1488 1470 V.
1539 1426 1631 1489 gr.
1680 1405 1915 1479 ieiunii,
1968 1424 2090 1469 non
2138 1424 2280 1468 vero
2322 1405 2383 1467 in
2416 1405 2580 1469 votis
2621 1424 2690 1468 ac
2736 1405 3115 1471 iuramentis.

663 1509 865 1589 Quam
896 1511 1268 1575 sententiam
1301 1529 1349 1573 s,
1384 1509 1742 1591 Alphonsus
1767 1508 1809 1570 1.
1847 1528 1896 1571 c.
1934 1506 2158 1570 tribuit
2190 1508 2384 1570 Palao
2415 1507 2457 1570 l.
2493 1526 2543 1570 c.
2580 1528 2680 1571 nn.
2718 1511 2777 1571 5.
2816 1509 2876 1572 6.
2914 1510 2977 1574 et
3008 1509 3120 1572 Na-

664 1632 843 1677 varro
895 1632 964 1676 ac
996 1612 1341 1688 Menochio,
1391 1610 1498 1674 sed
1542 1611 1748 1674 minus
1782 1611 2019 1674 exacte:
2055 1628 2199 1672 nam
2232 1608 2289 1671 N
2294 1628 2551 1672 avari-us
2584 1611 2647 1673 et
2678 1609 3040 1675 Menochius
3084 1632 3115 1675 a

663 1715 856 1778 Palae
906 1714 1276 1798 allegantur,
1324 1732 1448 1777 non
1495 1713 1674 1793 quasi
1720 1712 1999 1782 doceant,
2050 1712 2404 1795 peregrinos
2450 1711 2790 1794 dispensari
2837 1734 3014 1797 posse
3058 1716 3117 1778 in

661 1816 905 1900 legibus
931 1816 1059 1879 sive
1076 1816 1197 1879 loci
1222 1815 1590 1898 specialibus
1608 1815 1736 1878 sive
1770 1814 2220 1887 communibus
2257 1813 2362 1877 sed
2381 1816 2683 1895 tanquam
2716 1816 2826 1897 qui
2851 1818 3115 1891 tradant,

664 1920 1017 2002 peregrinos
1043 1937 1163 1982 non
1195 1918 1554 1982 contrahere
1578 1917 1664 1980 ibi
1692 1916 2067 1999 parochiam,
2096 1934 2313 1997 nempe
2338 1916 2692 1999 allegantur
2720 1936 2833 1999 pro
2860 1918 3115 1982 secunda

665 2023 842 2103 parte
880 2021 1240 2095 sententiae,
1276 2040 1398 2102 qua
1431 2021 1696 2103 negatur
1728 2037 1906 2100 posse
1937 2018 2281 2100 dispensari
2312 2018 2374 2082 in
2408 2018 2572 2082 votis
2605 2020 2719 2082 etc.

755 2120 932 2193 360.
969 2123 1206 2202 Quibus
1239 2122 1610 2206 praemissis,
1652 2122 1803 2185 haec
1841 2119 2130 2203 colligere
2163 2139 2511 2202 possumne.

847 2229 913 2289 1⁰
946 2225 1284 2302 Sententia,
1333 2226 1434 2290 9111
1481 2245 1529 2289 s.
1581 2225 1763 2307 Alph.
1816 2223 2196 2287 subscribere
2246 2242 2310 2287 se
2355 2223 2525 2299 dicit,
2576 2225 2689 2298 est,
2730 2226 3113 2310 peregrinum

664 2329 1006 2412 dispensari
1051 2348 1172 2393 non
1221 2348 1417 2412 posse,
1468 2329 1574 2410 qui
1623 2326 1752 2391 scil.
1802 2345 1913 2390 nec
1960 2324 2342 2389 domicilium
2386 2345 2497 2390 nec
2528 2327 2714 2406 quasi
2741 2326 3115 2392 domicilium

663 2431 893 2495 habeat
924 2452 1058 2513 sup.
1092 2451 1152 2493 n.
1189 2433 1336 2493 355.
1381 2431 1558 2508 Quod
1607 2432 1813 2492 tamen
1850 2427 2091 2491 extendi
2126 2446 2246 2491 11011
2279 2427 2460 2491 debet
2492 2428 2569 2491 ad
2601 2428 3114 2511 dispensationem

665 2551 702 2597 a
731 2533 974 2617 legibus
1000 2532 1263 2615 propriis
1297 2532 1427 2596 eius
1453 2533 1592 2608 loci,
1620 2532 1672 2595 si
1706 2550 1861 2612 quas
1889 2530 2246 2614 peregrinus
2280 2530 2557 2612 alioquin
2589 2550 2833 2597 servare
2857 2532 3113 2598 deberet.

665 2636 874 2698 Ratio.
902 2634 1049 2714 quia
1074 2634 1126 2696 si
1152 2653 1310 2714 quae
1341 2635 1677 2698 servandae
1703 2653 1738 2696 a
1763 2634 2084 2716 peregrino
2112 2634 2276 2709 sunt,
2305 2633 2403 2696 hic
2428 2636 2637 2699 tamen
2654 2655 2777 2700 non
2802 2636 3115 2701 deterioris

662 2736 1034 2800 conditionis
1051 2735 1368 2799 habendus
1392 2739 1505 2812 est,
1534 2755 1723 2817 quam
1748 2736 2000 2800 subditi.
2029 2736 2355 2800 Praeterea
2373 2737 2482 2817 (1111
2506 2737 2651 2802 dare
2669 2740 2878 2821 potest
2899 2740 3112 2825 legem.

664 2841 872 2922 potest
903 2841 1041 2903 tum
1070 2840 1274 2924 legem
1308 2839 1545 2903 auferre
1578 2841 1715 2902 tum
1747 2838 2117 2921 dispensare.

845 2945 913 3004 2⁰
937 2940 1095 3006 Cum
1121 2943 1462 3026 Regulares
1487 2962 1557 3005 ex
1582 2941 1908 3024 privilegio
1942 2943 2194 3024 speciali
2218 2943 2458 3026 possint
2482 2941 2834 3025 dispensare
2866 2944 2930 3008 in
2962 2944 3115 3008 votis

663 3063 734 3108 ac
764 3044 1130 3109 iuramentis
1167 3046 1421 3110 illorum
1470 3044 1767 3119 omnium,
1818 3063 2085 3125 quorum
2131 3045 2540 3110 confessiones
2588 3043 2934 3122 audierint3
2985 3046 3115 3109 hinc

663 3150 922 3232 urgente
956 3149 1166 3231 aliqua
1212 3167 1421 3222 causa,
1472 3147 1549 3211 ad
1580 3147 1748 3229 ipsos
1796 3148 1937 3211 tuto
1971 3147 2203 3211 recurri
2234 3147 2460 3230 posset.
2496 3147 2595 3210 Ita
2630 3147 2692 3210 et
2725 3147 3002 3213 Barbosa
3049 3147 3114 3210 de

674 3248 853 3330 Offic.
891 3250 1103 3328 Epzsssc.
1139 3253 1298 3333 part.
1342 3253 1401 3313 2.
1445 3250 1626 3333 alleg.
1663 3249 1766 3311 36.
1798 3269 1855 3311 n.
1896 3250 1996 3312 15.

844 3352 913 3412 3⁰
961 3351 1250 3415 Notanda
1297 3352 1447 3414 haec
1494 3371 1565 3414 ex
1612 3349 1839 3414 Suarez
1887 3350 1989 3431 (de
2054 3351 2185 3414 Vot.
2235 3351 2341 3414 lib.
2394 3351 2454 3413 6.
2505 3369 2636 3433 cap.
2691 3351 2793 3414 11.
2844 3371 2904 3415 11.
2959 3354 3112 3435 ll.):

672 3477 706 3510 «
741 3452 947 3514 Dices:
985 3452 1143 3530 Quid
1178 3452 1228 3515 si
1261 3453 1592 3516 necessitas
1625 3454 1890 3536 urgeat?
1928 3453 2309 3535 RespondeO,
2346 3453 2776 3518 necessitatem
2807 3473 2931 3518 non
2978 3455 3114 3519 dare

662 3553 1152 3618 iurisdictionem
1184 3555 1258 3626 ei,
1295 3554 1403 3635 (1111
1434 3556 1648 3636 pastor
1679 3574 1801 3619 non
1835 3556 1956 3620 est:
1998 3555 2116 3619 erit
2148 3574 2295 3639 ergo
2330 3557 2479 3620 tunc
2508 3556 2993 3622 subveniendum
3026 3577 3115 3622 ne·

663 3655 941 3719 cessitati
979 3656 1130 3732 91119,
1166 3656 1274 3738 (1111
1311 3658 1459 3721 voto
1506 3658 1741 3742 ligatus
1776 3660 1888 3733 est,
1924 3661 2226 3738 tanquam
2258 3658 2491 3722 carenti
2530 3677 2640 3742 pro
2672 3659 2822 3723 tunc
2854 3662 3110 3742 pastore.

664 3759 772 3840 qui
803 3760 1002 3842 possit
1031 3778 1173 3824 cum
1211 3760 1319 3824 illo
1353 3761 1416 3823 in
1451 3761 1596 3824 voto
1645 3760 2017 3842 dispensare.
2067 3760 2239 3824 Adde
2273 3761 2510 3824 nullam
2544 3760 2737 3825 videri
2768 3780 2948 3844 posse
2992 3764 3111 3826 tam

664 3864 988 3947 urgentem
1022 3863 1420 3938 occasionem,
1457 3882 1614 3945 quae
1648 3863 1724 3926 ad
1757 3863 2099 3926 tollendum
2132 3863 2449 3926 vinculum
2481 3863 2615 3927 voti
2646 3864 2865 3928 statim
2899 3867 2963 3929 et
2992 3866 3112 3929 sine

661 3986 837 4032 mora
883 3968 1234 4050 compellat.
1284 3967 1449 4031 Nam
1495 3967 1548 4030 si
1596 3968 1845 4030 tantum
1892 3967 1975 4030 sit
2022 3966 2231 4048 aliqua
2288 3986 2513 4050 urgens
2562 3967 2801 4032 occasio
2860 3968 3109 4032 alicuius

662 4069 1124 4134 commoditatis
1156 4070 1486 4146 humanae,
1521 4069 1628 4132 illa
1662 4086 1784 4134 non
1817 4069 1970 4132 satis
2003 4071 2099 4133 est
2131 4068 2207 4132 ad
2240 4069 2583 4133 tollendum
2615 4068 2748 4134 voti
2781 4070 3104 4135 vinculum.

662 4172 1026 4254 praesertim
1070 4171 1429 4236 invertendo
1489 4171 1762 4237 ordinem
1812 4171 2259 4235 ecclesiasticae
2314 4171 2757 4236 iurisdictionis
2820 4173 2885 4236 91-
2943 4173 3105 4236 illam

662 4273 1039 4354 usurpando.
1080 4272 1144 4338 Si
1177 4293 1320 4338 vero
1355 4274 1439 4338 sit
1470 4275 1801 4338 necessitas
1833 4274 2197 4356 spiritualis
2233 4274 2325 4338 illi
2364 4273 2674 4339 subveniri
2702 4276 2933 4357 poterit
2978 4276 3107 4339 aliis

662 4374 900 4442 mediis,
936 4376 1032 4439 vel
1065 4377 1288 4440 saltem
1320 4375 1588 4439 sufficiet
1618 4395 1728 4457 pro
1760 4378 1911 4439 tunc
1957 4376 2325 4458 suspendere
2356 4375 2859 4457 exsequutionem
2892 4378 3019 4442 voti
3050 4379 3104 4440 et

663 4475 742 4539 ad
779 4475 894 4541 hoc
931 4477 1203 4540 multum
1251 4477 1453 4540 valere
1499 4477 1730 4559 poterit
1779 4477 2120 4542 auctoritas
2153 4477 2492 4559 praesentis
2538 4477 2657 4541 1091
2688 4476 2973 4561 Episcopi
3018 4477 3104 4540 vel
