3529 5158
706 351 814 405 202
1185 363 1396 404 Tnac‘r.
1435 364 1500 404 11.
1536 363 1623 403 111-1
1658 361 2074 404 0011301111ΜῙΑ.
2114 360 2312 405 CAPUT
2350 362 2415 403 11.
2456 362 2600 404 nun.
2639 361 2703 403 11.
3026 345 3169 421 [196]

710 480 851 524 011111
899 461 1046 524 viris
1094 460 1327 524 virtute
1374 463 1561 542 atque
1607 460 1951 524 eruditione
1999 461 2492 543 praestantibus:
2544 460 2955 525 absolutionis
2991 459 3174 524 bene-

709 562 848 625 ficio
885 580 1007 630 non
1041 564 1246 644 potest
1269 581 1412 626 eum
1443 563 1685 645 privare
1709 563 2117 628 confessarius
2156 589 2216 624 ».
2250 562 2604 626 Audiantur
2637 564 2848 626 autem
2877 562 3171 625 rationes.

717 688 751 720 «ι
782 662 1065 725 Ρ1111111111
1112 663 1260 744 quia
1305 663 1439 727 fieri
1484 665 1691 747 potest
1734 665 1811 728 ut
1855 665 2228 747 poenitentis
2293 664 2520 747 opinio,
2572 682 2760 744 quam
2816 662 3173 739 sacerdotis,

711 765 796 829 sit
841 765 1218 848 probabilior
1260 766 1492 846 (potest
1535 767 1758 849 inquit,
1809 767 1913 831 sed
1959 767 2022 831 id
2068 785 2190 831 non
2239 766 2477 850 exigit).
2529 766 2763 829 Deinde
2811 765 2959 847 qnia
3004 766 3177 847 cupit

711 869 1080 946 doctiorum,
1129 887 1318 949 quam
1380 869 1463 933 sit
1509 870 1937 946 confessariu8‚
1988 870 2083 933 uti
2130 869 2407 933 consilio.
2458 869 2621 932 Tum
2678 868 2826 950 quia
2880 866 3177 931 Sacerdos

712 988 833 1034 non
880 970 1087 1052 potest
1131 989 1309 1034 suam
1357 971 1696 1053 poenitenti
1741 972 2044 1054 imperare
2091 971 2462 1034 sententiam
2509 988 2618 1033 1100
2663 987 2881 1053 cogere
2927 969 3001 1033 de
3039 987 3178 1032 con·

713 1072 906 1136 traria
952 1071 1269 1137 decedere:
1309 1072 1372 1136 id
1420 1072 1582 1136 enim
1630 1091 1742 1137 suo
1790 1073 1925 1137 iure
1954 1075 2164 1155 posset
2212 1075 2326 1137 aut
2371 1072 2700 1136 concilium
2748 1071 3035 1155 generale
3066 1073 3180 1134 aut

715 1176 1032 1239 Romanus
1079 1176 1362 1240 Pontifex
1409 1178 1522 1239 aut
1566 1176 1776 1261 gravis
1825 1178 1901 1258 (!)
1951 1177 2161 1258 aliqua
2209 1180 2270 1240 et
2318 1176 2601 1260 legitima
2649 1175 2927 1257 potestas
2972 1174 3180 1257 poeni·

714 1279 870 1342 tenti
917 1278 1281 1361 praecipere.
1331 1280 1486 1343 Dein
1520 1280 1668 1361 quia
1699 1280 1787 1344 310
1824 1280 1921 1343 vel
1959 1279 2143 1343 aliter
2179 1280 2419 1362 opinari
2466 1297 2587 1343 non
2636 1279 2732 1342 est
2761 1278 2824 1341 in
2865 1278 3178 1360 potestate

715 1381 1091 1463 opinantis...
1138 1382 1234 1445 Ad
1282 1385 1643 1459 extremum,
1684 1383 1831 1463 quia
1878 1400 2057 1446 nemo
2106 1382 2498 1447 absolutione
2542 1380 2880 1463 privandus
2918 1382 3015 1444 est
3059 1380 3181 1443 nisi

714 1485 860 1565 quia
907 1504 1022 1548 sua
1068 1485 1250 1567 culpa
1287 1487 1383 1549 est
1418 1485 1528 1548 illa
1564 1484 1885 1569 indignus:
1936 1485 2037 1549 sed
2086 1485 2203 1562 hic,
2239 1484 2313 1549 de
2344 1501 2467 1565 quo
2500 1485 2634 1547 heic
2680 1484 3015 1565 loquimur,
3053 1484 3182 1565 opi-

712 1586 915 1651 nando
962 1606 1084 1651 non
1131 1590 1343 1670 peccat
1374 1612 1434 1650 ».

810 1714 847 1745 «
886 1689 1119 1752 Debere
1146 1690 1357 1753 autem
1388 1688 1783 1753 Sacerdotem
1810 1687 2263 1752 absolutionem
2290 1687 2559 1750 tribuere
2584 1686 2922 1769 poenitenti
2955 1686 3021 1749 in
3056 1686 3180 1768 opi-

716 1790 896 1855 nione
941 1791 1194 1854 minime
1241 1792 1534 1855 damnata
1581 1791 1859 1855 haerenti
1908 1792 1971 1855 et
2006 1808 2163 1871 quae
2212 1809 2247 1853 a
2294 1790 2443 1853 viris
2482 1789 2740 1854 eruditis
2789 1808 2861 1853 ac
2897 1788 3017 1871 piis
3056 1807 3180 1853 11011

718 1892 1124 1973 improbatur,
1145 1894 1462 1956 affirmant
1486 1893 1802 1967 11101111103,
1829 1891 2207 1967 Ρ311111311113,
2235 1890 2580 1967 GoffredUS,
2600 1890 2823 1963 Maior,
2844 1889 3177 1967 AdrianuS,

718 1993 1046 2070 Corradus,
1081 1994 1379 2069 Victoria,
1415 1994 1726 2071 Silvester,
1752 1995 2021 2069 Medina,
2063 1994 2321 2058 Toletus
2352 1995 2417 2057 in
2456 1994 2564 2058 lib.
2600 1995 2659 2057 3.
2701 1993 2775 2055 de
2810 1993 3043 2057 Istrae.
3071 1991 3184 2057 Sa-

717 2096 941 2161 cerdot.
975 2116 1107 2180 cap.
1137 2100 1239 2161 20.
1269 2099 1376 2161 ubi
1406 2097 1653 2162 scribit:
1689 2116 1885 2179 quum
1914 2099 2181 2178 utraque
2206 2097 2412 2179 opinio
2437 2099 2570 2161 tam
2608 2096 2967 2161 confessarii
2989 2114 3181 2177 quam

719 2200 1089 2283 poenitentis
1131 2202 1226 2264 est
1257 2201 1612 2283 probabilis,
1647 2201 1787 2285 cogi
1812 2218 1989 2283 posse
2015 2198 2393 2263 sacerdotem
2430 2218 2465 2262 a
2490 2199 2861 2281 poenitente,
2897 2199 2971 2261 ut
3008 2198 3185 2262 abso·

717 2304 1019 2368 lutionem
1069 2304 1185 2368 sibi
1229 2304 1551 2386 impertiat
1588 2330 1650 2365 ».
2524 2312 2527 2317 '

807 2405 907 2469 Ita
953 2405 1202 2487 quidem
1248 2403 1614 2480 Comitolus,
1656 2405 1763 2486 qui
1802 2423 1923 2469 non
1962 2406 2166 2470 solum
2203 2406 2392 2468 habet
2422 2404 2676 2468 eandem
2724 2402 3073 2467 doctrinam
3110 2420 3183 2465 ae

717 2507 966 2572 Medina
1012 2511 1075 2572 et
1119 2508 1376 2572 Toletus
1422 2509 1584 2571 circa
1636 2508 1991 2572 libertatem
2054 2507 2344 2590 sequendi
2393 2507 2740 2591 opinionem
2798 2504 3182 2589 probabilem

717 2629 912 2692 neque
964 2611 1168 2675 solum
1226 2611 1496 2674 ostendit
1550 2611 1709 2674 hanc
1762 2610 1952 2674 fuisse
2008 2611 2424 2675 vetustiorum
2471 2610 2836 2682 doctrinam,
2886 2627 3063 2672 secus
3113 2627 3185 2671 ac

717 2711 931 2774 deinde
976 2711 1346 2775 iactaverint
1381 2711 1702 2774 mendaces
1734 2712 2085 2775 Ianseniani
2122 2716 2184 2776 et
2222 2714 2444 2777 horum
2482 2712 2676 2794 inepti
2713 2712 3042 2795 plagiarii:
3078 2709 3187 2774 sed

719 2813 987 2878 declinat
1034 2813 1111 2876 ad
1158 2813 1521 2890 doctrinam,
1573 2833 1732 2895 quae
1779 2815 2189 2878 communiter
2236 2815 2499 2879 habetur
2545 2817 2621 2878 ut
2663 2815 2853 2880 ianua
2899 2813 3183 2878 laxitatis

721 2934 791 2980 ac
839 2933 1024 2998 prope
1071 2914 1386 2990 damnata,
1434 2935 1652 2998 nempe
1698 2916 2143 2980 absolvendum
2190 2937 2320 2981 esse
2367 2920 2554 2999 atque
2593 2917 2743 2981 adeo
2786 2916 2955 2980 omni
3000 2916 3188 2998 culpa

719 3036 924 3083 carere
969 3037 1131 3094 eum,
1180 3018 1288 3099 qui
1333 3018 1588 3082 haereat
1649 3017 1942 3100 opinioni,
1991 3038 2149 3101 quae
2212 3039 2332 3084 non
2390 3021 2475 3084 sit
2529 3020 2823 3084 damnata
2870 3022 2935 3083 et
2993 3038 3189 3100 quam

720 3122 973 3184 teneant
1017 3120 1158 3183 virii
1205 3119 1294 3203 pii
1348 3123 1412 3184 et
1473 3118 1718 3196 eruditi,
1769 3121 1915 3184 licet
1960 3120 2369 3185 confessarius
2422 3122 2579 3185 nihil
2639 3121 2884 3186 dubitet
2930 3121 3004 3184 de
3053 3121 3190 3185 eius

719 3221 996 3286 falsitate
1043 3224 1107 3285 et
1149 3221 1481 3286 iniustitia.
1528 3249 1533 3254 ·

809 3323 995 3406 Ergo,
1045 3324 1118 3386 ut
1165 3343 1350 3387 suum
1395 3324 1616 3405 cuique
1665 3323 1999 3401 tribuatur,
2065 3325 2603 3408 probabilioristae
2666 3324 2973 3408 patienter
3029 3325 3191 3388 ferre

722 3424 943 3488 debent
989 3427 1052 3488 et
1098 3425 1328 3490 sincere
1374 3426 1577 3502 fateri,
1613 3428 2037 3511 progenitores
2070 3447 2133 3491 se
2166 3428 2389 3492 habere
2420 3428 2840 3493 IansenianoS.

1913 3633 1994 3697 II.

1527 3751 1896 3830 Exponitur
1928 3754 2149 3832 prima
2194 3754 2378 3817 ratio,

818 3951 854 3984 «
889 3926 1102 3991 Prima
1134 3927 1330 4011 igitur
1367 3928 1528 3992 ratio
1562 3929 1674 4004 est,
1701 3927 1850 4009 quia
1886 3927 1984 3991 lex
2014 3927 2201 3993 dubia
2234 3949 2355 3994 non
2397 3929 2670 4014 obligat:
2709 3930 2772 3993 in
2807 3928 2995 3993 dubio
3023 3929 3193 3993 enim

729 4053 762 4086 «ι
794 4029 951 4111 legis
976 4029 1250 4110 possidet
1272 4029 1526 4094 libertas
1545 4029 1658 4112 (a).
1677 4029 1850 4095 Haec
1874 4030 2034 4094 ratio
2062 4030 2241 4095 valde
2266 4034 2449 4116 urget
2473 4034 2536 4095 et
2551 4030 2884 4096 difficulter
2909 4050 3193 4113 unquam

730 4155 764 4187 «
799 4131 876 4193 ab
914 4131 1281 4194 adversariis
1327 4131 1462 4212 ipsa
1509 4132 1667 4195 solvi
1715 4132 1977 4214 poterit:
2015 4133 2175 4197 unde
2207 4134 2456 4218 longius
2488 4135 2552 4198 111
2584 4154 2653 4199 03
2686 4134 3193 4210 immorabimur,

730 4255 763 4288 «
797 4231 871 4294 ut
902 4232 1096 4313 ipsius
1143 4232 1406 4296 firmitas
1456 4237 1850 4318 agnoscatur.
1891 4233 2147 4299 Certum
2195 4238 2306 4310 est,
2342 4256 2464 4302 non
2512 4238 2648 4302 dari
2684 4239 3027 4320 peccatum.
3069 4238 3197 4302 11131

803 4481 868 4531 (a)
897 4479 1020 4523 Heio
1049 4487 1351 4534 provocatur
1380 4484 1442 4526 ad
1473 4483 1698 4539 regulam
1729 4486 1785 4527 cle
1804 4487 2085 4537 pomerano
2111 4499 2269 4540 eaque
2306 4487 2541 4531 firmatur
2570 4489 2702 4531 ratio
2730 4488 2935 4542 propria
2962 4487 3205 4540 probabi·

723 4546 983 4623 natarum.
999 4549 1213 4626 Dreinde
1233 4563 1333 4594 non
1354 4553 1477 4595 satis
1498 4553 1831 4606 assequimur.
1851 4553 2097 4608 quomodo
2116 4555 2292 4610 regula
2312 4557 2365 4598 de
2380 4559 2657 4610 possessione
2684 4557 2943 4626 quandam
2965 4556 3200 4601 mediam

723 4627 861 4658 viam
881 4618 1082 4658 muniat
1101 4621 1235 4659 mter
1255 4619 1514 4662 tutioristas
1542 4617 1646 4672 (qui
1676 4625 1728 4661 et
1755 4619 2187 4672 probabilioristae
2217 4625 2486 4676 vacantur)
2513 4635 2573 4666 ae
2600 4622 2969 4677 111-011301ῑί3133.
2999 4621 3061 4666 Ε..
