3529 5158
929 408 1415 452 PROPOSITIONUM
1454 411 1904 466 DAMNATARUM,
1947 412 1985 450 A
2024 409 2124 450 Plo
2161 411 2241 450 VI.
2663 413 2804 452 Lxxl

442 604 548 659 55.
585 599 754 659 Item
805 614 978 673 quae
1024 600 1456 661 vehementer
1488 606 1723 676 opt-are
1755 618 1828 661 se
1860 601 2231 678 profitetur,
2267 608 2344 663 ut
2377 603 2602 678 aliqua
2639 602 2809 663 ratio

355 689 775 748 inveniretur
822 687 1139 748 minut-uli
1189 690 1349 749 cleri
1397 693 1552 765 (quo
1598 690 1866 750 nomine
1916 690 2306 752 inferiorum
2339 691 2649 752 ordinum
2681 693 2809 752 cle-

354 778 524 837 ricos
571 777 905 851 designat)
952 794 993 836 a
1040 778 1555 839 Cathedralibus
1595 783 1665 838 et
1714 779 2105 858 Collegiatis
2153 781 2612 857 submovendi,
2661 798 2811 855 pro-

354 866 650 927 videndo
696 866 895 927 aliter
943 868 1202 941 (nempe
1248 885 1367 942 per
1414 868 1657 943 probos
1705 872 1773 927 et.
1820 869 2260 943 provectioris
2299 870 2541 930 aetatis
2589 870 2809 947 laicOS,

352 973 644 1031 congruo
680 955 1024 1031 assignato
1057 956 1413 1031 stipendio)
1453 957 1825 1017 ministerio
1859 958 2270 1019 inserviendi
2303 959 2528 1020 Missis
2560 967 2628 1020 et
2660 960 2809 1019 aliis

353 1045 603 1117 officiiS,
654 1044 845 1104 velut
894 1044 1214 1121 Acolythi
1263 1051 1409 1123 etc„
1448 1049 1524 1105 ut
1556 1046 1732 1125 olim,
1773 1047 2012 1123 inquit,
2050 1048 2190 1107 fieri
2228 1049 2502 1126 soleba-t,
2540 1049 2808 1124 quando

350 1133 494 1193 eins
542 1134 805 1210 generis
853 1134 1067 1193 officia
1104 1151 1237 1194 non
1286 1135 1369 1194 ad
1418 1152 1665 1195 meram
1699 1137 1984 1211 speciem
2031 1155 2152 1213 pro
2201 1138 2562 1197 maioribus
2611 1137 2804 1198 Ordi-

352 1224 551 1282 nibus
598 1222 1039 1298 suscipiendis
1089 1224 1357 1284 redacta
1405 1231 1617 1292 erant,

441 1313 790 1385 Quatenus
836 1313 1267 1388 reprehendit
1315 1314 1721 1390 institutum,
1758 1331 1891 1391 quo
1918 1323 2213 1389 cavetur,
2250 1319 2327 1375 ut
2354 1317 2662 1375 >utitem-um
2701 1335 2803 1375 01·-

351 1401 563 1460 dinum
599 1402 968 1479 functiones
1013 1419 1125 1478 per
1173 1420 1271 1461 eos
1322 1408 1569 1463 tautum
1606 1409 2018 1480 praestentur
2050 1411 2548 1482 exerceanturve,
2591 1408 2697 1482 qui
2736 1407 2799 1464 iu

354 1490 483 1549 illis
508 1490 835 1550 constituti·
861 1491 1241 1568 adscriptirc
1272 1498 1420 1551 suut
1456 1493 1728 1568 (Concil.
1767 1494 1965 1554 Prov.
2003 1494 2123 1553 IV.
2159 1494 2449 1570 mediol.)
2484 1496 2682 1571 idque
2717 1495 2799 1554 ad

349 1584 638 1639 mentem
672 1579 1051 1639 Tridentini
1085 1580 1265 1657 (sess
1303 1584 1409 1640 23.
1446 1599 1499 1641 c.
1536 1582 1685 1653 121),
1721 1588 1792 1640 ‘ut
1823 1589 2180 1641 sanctorum
2226 1584 2529 1643 Ordinum
2568 1602 2604 1642 a
2641 1584 2803 1642 Dia-

350 1675 572 1727 conatu
622 1669 705 1727 ad
760 1668 1176 1728 Ostiariatum
1213 1670 1580 1747 functiones
1629 1671 1704 1729 ab
1753 1672 2114 1748 apostolicis*
2162 1672 2538 1748 temporibus
2577 1677 2640 1731 iu
2683 1672 2804 1731 Ec-

350 1757 533 1816 clesia
564 1758 973 1817 laudabiliter
1002 1764 1277 1837 receptae
1310 1765 1367 1817 et
1405 1760 1463 1817 ῑη
1494 1759 1783 1836 pluribus
1821 1761 1970 1818 loci-3
2010 1761 2386 1837 aliquandiu
2411 1762 2806 1820 intermissae

350 1847 529 1905 iuxta.
575 1863 789 1905 sacros
836 1864 1102 1906 canones
1152 1854 1516 1907 revocentur
1572 1865 1679 1907 ruec
1728 1848 1805 1908 ab
1858 1849 2186 1908 haereticis
2225 1856 2522 1926 tanquam
2572 1852 2807 1909 otiosae

353 1937 775 1995 traducantur
795 1958 813 1995 :

437 2025 797 2101 Suggestio
836 2027 1207 2103 temeraria,
1240 2026 1504 2102 piarum
1538 2026 1802 2087 aurium
1840 2028 2186 2101 ostensiva,
2222 2028 2653 2089 ecclesiastici
2688 2029 2807 2089 mi-

524 2114 786 2175 nisterii
835 2116 1320 2193 perturbativa,
1372 2117 1741 2177 servandae
1790 2117 2008 2192 quoad
2056 2117 2200 2178 fieri
2248 2120 2468 2193 potest
2517 2118 2586 2177 in
2633 2120 2804 2179 cele-

524 2203 798 2265 brandis
846 2205 1182 2281 mysteriis
1229 2205 1574 2267 decentiae
1620 2205 2068 2283 imminutiva‚
2120 2208 2188 2266 in
2237 2208 2568 2269 minorum
2629 2208 2803 2267 ordi-

525 2311 683 2353 num
732 2311 1011 2354 munera
1057 2300 1124 2355 et
1173 2293 1574 2373 functiones,
1611 2299 1755 2355 tum
1787 2296 1858 2355 in
1905 2295 2330 2369 disciplinam
2363 2313 2483 2371 per
2515 2314 2801 2357 canones

521 2386 592 2442 et
622 2383 967 2457 speciatim
1002 2400 1121 2458 per
1159 2384 1625 2445 Tridentinnm
1651 2384 1997 2458 probatam
2019 2384 2360 2459 iniuriosa,
2389 2385 2625 2445 favens
2647 2386 2798 2447 bae-

520 2471 881 2533 reticorum
930 2472 1001 2533 in
1048 2490 1192 2534 eam
1242 2473 1564 2534 conviciis
1608 2477 1680 2533 et
1725 2472 2099 2533 calumniis.

406 2693 538 2762 256.
590 2695 934 2774 Doctrina,
969 2713 1141 2772 quae
1175 2697 1436 2778 statuit,
1487 2698 1892 2760 conveniens
1923 2698 2138 2759 videri
2187 2698 2256 2758 in
2301 2698 2796 2776 impedimentis

350 2785 699 2863 canonicis,
752 2801 923 2861 quae
968 2787 1377 2862 proveniunt
1426 2805 1506 2847 ex
1554 2787 1818 2848 delictis
1867 2788 1935 2847 in
1998 2789 2141 2848 iure
2190 2791 2541 2868 expressis,
2593 2791 2793 2849 ullam

350 2891 638 2950 unquam
671 2892 794 2934 nec
824 2875 1311 2936 concedendam
1352 2893 1471 2937 nec
1504 2877 1986 2937 admittendam
2021 2894 2164 2938 csse
2211 2878 2796 2958 dispensationem,

430 2963 823 3039 Aequitatis
869 2969 938 3025 et
986 2965 1457 3027 moderationis
1505 2967 1862 3026 canonicae
1902 2984 1942 3027 a
1974 2984 2160 3027 sacro
2201 2968 2499 3028 Concilio
2532 2969 2799 3029 Triden-

502 3053 666 3113 'tino
689 3053 1008 3130 probatae
1026 3054 1297 3132 laesiva,
1317 3055 1701 3116 auctorit-ati
1720 3061 1789 3116 et
1815 3055 2076 3117 iuribus
2097 3058 2430 3117 Ecclesiae
2450 3059 2794 3134 derogans

404 3129 457 3158 ‘ts
488 3137 495 3158 ι
590 3151 597 3156 .
628 3151 631 3154 .

702 3187 869 3248 low.
905 3189 966 3265 ἓ.
1000 3190 1106 3248 22.
1653 3226 1657 3230 ·

434 3280 537 3337 57.
580 3277 1031 3353 Praescriptio
1079 3277 1353 3355 Synodi,
1404 3296 1575 3353 quae
1633 3279 2038 3354 generaliter
2098 3281 2168 3336 et
2225 3277 2796 3336 indiscriminatim

350 3366 531 3425 velut
576 3366 859 3426 abusum
907 3367 1125 3427 reiicit
1157 3384 1641 3442 quamcumque
1680 3366 2264 3444 dispensationem,
2302 3372 2378 3426 nt
2411 3366 2562 3441 plus
2599 3383 2794 3441 quam

349 3470 551 3516 unum
598 3455 1028 3517 residentiale
1074 3456 1471 3518 beneficium
1521 3457 1639 3515 uni
1688 3455 2036 3529 eidemque
2082 3454 2484 3534 conferatur,
2535 3456 2694 3516 item
2729 3456 2793 3516 in

349 3559 421 3602 eo
466 3544 647 3620 quod
690 3545 1064 3623 subiungit,
1113 3536 1370 3607 cert-uni
1433 3545 1559 3606 sibi
1607 3560 1773 3618 esse,
1841 3544 2031 3604 iuxta
2091 3545 2430 3607 Ecclesiae
2486 3546 2792 3622 spiritum

351 3633 495 3706 plus
543 3650 741 3709 quam
791 3652 926 3694 uno
961 3635 1281 3695 beneficio
1315 3634 1583 3695 tametsi
1632 3633 1917 3709 simplici
1961 3635 2294 3695 neminem
2335 3636 2466 3695 frui
2503 3653 2723 3712 posse:

432 3723 563 3782 Pro
607 3739 731 3784 sua
775 3724 1236 3803 generalitate,
1277 3724 1610 3801 derogans
1642 3722 2086 3785 moderationi
2129 3724 2506 3785 Tridentini
2539 3742 2696 3785 sess.
2748 3750 2793 3784 ι.

518 3829 572 3871 c.
609 3815 669 3872 5.
705 3818 775 3874 et
807 3830 969 3875 sess.
1004 3816 1109 3874 24.
1150 3831 1204 3874 e.
1243 3817 1346 3875 17.

920 4024 1018 4070 DE
1068 4025 1561 4072 SPONSALIBUS
1608 4025 1701 4070 ΕΤ
1750 4023 2228 4070 MATRIMONIO

696 4172 926 4235 Libell.
959 4175 1309 4236 naevum-iat.
1346 4174 1517 4233 circa
1547 4173 1880 4249 sponsalia
1913 4179 2022 4232 etc.
2066 4172 2124 4250 ξ.
2167 4175 2237 4231 2.

434 4264 536 4322 58.
551 4263 956 4342 propositio,
991 4281 1164 4339 quae
1196 4262 1457 4338 statuit,
1492 4262 1834 4337 sponsalia
1858 4261 2126 4337 proprie
2159 4260 2344 4320 dicta
2373 4263 2597 4321 actum
2629 4278 2806 4322 mere

353 4348 607 4411 civilem
655 4351 1021 4428 continere,
1086 4352 1203 4427 qui
1257 4352 1341 4411 ad
1399 4350 1904 4411 Matrimonium
1971 4350 2440 4411 celebrandum
2505 4349 2806 4426 disponit

352 4437 705 4516 eademque
750 4440 1055 4501 civilium
1102 4441 1328 4517 legum
1361 4439 1780 4514 praescripto
1810 4440 2082 4500 omnino
2114 4438 2474 4514 subiacere,

436 4526 640 4598 Quasi
684 4535 883 4592 actus
913 4529 1276 4604 disponens
1308 4529 1393 4589 ad
1426 4530 1938 4590 Sacramentum
1977 4546 2110 4590 non
2145 4528 2491 4588 subiaceat
2522 4528 2649 4587 sub
2680 4529 2804 4588 hac

352 4615 598 4678 mione
644 4617 779 4680 iuri
825 4618 1194 4679 Ecclesiae:
