3529 5158
350 385 457 460 [28]
602 399 1061 443 vonum-amun.
1100 402 1183 443 An
1221 403 1444 445 mcm‘r
1480 406 1724 447 roman
1760 408 2006 451 causam
2044 408 2352 451 manci-us
2389 408 2546 449 mm
2739 395 2810 447 23

352 501 468 563 art.
504 499 564 561 5.
605 522 643 556 «
668 496 732 561 Si
763 498 1077 583 (eventus)
1108 520 1216 584 per
1246 521 1309 566 se
1340 505 1622 585 sequitur
1651 526 1721 571 ex
1754 508 1870 571 tali
1902 511 2045 573 actu
2080 510 2143 572 et
2172 510 2247 571 ut
2277 508 2340 571 in
2387 507 2689 590 pluribus,
2726 527 2814 571 se·

352 599 620 665 cundum
660 600 777 665 hoc
808 604 1063 666 eventus
1095 622 1352 685 sequens
1384 606 1558 670 addit
1588 608 1666 672 ad
1697 610 2045 675 bonitatem
2082 611 2179 675 vel
2211 610 2523 673 malitiam
2570 612 2809 673 actus...

350 703 415 768 Si
444 721 591 767 vero
638 722 746 786 per
791 702 1068 769 accidens
1113 707 1176 769 et
1220 708 1295 770 ut
1339 707 1401 770 in
1440 711 1855 790 paucioribuS,
1887 714 2038 776 tunc
2083 714 2342 776 eventus
2388 729 2646 792 sequens
2691 729 2812 774 non

353 804 524 870 addit
554 803 636 867 ad
666 804 1012 870 bonitatem
1043 807 1140 871 vel
1170 808 1482 874 malitiam
1514 813 1691 876 actus
1722 837 1785 875 ».

437 907 633 971 Rixae
648 906 866 991 igitur,
878 908 1315 991 blasphemiae,
1328 914 1514 977 verba
1532 914 1813 988 obscena,
1826 935 1945 979 ecc.
1962 916 2355 999 imputantur
2371 914 2608 979 homini
2625 914 2814 983 ebrio,

350 1011 455 1093 qui
487 1010 669 1074 novit
699 1011 847 1074 haec
878 1011 994 1074 sibi
1025 1012 1090 1075 in
1122 1013 1417 1080 ebrietate
1450 1016 1804 1102 contingere
1827 1018 1955 1101 (a);
1991 1038 2024 1083 e
2054 1018 2364 1084 contrario
2396 1037 2514 1082 non
2549 1016 2819 1098 imputa-

351 1114 585 1177 buntur
614 1112 730 1189 illi,
764 1113 871 1194 qui
903 1113 967 1177 in
999 1114 1148 1178 haec
1178 1116 1305 1179 labi
1336 1136 1458 1182 non
1491 1120 1896 1198 consueverit,
1932 1122 1984 1184 si
2015 1121 2175 1185 forte
2206 1139 2386 1184 casus
2418 1118 2762 1202 contingat.

439 1213 540 1279 Sic
578 1214 803 1278 merito
845 1215 1104 1280 ancillae
1144 1217 1559 1300 imputabitur
1597 1221 1812 1304 lapsus
1851 1223 1950 1286 vel
1980 1241 2147 1286 mors
2190 1221 2434 1304 parvuli
2471 1221 2731 1292 bienniS,
2765 1218 2816 1282 si

349 1317 411 1381 in
442 1317 547 1380 via
578 1316 763 1380 illum
795 1317 913 1380 sibi
953 1318 1073 1400 ipsi
1102 1321 1453 1401 permittat3
1489 1324 1692 1388 solent
1722 1324 1887 1387 enim
1918 1324 1980 1387 in
2015 1324 2296 1407 pluribus
2324 1323 2483 1387 labi:
2517 1341 2640 1387 non
2673 1340 2817 1385 vero

348 1419 786 1502 imputabitur,
820 1418 1026 1485 sinon
1067 1421 1380 1487 custodiat
1427 1423 1637 1488 eodem
1683 1425 1869 1490 modo
1917 1445 2177 1508 puerum
2226 1427 2544 1490 octennem
2577 1427 2690 1488 aut
2719 1423 2817 1486 de-

349 1540 619 1585 cennem.

438 1624 509 1687 ln
541 1623 642 1687 his
677 1623 961 1687 omnibus
995 1626 1201 1689 tamen
1236 1645 1473 1710 semper
1502 1628 1784 1693 habenda
1809 1631 1905 1693 est
1925 1630 2088 1694 ratio
2121 1628 2474 1713 dictaminis
2506 1628 2817 1692 conscien-

350 1728 507 1803 tiae:
542 1746 691 1791 nam
725 1727 778 1791 si
809 1727 1009 1810 reipsa
1041 1747 1112 1792 ex
1150 1728 1669 1793 inconsiderantia
1700 1731 1840 1813 quis
1874 1733 2025 1815 agat
2055 1734 2118 1795 et
2149 1733 2299 1795 haec
2329 1730 2522 1794 tribui
2554 1748 2674 1793 non
2722 1728 2820 1791 de-

351 1832 495 1895 beat
526 1831 704 1915 gravi
736 1832 1170 1915 negligentiae,
1206 1833 1435 1897 frustra
1468 1834 1530 1897 in
1562 1834 1695 1898 foro
1728 1834 2095 1899 coscientiae
2139 1836 2385 1898 reatum
2425 1831 2820 1896 dimetiemur

350 1955 420 1998 ex
443 1934 678 2019 regulis
709 1934 871 1997 circa
902 1934 1146 1998 facilem
1171 1938 1506 2000 eventuum
1537 1936 2006 2018 praevisionem.
2025 1937 2302 2020 Regulae
2327 1934 2654 2018 designant
2683 1934 2818 1995 tan-

349 2042 487 2101 tum
519 2035 933 2101 communiter
962 2036 1388 2120 contingentia
1420 2039 1483 2101 et
1514 2056 1798 2102 normam
1830 2038 2279 2122 praesumendi.

438 2139 656 2203 Altera
704 2139 976 2202 conditio
1025 2139 1139 2210 est,
1178 2141 1253 2202 ut
1301 2140 1509 2221 agenti
1549 2140 1634 2204 sit
1671 2141 1865 2205 libera
1903 2140 2171 2205 facultas
2209 2159 2333 2204 non
2365 2138 2628 2222 ponendi
2677 2156 2816 2199 cau-

348 2262 482 2306 sam
516 2242 631 2305 aut
661 2241 931 2324 positam
964 2241 1294 2305 auferendi.
1329 2240 1394 2305 Si
1441 2244 1650 2307 custos
1684 2263 1982 2328 aggerum
2014 2243 2190 2307 fluvii
2220 2262 2342 2307 non
2381 2241 2590 2325 potuit
2622 2259 2816 2322 aquas

349 2344 652 2415 cohibere,
678 2342 911 2408 frustra
941 2342 1178 2407 dicetur
1208 2362 1347 2408 reus
1379 2343 1747 2409 damnorum
1780 2365 1852 2408 ex
1881 2344 2302 2409 inundatione.
2336 2343 2436 2407 Sic
2466 2344 2814 2424 scriptores,

351 2447 455 2529 qui
500 2446 705 2510 malos
736 2445 928 2510 libros
961 2445 1319 2530 vulgarunt,
1355 2448 1693 2529 potuerunt
1739 2446 1988 2527 quidem
2034 2445 2097 2508 id
2136 2465 2258 2511 non
2290 2445 2486 2509 facere
2517 2446 2580 2508 et
2627 2442 2707 2506 ad
2752 2441 2814 2503 id

349 2548 746 2614 tenebantur:
775 2547 880 2612 sed
911 2547 1042 2613 fieri
1074 2550 1282 2631 potest
1313 2550 1387 2612 ut
1417 2548 1711 2632 vulgatos
1749 2548 1943 2614 libros
1973 2550 2280 2631 nequeant
2313 2546 2579 2632 amplius
2612 2565 2643 2609 e
2689 2563 2818 2608 ma-

352 2653 534 2716 nibus
566 2650 834 2715 aliorum
868 2650 1123 2715 auferre.
1149 2650 1353 2714 Huius
1385 2651 1638 2734 regulae
1669 2651 1951 2732 aequitas
1983 2650 2230 2715 evidens
2262 2652 2375 2714 est.
2409 2649 2622 2731 Neque
2653 2647 2814 2711 enim

354 2753 531 2818 liberi
563 2772 776 2817 sumus
808 2753 871 2817 in
904 2752 1021 2826 his,
1049 2752 1126 2816 ad
1159 2772 1316 2834 quae
1348 2752 1615 2817 facultas
1639 2752 1918 2836 expedita
1953 2772 2074 2818 non
2106 2753 2291 2818 datur
2323 2755 2385 2817 et
2415 2772 2556 2816 cum
2589 2753 2819 2834 agatur

354 2855 428 2919 de
474 2854 849 2928 voluntario,
884 2855 1045 2937 quod
1090 2855 1174 2918 sit
1204 2855 1591 2937 imputabile,
1625 2854 2006 2919 haereticum
2054 2856 2213 2920 esset
2261 2855 2590 2926 affirmare,
2623 2853 2821 2935 impu·

350 2958 471 3023 tari
503 2957 661 3022 iuud
693 2976 894 3040 posse,
929 2957 1094 3039 quod
1126 2957 1391 3021 liberum
1422 2976 1543 3021 non
1578 2960 1691 3022 est.

436 3060 632 3125 Porro
662 3058 1056 3142 impotentia,
1082 3058 1156 3122 de
1188 3078 1311 3140 qua
1342 3078 1540 3124 sermo
1575 3062 1689 3132 est,
1722 3060 1822 3123 vel
1855 3079 1975 3124 non
2008 3059 2274 3141 ponendi
2304 3078 2557 3122 causam
2589 3057 2686 3119 vel
2718 3073 2822 3137 po-

351 3163 538 3226 sitam
571 3160 908 3234 auferendi,
938 3162 1048 3225 aut
1073 3160 1327 3245 physica
1352 3163 1446 3225 est
1471 3163 1582 3224 aut
1614 3161 1889 3225 moralis.
1917 3162 1998 3225 Et
2027 3160 2228 3223 facilis
2261 3159 2509 3240 quidem
2534 3157 2816 3238 quaestio

352 3269 463 3339 est,
499 3265 554 3329 si
602 3267 830 3349 agatur
875 3263 948 3327 de
994 3263 1363 3347 impotentia
1395 3263 1669 3347 physica.
1702 3262 1963 3327 Moralis
1994 3281 2137 3325 vero
2185 3260 2555 3341 impotentia
2603 3256 2819 3331 aderit,

353 3367 598 3449 quando
632 3365 943 3448 quispiam
976 3365 1054 3428 ab
1094 3363 1479 3448 impediendo
1530 3363 1738 3445 aliquo
1771 3363 1940 3427 malo
1972 3362 2333 3446 prohibetur
2365 3361 2462 3425 vel
2495 3360 2822 3424 excusatur

359 3475 467 3534 aut
500 3469 881 3554 obligatione
912 3468 1181 3550 quadam
1231 3468 1341 3530 aut
1388 3486 1458 3530 ex
1506 3466 1630 3530 alio
1676 3465 2068 3532 incommodo
2115 3464 2408 3551 graviori,
2443 3464 2540 3529 cui
2587 3461 2816 3528 occurri

360 3571 593 3636 debeat.
620 3572 720 3636 Ita
754 3592 811 3634 v.
838 3592 930 3655 gr.
958 3570 1214 3654 principi
1247 3588 1367 3634 non
1393 3571 1539 3633 sunt
1569 3569 1924 3634 voluntaria
1957 3569 2266 3642 scandala,
2292 3589 2450 3651 quae
2482 3565 2821 3632 necessario

358 3674 669 3757 profluunt
702 3694 774 3738 ex
815 3673 1149 3738 tolerantia
1195 3671 1553 3748 meretricii;
1589 3672 1735 3753 quia
1783 3673 2070 3756 graviora
2119 3673 2562 3757 rempublicam
2596 3691 2824 3755 preme-

354 3779 487 3840 rent
510 3775 923 3848 incommoda‚
950 3775 1003 3839 si
1026 3775 1183 3840 illud
1206 3775 1627 3857 impediretur.
1654 3774 2026 3839 Voluntaria
2053 3778 2266 3839 autem
2297 3776 2643 3840 dicerentur
2667 3773 2822 3836 eius-

359 3879 522 3942 modi
555 3878 868 3951 scandala‚
903 3878 955 3941 si
986 3877 1356 3942 toleraretur
1385 3877 1804 3942 meretricium
1834 3877 1898 3941 in
1947 3896 2107 3961 pago
2157 3878 2366 3960 aliquo
2399 3879 2680 3949 honesto,
2715 3877 2817 3940 ubi

359 3980 647 4062 graviora
677 3981 787 4044 illa
821 3980 945 4044 alia
976 3978 1363 4045 incommoda
1397 3979 1604 4043 minus
1636 3978 1908 4043 timenda
1942 3981 2162 4043 essent.
2197 3980 2356 4043 Item
2391 3998 2510 4043 non
2542 3980 2824 4043 censetur

362 4082 714 4146 voluntaria
748 4082 999 4146 omissio
1032 4081 1261 4146 Missae
1294 4081 1390 4144 vel
1424 4081 1517 4144 illi
1548 4081 1653 4162 qui
1688 4079 1964 4144 custodit
1995 4082 2296 4154 armenta,
2323 4080 2418 4143 vel
2453 4080 2545 4144 illi
2579 4080 2684 4161 qui
2725 4099 2825 4142 cu-

360 4203 491 4247 ram
520 4184 712 4248 habet
744 4184 1003 4267 aegroti.

446 4431 504 4482 (a)
531 4431 648 4475 Non
677 4432 865 4486 omnia,
895 4444 1025 4487 quae
1054 4434 1109 4476 in
1136 4433 1379 4476 ebrietate
1410 4433 1543 4476 fiunt
1572 4435 1623 4476 et
1651 4433 1884 4487 praevisa
1913 4435 2051 4480 sunt,
2082 4433 2409 4487 imputantur
2445 4433 2638 4476 homini
2673 4435 2734 4476 ut
2763 4433 2824 4476 iis

364 4499 595 4541 teneatur
621 4503 875 4552 tanquam
904 4501 1081 4541 auctor
1108 4498 1164 4541 in
1192 4511 1370 4547 oausaz
1401 4512 1531 4554 quae
1552 4499 1687 4542 enim
1716 4500 1781 4542 ad
1812 4500 1891 4542 sui
1922 4499 2252 4543 intrinsecam
2281 4500 2695 4544 constitutionem
2726 4501 2826 4541 exi-

363 4569 488 4617 gunt
514 4577 820 4609 consensum
855 4565 1072 4608 liberum
1100 4566 1403 4619 voluntatis,
1432 4571 1492 4609 ut
1522 4570 1835 4620 contractae,
1866 4569 2059 4620 votum,
2089 4566 2144 4609 in
2175 4567 2416 4610 ebrietate
2447 4568 2596 4618 iacta,
2628 4579 2824 4620 semper

365 4635 479 4673 mut
508 4631 659 4674 nulla
687 4645 780 4674 nee
811 4633 971 4674 ullam
1001 4630 1219 4686 gignunt
1247 4633 1623 4688 obligationem.
1654 4633 1806 4676 Secus
1836 4636 1911 4676 est
1939 4633 2002 4676 de
2033 4633 2147 4676 aliis
2168 4633 2380 4686 actibus,
2400 4647 2529 4687 quae
2558 4637 2617 4675 ut
2647 4633 2823 4675 volun·

365 4698 496 4741 tuin
524 4699 652 4752 nint,
681 4697 889 4750 sufficit,
916 4698 1172 4741 hominem
1201 4711 1260 4743 ea
1288 4701 1526 4754 voluisse,
1556 4712 1707 4754 porro
1736 4704 1790 4745 et
1820 4701 1874 4743 in
1901 4712 2055 4743 causa
2083 4700 2218 4742 velle
2245 4703 2426 4754 potest.
2455 4700 2514 4742 E.
