<?xml version="1.0" encoding="UTF-8"?>
<!DOCTYPE html PUBLIC "-//W3C//DTD XHTML 1.0 Transitional//EN"
    "http://www.w3.org/TR/xhtml1/DTD/xhtml1-transitional.dtd">
<html xmlns="http://www.w3.org/1999/xhtml" xml:lang="en" lang="en">
 <head>
  <title>
</title>
<meta http-equiv="Content-Type" content="text/html;charset=utf-8" />
  <meta name='ocr-system' content='tesseract 3.04.00' />
  <meta name='ocr-capabilities' content='ocr_page ocr_carea ocr_par ocr_line ocrx_word'/>
</head>
<body>
  <div class='ocr_page' id='page_1' title='image "./opustheologicum00palmgoog/opustheologicum00palmgoog_0399.png"; bbox 0 0 3529 5158; ppageno 0'>
   <div class='ocr_carea' id='block_1_1' title="bbox 695 325 3164 400">
    <p class='ocr_par' dir='ltr' id='par_1_1' title="bbox 695 325 3164 400">
     <span class='ocr_line' id='line_1_1' title="bbox 695 325 3164 400; baseline -0.002 -14"><span class='ocrx_word' id='word_1_1' title='bbox 695 330 805 386; x_wconf 78' lang='grc'>304</span> <span class='ocrx_word' id='word_1_2' title='bbox 1235 344 1448 385; x_wconf 65' lang='lat' dir='ltr'>mmor.</span> <span class='ocrx_word' id='word_1_3' title='bbox 1488 345 1579 385; x_wconf 81' lang='lat'>111.</span> <span class='ocrx_word' id='word_1_4' title='bbox 1620 344 1705 385; x_wconf 80' lang='grc'><strong>11111</strong></span> <span class='ocrx_word' id='word_1_5' title='bbox 1743 342 2023 385; x_wconf 67' lang='lat' dir='ltr'>Latmus,</span> <span class='ocrx_word' id='word_1_6' title='bbox 2062 341 2260 384; x_wconf 63' lang='lat' dir='ltr'>onor</span> <span class='ocrx_word' id='word_1_7' title='bbox 2297 342 2335 380; x_wconf 87' lang='lat'>1.</span> <span class='ocrx_word' id='word_1_8' title='bbox 2374 340 2517 382; x_wconf 79' lang='lat' dir='ltr'>mm.</span> <span class='ocrx_word' id='word_1_9' title='bbox 2555 341 2621 381; x_wconf 91' lang='lat'>11.</span> <span class='ocrx_word' id='word_1_10' title='bbox 3022 325 3164 400; x_wconf 76' lang='lat'><strong>[278]</strong></span> 
     </span>
    </p>
   </div>
   <div class='ocr_carea' id='block_1_2' title="bbox 695 437 3165 4628">
    <p class='ocr_par' dir='ltr' id='par_1_2' title="bbox 699 437 3164 628">
     <span class='ocr_line' id='line_1_2' title="bbox 699 437 3164 526; baseline -0.002 -19"><span class='ocrx_word' id='word_1_11' title='bbox 699 443 1072 509; x_wconf 74' lang='lat' dir='ltr'>terminatae</span> <span class='ocrx_word' id='word_1_12' title='bbox 1117 460 1350 524; x_wconf 91' lang='lat' dir='ltr'>poenae</span> <span class='ocrx_word' id='word_1_13' title='bbox 1395 461 1503 524; x_wconf 89' lang='lat' dir='ltr'>per</span> <span class='ocrx_word' id='word_1_14' title='bbox 1538 441 1741 526; x_wconf 90' lang='lat' dir='ltr'>legem</span> <span class='ocrx_word' id='word_1_15' title='bbox 1789 440 2101 514; x_wconf 75' lang='lat' dir='ltr'>statutae3</span> <span class='ocrx_word' id='word_1_16' title='bbox 2127 438 2279 503; x_wconf 90' lang='lat' dir='ltr'>haec</span> <span class='ocrx_word' id='word_1_17' title='bbox 2309 437 2471 502; x_wconf 89' lang='lat' dir='ltr'>enim</span> <span class='ocrx_word' id='word_1_18' title='bbox 2504 437 2644 502; x_wconf 88' lang='lat' dir='ltr'>tolli</span> <span class='ocrx_word' id='word_1_19' title='bbox 2690 456 2797 521; x_wconf 91' lang='lat' dir='ltr'>per</span> <span class='ocrx_word' id='word_1_20' title='bbox 2841 440 3164 502; x_wconf 88' lang='lat' dir='ltr'>consuetu-</span> 
     </span>
     <span class='ocr_line' id='line_1_3' title="bbox 701 537 3159 628; baseline -0.002 -20"><span class='ocrx_word' id='word_1_21' title='bbox 701 543 908 608; x_wconf 85' lang='lat' dir='ltr'>dinem</span> <span class='ocrx_word' id='word_1_22' title='bbox 937 545 1147 627; x_wconf 88' lang='lat' dir='ltr'>potest</span> <span class='ocrx_word' id='word_1_23' title='bbox 1177 547 1241 607; x_wconf 92' lang='lat' dir='ltr'>et</span> <span class='ocrx_word' id='word_1_24' title='bbox 1276 562 1473 626; x_wconf 89' lang='lat' dir='ltr'>poena</span> <span class='ocrx_word' id='word_1_25' title='bbox 1504 542 1811 628; x_wconf 87' lang='lat' dir='ltr'>generalis</span> <span class='ocrx_word' id='word_1_26' title='bbox 1842 541 2106 622; x_wconf 82' lang='lat' dir='ltr'>relinqui</span> <span class='ocrx_word' id='word_1_27' title='bbox 2132 540 2391 605; x_wconf 88' lang='lat' dir='ltr'>arbitrio</span> <span class='ocrx_word' id='word_1_28' title='bbox 2435 538 2677 605; x_wconf 88' lang='lat' dir='ltr'>iudicis.</span> <span class='ocrx_word' id='word_1_29' title='bbox 2718 537 3022 603; x_wconf 86' lang='lat' dir='ltr'>Schmalz.</span> <span class='ocrx_word' id='word_1_30' title='bbox 3058 540 3159 603; x_wconf 89' lang='grc'>22.</span> 
     </span>
    </p>

    <p class='ocr_par' dir='ltr' id='par_1_3' title="bbox 696 641 3165 930">
     <span class='ocr_line' id='line_1_4' title="bbox 790 641 3165 727; baseline -0.004 -12"><span class='ocrx_word' id='word_1_31' title='bbox 790 642 965 715; x_wconf 82' lang='grc'>278.</span> <span class='ocrx_word' id='word_1_32' title='bbox 1004 646 1280 710; x_wconf 91' lang='lat' dir='ltr'>Dubium</span> <span class='ocrx_word' id='word_1_33' title='bbox 1318 645 1577 711; x_wconf 89' lang='lat' dir='ltr'>tertium</span> <span class='ocrx_word' id='word_1_34' title='bbox 1614 645 1688 708; x_wconf 90' lang='lat' dir='ltr'>fit</span> <span class='ocrx_word' id='word_1_35' title='bbox 1721 663 1799 709; x_wconf 90' lang='lat' dir='ltr'>an</span> <span class='ocrx_word' id='word_1_36' title='bbox 1832 663 1939 727; x_wconf 87' lang='lat' dir='ltr'>per</span> <span class='ocrx_word' id='word_1_37' title='bbox 1975 641 2485 708; x_wconf 87' lang='lat' dir='ltr'>consuetudinem</span> <span class='ocrx_word' id='word_1_38' title='bbox 2523 641 2816 726; x_wconf 89' lang='lat' dir='ltr'>abrogari</span> <span class='ocrx_word' id='word_1_39' title='bbox 2848 642 3047 723; x_wconf 80' lang='lat' dir='ltr'>possit</span> <span class='ocrx_word' id='word_1_40' title='bbox 3066 641 3165 706; x_wconf 79' lang='lat' dir='ltr'>lex</span> 
     </span>
     <span class='ocr_line' id='line_1_5' title="bbox 700 743 3163 830; baseline -0.002 -17"><span class='ocrx_word' id='word_1_41' title='bbox 700 766 859 830; x_wconf 90' lang='lat' dir='ltr'>quae</span> <span class='ocrx_word' id='word_1_42' title='bbox 896 747 1272 812; x_wconf 87' lang='lat' dir='ltr'>contrariam</span> <span class='ocrx_word' id='word_1_43' title='bbox 1297 747 1804 813; x_wconf 90' lang='lat' dir='ltr'>consuetudinem</span> <span class='ocrx_word' id='word_1_44' title='bbox 1835 746 2140 829; x_wconf 85' lang='lat' dir='ltr'>prohibet,</span> <span class='ocrx_word' id='word_1_45' title='bbox 2179 744 2345 828; x_wconf 88' lang='lat' dir='ltr'>quod</span> <span class='ocrx_word' id='word_1_46' title='bbox 2375 745 2509 809; x_wconf 90' lang='lat' dir='ltr'>fieri</span> <span class='ocrx_word' id='word_1_47' title='bbox 2532 743 2692 810; x_wconf 90' lang='lat' dir='ltr'>solet</span> <span class='ocrx_word' id='word_1_48' title='bbox 2724 743 2965 808; x_wconf 88' lang='lat' dir='ltr'>adiecta</span> <span class='ocrx_word' id='word_1_49' title='bbox 2995 744 3163 808; x_wconf 89' lang='lat' dir='ltr'>clau-</span> 
     </span>
     <span class='ocr_line' id='line_1_6' title="bbox 696 848 2090 930; baseline -0.003 -15"><span class='ocrx_word' id='word_1_50' title='bbox 696 850 866 915; x_wconf 84' lang='lat' dir='ltr'>sula:</span> <span class='ocrx_word' id='word_1_51' title='bbox 903 869 1031 913; x_wconf 75' lang='lat' dir='ltr'>non</span> <span class='ocrx_word' id='word_1_52' title='bbox 1063 848 1347 913; x_wconf 75' lang='lat' dir='ltr'>obstante</span> <span class='ocrx_word' id='word_1_53' title='bbox 1377 851 1599 930; x_wconf 77' lang='lat' dir='ltr'>quavis</span> <span class='ocrx_word' id='word_1_54' title='bbox 1629 848 2090 914; x_wconf 72' lang='lat' dir='ltr'>consuetudine.</span> 
     </span>
    </p>

    <p class='ocr_par' dir='ltr' id='par_1_4' title="bbox 696 949 3161 1239">
     <span class='ocr_line' id='line_1_7' title="bbox 788 949 3161 1036; baseline -0.001 -20"><span class='ocrx_word' id='word_1_55' title='bbox 788 952 923 1033; x_wconf 83' lang='lat' dir='ltr'>Qua</span> <span class='ocrx_word' id='word_1_56' title='bbox 957 952 1030 1017; x_wconf 88' lang='lat' dir='ltr'>de</span> <span class='ocrx_word' id='word_1_57' title='bbox 1068 973 1133 1016; x_wconf 89' lang='lat' dir='ltr'>re</span> <span class='ocrx_word' id='word_1_58' title='bbox 1171 955 1410 1017; x_wconf 86' lang='lat' dir='ltr'>certum</span> <span class='ocrx_word' id='word_1_59' title='bbox 1434 955 1547 1029; x_wconf 87' lang='lat' dir='ltr'>est,</span> <span class='ocrx_word' id='word_1_60' title='bbox 1574 952 1749 1016; x_wconf 89' lang='lat' dir='ltr'>nulla</span> <span class='ocrx_word' id='word_1_61' title='bbox 1781 951 2224 1017; x_wconf 86' lang='lat' dir='ltr'>consuetudine</span> <span class='ocrx_word' id='word_1_62' title='bbox 2250 951 2539 1036; x_wconf 86' lang='lat' dir='ltr'>abrogari</span> <span class='ocrx_word' id='word_1_63' title='bbox 2568 950 2669 1015; x_wconf 86' lang='lat' dir='ltr'>vel</span> <span class='ocrx_word' id='word_1_64' title='bbox 2684 949 2972 1033; x_wconf 90' lang='lat' dir='ltr'>derogari</span> <span class='ocrx_word' id='word_1_65' title='bbox 2986 968 3161 1032; x_wconf 87' lang='lat' dir='ltr'>posse</span> 
     </span>
     <span class='ocr_line' id='line_1_8' title="bbox 696 1050 3161 1139; baseline -0.001 -21"><span class='ocrx_word' id='word_1_66' title='bbox 696 1055 823 1139; x_wconf 89' lang='lat' dir='ltr'>legi</span> <span class='ocrx_word' id='word_1_67' title='bbox 862 1055 1217 1137; x_wconf 76' lang='lat' dir='ltr'>reprobanti</span> <span class='ocrx_word' id='word_1_68' title='bbox 1257 1054 1533 1136; x_wconf 84' lang='lat' dir='ltr'>aliquam</span> <span class='ocrx_word' id='word_1_69' title='bbox 1569 1055 2079 1120; x_wconf 89' lang='lat' dir='ltr'>consuetudinem</span> <span class='ocrx_word' id='word_1_70' title='bbox 2102 1073 2215 1119; x_wconf 92' lang='lat' dir='ltr'>ceu</span> <span class='ocrx_word' id='word_1_71' title='bbox 2245 1053 2623 1118; x_wconf 88' lang='lat' dir='ltr'>contrariam</span> <span class='ocrx_word' id='word_1_72' title='bbox 2660 1051 2787 1116; x_wconf 90' lang='lat' dir='ltr'>iuri</span> <span class='ocrx_word' id='word_1_73' title='bbox 2809 1050 3018 1115; x_wconf 80' lang='lat' dir='ltr'>divino</span> <span class='ocrx_word' id='word_1_74' title='bbox 3052 1052 3161 1116; x_wconf 85' lang='lat' dir='ltr'>aut</span> 
     </span>
     <span class='ocr_line' id='line_1_9' title="bbox 696 1154 2834 1239; baseline -0.002 -18"><span class='ocrx_word' id='word_1_75' title='bbox 696 1156 995 1221; x_wconf 87' lang='lat' dir='ltr'>naturali.</span> <span class='ocrx_word' id='word_1_76' title='bbox 1031 1157 1242 1232; x_wconf 81' lang='lat' dir='ltr'>Ratio,</span> <span class='ocrx_word' id='word_1_77' title='bbox 1277 1156 1424 1239; x_wconf 90' lang='lat' dir='ltr'>quia</span> <span class='ocrx_word' id='word_1_78' title='bbox 1457 1158 1607 1222; x_wconf 92' lang='lat' dir='ltr'>haec</span> <span class='ocrx_word' id='word_1_79' title='bbox 1642 1157 2022 1222; x_wconf 89' lang='lat' dir='ltr'>consuetudo</span> <span class='ocrx_word' id='word_1_80' title='bbox 2061 1175 2184 1221; x_wconf 94' lang='lat' dir='ltr'>non</span> <span class='ocrx_word' id='word_1_81' title='bbox 2218 1159 2380 1221; x_wconf 89' lang='lat' dir='ltr'>esset</span> <span class='ocrx_word' id='word_1_82' title='bbox 2424 1154 2834 1220; x_wconf 82' lang='lat' dir='ltr'>rationabilis.</span> 
     </span>
    </p>

    <p class='ocr_par' dir='ltr' id='par_1_5' title="bbox 699 1255 3163 2268">
     <span class='ocr_line' id='line_1_10' title="bbox 789 1255 3160 1344; baseline -0.001 -20"><span class='ocrx_word' id='word_1_83' title='bbox 789 1260 1146 1325; x_wconf 88' lang='lat' dir='ltr'>Difficultas</span> <span class='ocrx_word' id='word_1_84' title='bbox 1178 1280 1308 1325; x_wconf 87' lang='lat' dir='ltr'>esse</span> <span class='ocrx_word' id='word_1_85' title='bbox 1340 1263 1545 1344; x_wconf 88' lang='lat' dir='ltr'>potest</span> <span class='ocrx_word' id='word_1_86' title='bbox 1577 1261 1783 1326; x_wconf 91' lang='lat' dir='ltr'>solum</span> <span class='ocrx_word' id='word_1_87' title='bbox 1814 1260 1887 1326; x_wconf 90' lang='lat' dir='ltr'>de</span> <span class='ocrx_word' id='word_1_88' title='bbox 1924 1261 2061 1344; x_wconf 90' lang='lat' dir='ltr'>lege</span> <span class='ocrx_word' id='word_1_89' title='bbox 2107 1261 2401 1325; x_wconf 89' lang='grc'><strong>1131113113.</strong></span> <span class='ocrx_word' id='word_1_90' title='bbox 2440 1260 2523 1324; x_wconf 85' lang='lat' dir='ltr'>Et</span> <span class='ocrx_word' id='word_1_91' title='bbox 2553 1259 2716 1323; x_wconf 88' lang='lat' dir='ltr'>ratio</span> <span class='ocrx_word' id='word_1_92' title='bbox 2749 1260 2864 1324; x_wconf 88' lang='lat' dir='ltr'>est.</span> <span class='ocrx_word' id='word_1_93' title='bbox 2900 1259 2970 1321; x_wconf 86' lang='lat'>1⁰</span> <span class='ocrx_word' id='word_1_94' title='bbox 3004 1255 3160 1337; x_wconf 81' lang='lat' dir='ltr'>Quia</span> 
     </span>
     <span class='ocr_line' id='line_1_11' title="bbox 699 1359 3160 1446; baseline -0.001 -20"><span class='ocrx_word' id='word_1_95' title='bbox 699 1363 810 1444; x_wconf 89' lang='lat' dir='ltr'>qui</span> <span class='ocrx_word' id='word_1_96' title='bbox 854 1362 1361 1427; x_wconf 76' lang='lat' dir='ltr'>consuetudinem</span> <span class='ocrx_word' id='word_1_97' title='bbox 1408 1363 1694 1446; x_wconf 90' lang='lat' dir='ltr'>prohibet</span> <span class='ocrx_word' id='word_1_98' title='bbox 1738 1363 2038 1440; x_wconf 77' lang='lat' dir='ltr'>futuram,</span> <span class='ocrx_word' id='word_1_99' title='bbox 2071 1363 2358 1446; x_wconf 78' lang='lat' dir='ltr'>prohibet</span> <span class='ocrx_word' id='word_1_100' title='bbox 2387 1362 2557 1427; x_wconf 89' lang='lat' dir='ltr'>illius</span> <span class='ocrx_word' id='word_1_101' title='bbox 2594 1360 2967 1436; x_wconf 88' lang='lat' dir='ltr'>efficaciam;</span> <span class='ocrx_word' id='word_1_102' title='bbox 3008 1359 3160 1424; x_wconf 86' lang='lat' dir='ltr'>alias</span> 
     </span>
     <span class='ocr_line' id='line_1_12' title="bbox 699 1461 3158 1549; baseline -0.002 -20"><span class='ocrx_word' id='word_1_103' title='bbox 699 1463 1037 1548; x_wconf 89' lang='lat' dir='ltr'>prohibitio</span> <span class='ocrx_word' id='word_1_104' title='bbox 1076 1464 1237 1529; x_wconf 85' lang='lat' dir='ltr'>foret</span> <span class='ocrx_word' id='word_1_105' title='bbox 1268 1465 1397 1530; x_wconf 90' lang='lat' dir='ltr'>sine</span> <span class='ocrx_word' id='word_1_106' title='bbox 1430 1465 1682 1530; x_wconf 89' lang='lat' dir='ltr'>effectu:</span> <span class='ocrx_word' id='word_1_107' title='bbox 1718 1466 1823 1530; x_wconf 88' lang='lat' dir='ltr'>sed</span> <span class='ocrx_word' id='word_1_108' title='bbox 1870 1466 1923 1530; x_wconf 91' lang='lat' dir='ltr'>si</span> <span class='ocrx_word' id='word_1_109' title='bbox 1967 1466 2332 1549; x_wconf 87' lang='lat' dir='ltr'>prohibetur</span> <span class='ocrx_word' id='word_1_110' title='bbox 2375 1463 2649 1529; x_wconf 86' lang='lat' dir='ltr'>efficacia</span> <span class='ocrx_word' id='word_1_111' title='bbox 2680 1461 3158 1538; x_wconf 83' lang='lat' dir='ltr'>consuetudiniS,</span> 
     </span>
     <span class='ocr_line' id='line_1_13' title="bbox 699 1564 3163 1651; baseline -0.001 -21"><span class='ocrx_word' id='word_1_112' title='bbox 699 1566 851 1630; x_wconf 89' lang='grc'><strong>11333</strong></span> <span class='ocrx_word' id='word_1_113' title='bbox 888 1569 1105 1631; x_wconf 87' lang='grc'><strong>3011113</strong></span> <span class='ocrx_word' id='word_1_114' title='bbox 1141 1568 1343 1651; x_wconf 90' lang='lat' dir='ltr'>legem</span> <span class='ocrx_word' id='word_1_115' title='bbox 1390 1567 1740 1650; x_wconf 86' lang='lat' dir='ltr'>praevalere</span> <span class='ocrx_word' id='word_1_116' title='bbox 1787 1587 1911 1632; x_wconf 92' lang='lat' dir='ltr'>non</span> <span class='ocrx_word' id='word_1_117' title='bbox 1949 1569 2198 1651; x_wconf 90' lang='lat' dir='ltr'>poterit.</span> <span class='ocrx_word' id='word_1_118' title='bbox 2257 1569 2325 1630; x_wconf 86' lang='lat'>20</span> <span class='ocrx_word' id='word_1_119' title='bbox 2364 1565 2760 1631; x_wconf 83' lang='lat' dir='ltr'>Consuetudo</span> <span class='ocrx_word' id='word_1_120' title='bbox 2816 1565 2946 1630; x_wconf 87' lang='lat' dir='ltr'>vim</span> <span class='ocrx_word' id='word_1_121' title='bbox 2993 1564 3163 1629; x_wconf 89' lang='lat' dir='ltr'>abro-</span> 
     </span>
     <span class='ocr_line' id='line_1_14' title="bbox 699 1666 3161 1754; baseline -0.001 -22"><span class='ocrx_word' id='word_1_122' title='bbox 699 1669 891 1753; x_wconf 84' lang='lat' dir='ltr'>gandi</span> <span class='ocrx_word' id='word_1_123' title='bbox 936 1670 1139 1754; x_wconf 92' lang='lat' dir='ltr'>legem</span> <span class='ocrx_word' id='word_1_124' title='bbox 1183 1670 1372 1735; x_wconf 89' lang='lat' dir='ltr'>habet</span> <span class='ocrx_word' id='word_1_125' title='bbox 1418 1671 1621 1734; x_wconf 88' lang='lat' dir='ltr'>solum</span> <span class='ocrx_word' id='word_1_126' title='bbox 1668 1690 1740 1735; x_wconf 85' lang='lat' dir='ltr'>ex</span> <span class='ocrx_word' id='word_1_127' title='bbox 1771 1690 2068 1736; x_wconf 88' lang='lat' dir='ltr'>consensu</span> <span class='ocrx_word' id='word_1_128' title='bbox 2102 1672 2165 1735; x_wconf 90' lang='grc'>31</span> <span class='ocrx_word' id='word_1_129' title='bbox 2196 1670 2522 1735; x_wconf 88' lang='lat' dir='ltr'>voluntate</span> <span class='ocrx_word' id='word_1_130' title='bbox 2552 1668 2961 1754; x_wconf 84' lang='lat' dir='ltr'>legislatoris:</span> <span class='ocrx_word' id='word_1_131' title='bbox 2988 1666 3161 1749; x_wconf 89' lang='lat' dir='ltr'>atqui</span> 
     </span>
     <span class='ocr_line' id='line_1_15' title="bbox 699 1758 3160 1856; baseline -0.002 -21"><span class='ocrx_word' id='word_1_132' title='bbox 699 1771 764 1835; x_wconf 89' lang='lat' dir='ltr'>in</span> <span class='ocrx_word' id='word_1_133' title='bbox 810 1791 960 1835; x_wconf 90' lang='lat' dir='ltr'>casu</span> <span class='ocrx_word' id='word_1_134' title='bbox 1003 1771 1347 1856; x_wconf 88' lang='lat' dir='ltr'>legislator,</span> <span class='ocrx_word' id='word_1_135' title='bbox 1410 1773 1737 1855; x_wconf 89' lang='lat' dir='ltr'>prohibens</span> <span class='ocrx_word' id='word_1_136' title='bbox 1793 1772 2319 1850; x_wconf 85' lang='lat' dir='ltr'>consuetudinem,</span> <span class='ocrx_word' id='word_1_137' title='bbox 2375 1773 2503 1836; x_wconf 91' lang='lat' dir='ltr'>iam</span> <span class='ocrx_word' id='word_1_138' title='bbox 2558 1771 2712 1836; x_wconf 87' lang='lat' dir='ltr'>satis</span> <span class='ocrx_word' id='word_1_139' title='bbox 2761 1758 3050 1844; x_wconf 79' lang='lat' dir='ltr'>Ostendit,</span> <span class='ocrx_word' id='word_1_140' title='bbox 3098 1786 3160 1831; x_wconf 91' lang='lat' dir='ltr'>se</span> 
     </span>
     <span class='ocr_line' id='line_1_16' title="bbox 700 1873 3162 1959; baseline -0 -23"><span class='ocrx_word' id='word_1_141' title='bbox 700 1874 885 1951; x_wconf 89' lang='lat' dir='ltr'>nolle,</span> <span class='ocrx_word' id='word_1_142' title='bbox 919 1873 1425 1938; x_wconf 82' lang='lat' dir='ltr'>consuetudinem</span> <span class='ocrx_word' id='word_1_143' title='bbox 1471 1875 1597 1959; x_wconf 91' lang='lat' dir='ltr'>legi</span> <span class='ocrx_word' id='word_1_144' title='bbox 1642 1876 2014 1958; x_wconf 88' lang='lat' dir='ltr'>praevalere.</span> <span class='ocrx_word' id='word_1_145' title='bbox 2057 1875 2127 1940; x_wconf 86' lang='lat'>3⁰</span> <span class='ocrx_word' id='word_1_146' title='bbox 2151 1874 2217 1940; x_wconf 89' lang='lat' dir='ltr'>Si</span> <span class='ocrx_word' id='word_1_147' title='bbox 2247 1876 2345 1941; x_wconf 82' lang='lat' dir='ltr'>lex</span> <span class='ocrx_word' id='word_1_148' title='bbox 2392 1874 2603 1957; x_wconf 87' lang='lat' dir='ltr'>aliqua</span> <span class='ocrx_word' id='word_1_149' title='bbox 2640 1873 2966 1956; x_wconf 89' lang='lat' dir='ltr'>prohibeat</span> <span class='ocrx_word' id='word_1_150' title='bbox 2996 1889 3162 1954; x_wconf 90' lang='lat' dir='ltr'>prae-</span> 
     </span>
     <span class='ocr_line' id='line_1_17' title="bbox 701 1974 3159 2062; baseline -0 -22"><span class='ocrx_word' id='word_1_151' title='bbox 701 1975 1099 2057; x_wconf 84' lang='lat' dir='ltr'>scriptionem</span> <span class='ocrx_word' id='word_1_152' title='bbox 1150 1976 1412 2041; x_wconf 88' lang='lat' dir='ltr'>alicuius</span> <span class='ocrx_word' id='word_1_153' title='bbox 1449 1977 1539 2041; x_wconf 89' lang='lat' dir='ltr'>rei</span> <span class='ocrx_word' id='word_1_154' title='bbox 1585 1978 1684 2042; x_wconf 89' lang='lat' dir='ltr'>vel</span> <span class='ocrx_word' id='word_1_155' title='bbox 1731 1979 1957 2044; x_wconf 88' lang='lat' dir='ltr'>saltem</span> <span class='ocrx_word' id='word_1_156' title='bbox 2017 1979 2563 2061; x_wconf 86' lang='lat' dir='ltr'>praescriptionem</span> <span class='ocrx_word' id='word_1_157' title='bbox 2624 1979 2766 2041; x_wconf 87' lang='lat' dir='ltr'>ante</span> <span class='ocrx_word' id='word_1_158' title='bbox 2795 1974 2920 2062; x_wconf 57' lang='lat'>240.</span> <span class='ocrx_word' id='word_1_159' title='bbox 2971 1993 3159 2039; x_wconf 87' lang='lat' dir='ltr'>annos</span> 
     </span>
     <span class='ocr_line' id='line_1_18' title="bbox 699 2077 3157 2164; baseline 0 -23"><span class='ocrx_word' id='word_1_160' title='bbox 699 2077 881 2155; x_wconf 81' lang='lat' dir='ltr'>nolit,</span> <span class='ocrx_word' id='word_1_161' title='bbox 919 2077 1066 2142; x_wconf 88' lang='lat' dir='ltr'>talis</span> <span class='ocrx_word' id='word_1_162' title='bbox 1104 2098 1200 2143; x_wconf 89' lang='lat' dir='ltr'>res</span> <span class='ocrx_word' id='word_1_163' title='bbox 1240 2082 1352 2144; x_wconf 91' lang='lat' dir='ltr'>aut</span> <span class='ocrx_word' id='word_1_164' title='bbox 1412 2099 1533 2145; x_wconf 91' lang='lat' dir='ltr'>non</span> <span class='ocrx_word' id='word_1_165' title='bbox 1571 2082 2014 2164; x_wconf 89' lang='lat' dir='ltr'>praescribitur</span> <span class='ocrx_word' id='word_1_166' title='bbox 2060 2083 2173 2146; x_wconf 89' lang='lat' dir='ltr'>aut</span> <span class='ocrx_word' id='word_1_167' title='bbox 2226 2084 2390 2146; x_wconf 88' lang='lat' dir='ltr'>certe</span> <span class='ocrx_word' id='word_1_168' title='bbox 2421 2100 2544 2146; x_wconf 93' lang='lat' dir='ltr'>non</span> <span class='ocrx_word' id='word_1_169' title='bbox 2593 2083 2737 2145; x_wconf 89' lang='lat' dir='ltr'>ante</span> <span class='ocrx_word' id='word_1_170' title='bbox 2790 2081 2898 2143; x_wconf 87' lang='lat'>40.</span> <span class='ocrx_word' id='word_1_171' title='bbox 2946 2096 3157 2156; x_wconf 87' lang='grc'><strong>3111103,</strong></span> 
     </span>
     <span class='ocr_line' id='line_1_19' title="bbox 701 2180 2427 2268; baseline 0 -22"><span class='ocrx_word' id='word_1_172' title='bbox 701 2180 818 2246; x_wconf 86' lang='grc'><strong>3131</strong></span> <span class='ocrx_word' id='word_1_173' title='bbox 848 2180 1222 2246; x_wconf 87' lang='lat' dir='ltr'>interveniat</span> <span class='ocrx_word' id='word_1_174' title='bbox 1259 2182 1485 2247; x_wconf 89' lang='lat' dir='ltr'>titulus</span> <span class='ocrx_word' id='word_1_175' title='bbox 1516 2185 1579 2247; x_wconf 91' lang='lat' dir='ltr'>et</span> <span class='ocrx_word' id='word_1_176' title='bbox 1609 2184 1772 2248; x_wconf 89' lang='lat' dir='ltr'>bona</span> <span class='ocrx_word' id='word_1_177' title='bbox 1801 2183 1972 2249; x_wconf 90' lang='lat' dir='ltr'>fides.</span> <span class='ocrx_word' id='word_1_178' title='bbox 2003 2184 2170 2268; x_wconf 87' lang='lat' dir='ltr'>Ergo</span> <span class='ocrx_word' id='word_1_179' title='bbox 2204 2204 2241 2248; x_wconf 90' lang='lat' dir='ltr'>a</span> <span class='ocrx_word' id='word_1_180' title='bbox 2271 2185 2427 2267; x_wconf 90' lang='lat' dir='ltr'>pari.</span> 
     </span>
    </p>

    <p class='ocr_par' dir='ltr' id='par_1_6' title="bbox 698 2282 3161 3376">
     <span class='ocr_line' id='line_1_20' title="bbox 790 2282 3160 2369; baseline 0.001 -24"><span class='ocrx_word' id='word_1_181' title='bbox 790 2282 1024 2348; x_wconf 90' lang='lat' dir='ltr'>Verum</span> <span class='ocrx_word' id='word_1_182' title='bbox 1055 2284 1206 2349; x_wconf 89' lang='lat' dir='ltr'>haec</span> <span class='ocrx_word' id='word_1_183' title='bbox 1236 2285 1572 2350; x_wconf 82' lang='lat' dir='ltr'>difficultas</span> <span class='ocrx_word' id='word_1_184' title='bbox 1605 2286 1874 2351; x_wconf 85' lang='lat' dir='ltr'>solvitur</span> <span class='ocrx_word' id='word_1_185' title='bbox 1896 2286 2076 2350; x_wconf 84' lang='lat' dir='ltr'>facile</span> <span class='ocrx_word' id='word_1_186' title='bbox 2101 2305 2214 2369; x_wconf 92' lang='lat' dir='ltr'>ope</span> <span class='ocrx_word' id='word_1_187' title='bbox 2237 2284 2673 2363; x_wconf 82' lang='lat' dir='ltr'>distinctionis,</span> <span class='ocrx_word' id='word_1_188' title='bbox 2693 2301 2882 2367; x_wconf 86' lang='lat' dir='ltr'>quam</span> <span class='ocrx_word' id='word_1_189' title='bbox 2914 2283 3160 2348; x_wconf 87' lang='lat' dir='ltr'>adhibet</span> 
     </span>
     <span class='ocr_line' id='line_1_21' title="bbox 700 2384 3161 2473; baseline 0 -24"><span class='ocrx_word' id='word_1_190' title='bbox 700 2384 932 2451; x_wconf 87' lang='lat' dir='ltr'>Palaus</span> <span class='ocrx_word' id='word_1_191' title='bbox 964 2386 1005 2449; x_wconf 91' lang='lat' dir='ltr'>l.</span> <span class='ocrx_word' id='word_1_192' title='bbox 1040 2407 1091 2451; x_wconf 89' lang='lat' dir='ltr'>c.</span> <span class='ocrx_word' id='word_1_193' title='bbox 1126 2409 1184 2471; x_wconf 93' lang='lat' dir='ltr'>p.</span> <span class='ocrx_word' id='word_1_194' title='bbox 1220 2390 1281 2452; x_wconf 87' lang='grc'>4.</span> <span class='ocrx_word' id='word_1_195' title='bbox 1319 2389 1376 2472; x_wconf 66' lang='grc' dir='ltr'>ἓ.</span> <span class='ocrx_word' id='word_1_196' title='bbox 1412 2391 1472 2453; x_wconf 88' lang='grc'>2.</span> <span class='ocrx_word' id='word_1_197' title='bbox 1506 2410 1564 2453; x_wconf 91' lang='grc'>11.</span> <span class='ocrx_word' id='word_1_198' title='bbox 1599 2390 1699 2454; x_wconf 90' lang='grc'>10.</span> <span class='ocrx_word' id='word_1_199' title='bbox 1735 2389 1931 2454; x_wconf 86' lang='grc'><strong>313111</strong></span> <span class='ocrx_word' id='word_1_200' title='bbox 1963 2389 2041 2453; x_wconf 88' lang='lat' dir='ltr'>ab</span> <span class='ocrx_word' id='word_1_201' title='bbox 2073 2407 2144 2453; x_wconf 92' lang='lat' dir='ltr'>eo</span> <span class='ocrx_word' id='word_1_202' title='bbox 2178 2388 2455 2473; x_wconf 89' lang='lat' dir='ltr'>allegati.</span> <span class='ocrx_word' id='word_1_203' title='bbox 2479 2386 2645 2452; x_wconf 83' lang='lat' dir='ltr'>Nam</span> <span class='ocrx_word' id='word_1_204' title='bbox 2676 2387 2772 2451; x_wconf 85' lang='lat' dir='ltr'>vel</span> <span class='ocrx_word' id='word_1_205' title='bbox 2806 2385 3007 2452; x_wconf 88' lang='lat' dir='ltr'>adhuc</span> <span class='ocrx_word' id='word_1_206' title='bbox 3038 2403 3161 2449; x_wconf 88' lang='lat' dir='ltr'>ma-</span> 
     </span>
     <span class='ocr_line' id='line_1_22' title="bbox 699 2489 3160 2575; baseline 0 -23"><span class='ocrx_word' id='word_1_207' title='bbox 699 2492 849 2553; x_wconf 91' lang='lat' dir='ltr'>nent</span> <span class='ocrx_word' id='word_1_208' title='bbox 885 2489 1408 2566; x_wconf 87' lang='lat' dir='ltr'>circumstantiae,</span> <span class='ocrx_word' id='word_1_209' title='bbox 1445 2493 1695 2573; x_wconf 90' lang='lat' dir='ltr'>propter</span> <span class='ocrx_word' id='word_1_210' title='bbox 1725 2510 1881 2573; x_wconf 88' lang='lat' dir='ltr'>quas</span> <span class='ocrx_word' id='word_1_211' title='bbox 1912 2490 2293 2556; x_wconf 88' lang='lat' dir='ltr'>consuetudo</span> <span class='ocrx_word' id='word_1_212' title='bbox 2327 2490 2585 2555; x_wconf 84' lang='lat' dir='ltr'>adversa</span> <span class='ocrx_word' id='word_1_213' title='bbox 2627 2489 2752 2575; x_wconf 88' lang='lat' dir='ltr'>legi</span> <span class='ocrx_word' id='word_1_214' title='bbox 2799 2489 3160 2571; x_wconf 89' lang='lat' dir='ltr'>reprobatur</span> 
     </span>
     <span class='ocr_line' id='line_1_23' title="bbox 700 2590 3157 2677; baseline -0.001 -21"><span class='ocrx_word' id='word_1_215' title='bbox 700 2611 808 2674; x_wconf 91' lang='lat' dir='ltr'>per</span> <span class='ocrx_word' id='word_1_216' title='bbox 838 2592 1060 2677; x_wconf 84' lang='lat' dir='ltr'>legem,</span> <span class='ocrx_word' id='word_1_217' title='bbox 1102 2593 1200 2658; x_wconf 88' lang='lat' dir='ltr'>vel</span> <span class='ocrx_word' id='word_1_218' title='bbox 1232 2593 1735 2658; x_wconf 88' lang='lat' dir='ltr'>circumstantiae</span> <span class='ocrx_word' id='word_1_219' title='bbox 1782 2594 1927 2658; x_wconf 91' lang='lat' dir='ltr'>illae</span> <span class='ocrx_word' id='word_1_220' title='bbox 1974 2596 2313 2659; x_wconf 88' lang='lat' dir='ltr'>cessarunt.</span> <span class='ocrx_word' id='word_1_221' title='bbox 2354 2591 2422 2658; x_wconf 86' lang='lat' dir='ltr'>Si</span> <span class='ocrx_word' id='word_1_222' title='bbox 2445 2594 2748 2673; x_wconf 72' lang='lat' dir='ltr'>pm‘mum,</span> <span class='ocrx_word' id='word_1_223' title='bbox 2781 2590 3157 2658; x_wconf 85' lang='lat' dir='ltr'>consuetudo</span> 
     </span>
     <span class='ocr_line' id='line_1_24' title="bbox 702 2693 3161 2779; baseline 0 -21"><span class='ocrx_word' id='word_1_224' title='bbox 702 2694 996 2758; x_wconf 88' lang='lat' dir='ltr'>adversus</span> <span class='ocrx_word' id='word_1_225' title='bbox 1043 2695 1244 2779; x_wconf 89' lang='lat' dir='ltr'>legem</span> <span class='ocrx_word' id='word_1_226' title='bbox 1282 2697 1634 2779; x_wconf 87' lang='lat' dir='ltr'>praevalere</span> <span class='ocrx_word' id='word_1_227' title='bbox 1669 2714 1794 2760; x_wconf 91' lang='lat' dir='ltr'>non</span> <span class='ocrx_word' id='word_1_228' title='bbox 1825 2699 2066 2779; x_wconf 78' lang='lat' dir='ltr'>potest3</span> <span class='ocrx_word' id='word_1_229' title='bbox 2101 2696 2248 2778; x_wconf 88' lang='lat' dir='ltr'>quia</span> <span class='ocrx_word' id='word_1_230' title='bbox 2281 2695 2558 2779; x_wconf 87' lang='lat' dir='ltr'>quandiu</span> <span class='ocrx_word' id='word_1_231' title='bbox 2587 2697 2841 2760; x_wconf 85' lang='lat' dir='ltr'>manent</span> <span class='ocrx_word' id='word_1_232' title='bbox 2876 2694 3024 2760; x_wconf 89' lang='lat' dir='ltr'>illae</span> <span class='ocrx_word' id='word_1_233' title='bbox 3053 2693 3161 2758; x_wconf 89' lang='lat' dir='ltr'>cir-</span> 
     </span>
     <span class='ocr_line' id='line_1_25' title="bbox 701 2796 3158 2881; baseline -0 -22"><span class='ocrx_word' id='word_1_234' title='bbox 701 2796 1136 2873; x_wconf 82' lang='lat' dir='ltr'>cumstantiae,</span> <span class='ocrx_word' id='word_1_235' title='bbox 1177 2796 1273 2862; x_wconf 86' lang='lat' dir='ltr'>lex</span> <span class='ocrx_word' id='word_1_236' title='bbox 1320 2799 1384 2862; x_wconf 88' lang='lat' dir='ltr'>et</span> <span class='ocrx_word' id='word_1_237' title='bbox 1429 2800 1524 2862; x_wconf 92' lang='lat' dir='ltr'>est</span> <span class='ocrx_word' id='word_1_238' title='bbox 1555 2800 1617 2862; x_wconf 91' lang='lat' dir='ltr'>et</span> <span class='ocrx_word' id='word_1_239' title='bbox 1654 2801 2006 2881; x_wconf 87' lang='lat' dir='ltr'>perseverat</span> <span class='ocrx_word' id='word_1_240' title='bbox 2037 2818 2166 2863; x_wconf 89' lang='lat' dir='ltr'>esse</span> <span class='ocrx_word' id='word_1_241' title='bbox 2197 2797 2589 2863; x_wconf 88' lang='lat' dir='ltr'>rationabilis</span> <span class='ocrx_word' id='word_1_242' title='bbox 2621 2800 2685 2863; x_wconf 90' lang='lat' dir='ltr'>et</span> <span class='ocrx_word' id='word_1_243' title='bbox 2721 2798 3158 2879; x_wconf 89' lang='lat' dir='ltr'>consequenter</span> 
     </span>
     <span class='ocr_line' id='line_1_26' title="bbox 699 2888 3157 2984; baseline 0 -22"><span class='ocrx_word' id='word_1_244' title='bbox 699 2898 1148 2963; x_wconf 87' lang='lat' dir='ltr'>irrationabilis</span> <span class='ocrx_word' id='word_1_245' title='bbox 1195 2901 1291 2964; x_wconf 90' lang='lat' dir='ltr'>est</span> <span class='ocrx_word' id='word_1_246' title='bbox 1337 2888 1648 2965; x_wconf 79' lang='lat' dir='ltr'>contraria</span> <span class='ocrx_word' id='word_1_247' title='bbox 1694 2901 2095 2966; x_wconf 85' lang='lat' dir='ltr'>consuetudo.</span> <span class='ocrx_word' id='word_1_248' title='bbox 2146 2898 2211 2965; x_wconf 88' lang='lat' dir='ltr'>Si</span> <span class='ocrx_word' id='word_1_249' title='bbox 2256 2898 2612 2977; x_wconf 79' lang='lat' dir='ltr'>secund-mn,</span> <span class='ocrx_word' id='word_1_250' title='bbox 2663 2900 3016 2984; x_wconf 83' lang='lat' dir='ltr'>praevalere</span> <span class='ocrx_word' id='word_1_251' title='bbox 3062 2897 3157 2963; x_wconf 88' lang='grc'><strong>3(1-</strong></span> 
     </span>
     <span class='ocr_line' id='line_1_27' title="bbox 700 3001 3158 3087; baseline -0.002 -19"><span class='ocrx_word' id='word_1_252' title='bbox 700 3019 915 3068; x_wconf 80' lang='lat' dir='ltr'>versus</span> <span class='ocrx_word' id='word_1_253' title='bbox 961 3001 1264 3067; x_wconf 87' lang='lat' dir='ltr'>eiusmodi</span> <span class='ocrx_word' id='word_1_254' title='bbox 1309 3002 1511 3087; x_wconf 91' lang='lat' dir='ltr'>legem</span> <span class='ocrx_word' id='word_1_255' title='bbox 1558 3003 1938 3068; x_wconf 88' lang='lat' dir='ltr'>consuetudo</span> <span class='ocrx_word' id='word_1_256' title='bbox 1984 3005 2224 3085; x_wconf 85' lang='lat' dir='ltr'>potest3</span> <span class='ocrx_word' id='word_1_257' title='bbox 2274 3003 2422 3085; x_wconf 88' lang='lat' dir='ltr'>quia</span> <span class='ocrx_word' id='word_1_258' title='bbox 2451 3003 2516 3067; x_wconf 92' lang='lat' dir='ltr'>in</span> <span class='ocrx_word' id='word_1_259' title='bbox 2562 3003 2680 3068; x_wconf 84' lang='lat' dir='ltr'>tali</span> <span class='ocrx_word' id='word_1_260' title='bbox 2709 3020 2859 3067; x_wconf 87' lang='lat' dir='ltr'>casu</span> <span class='ocrx_word' id='word_1_261' title='bbox 2894 3003 3158 3068; x_wconf 88' lang='lat' dir='ltr'>rationa-</span> 
     </span>
     <span class='ocr_line' id='line_1_28' title="bbox 700 3104 3158 3190; baseline 0 -22"><span class='ocrx_word' id='word_1_262' title='bbox 700 3104 908 3169; x_wconf 88' lang='lat' dir='ltr'>biliter</span> <span class='ocrx_word' id='word_1_263' title='bbox 936 3104 1260 3189; x_wconf 89' lang='lat' dir='ltr'>legislator</span> <span class='ocrx_word' id='word_1_264' title='bbox 1292 3124 1472 3170; x_wconf 91' lang='lat' dir='ltr'>suam</span> <span class='ocrx_word' id='word_1_265' title='bbox 1506 3105 1710 3190; x_wconf 90' lang='lat' dir='ltr'>legem</span> <span class='ocrx_word' id='word_1_266' title='bbox 1741 3106 1871 3189; x_wconf 88' lang='lat' dir='ltr'>ipse</span> <span class='ocrx_word' id='word_1_267' title='bbox 1903 3106 2203 3190; x_wconf 88' lang='lat' dir='ltr'>abrogare</span> <span class='ocrx_word' id='word_1_268' title='bbox 2226 3107 2461 3189; x_wconf 84' lang='lat' dir='ltr'>potest:</span> <span class='ocrx_word' id='word_1_269' title='bbox 2502 3125 2649 3190; x_wconf 89' lang='lat' dir='ltr'>ergo</span> <span class='ocrx_word' id='word_1_270' title='bbox 2687 3104 2880 3170; x_wconf 91' lang='lat' dir='ltr'>etiam</span> <span class='ocrx_word' id='word_1_271' title='bbox 2917 3123 3158 3170; x_wconf 88' lang='lat' dir='ltr'>consen-</span> 
     </span>
     <span class='ocr_line' id='line_1_29' title="bbox 699 3205 3155 3292; baseline -0.002 -20"><span class='ocrx_word' id='word_1_272' title='bbox 699 3207 837 3284; x_wconf 84' lang='lat' dir='ltr'>tire,</span> <span class='ocrx_word' id='word_1_273' title='bbox 874 3210 947 3271; x_wconf 92' lang='lat' dir='ltr'>ut</span> <span class='ocrx_word' id='word_1_274' title='bbox 992 3226 1100 3289; x_wconf 91' lang='lat' dir='ltr'>per</span> <span class='ocrx_word' id='word_1_275' title='bbox 1131 3206 1639 3272; x_wconf 89' lang='lat' dir='ltr'>consuetudinem</span> <span class='ocrx_word' id='word_1_276' title='bbox 1687 3208 2041 3292; x_wconf 86' lang='lat' dir='ltr'>abrogetur.</span> <span class='ocrx_word' id='word_1_277' title='bbox 2097 3207 2180 3272; x_wconf 87' lang='lat' dir='ltr'>Et</span> <span class='ocrx_word' id='word_1_278' title='bbox 2233 3225 2303 3271; x_wconf 85' lang='lat' dir='ltr'>ex</span> <span class='ocrx_word' id='word_1_279' title='bbox 2363 3208 2460 3272; x_wconf 89' lang='lat' dir='ltr'>his</span> <span class='ocrx_word' id='word_1_280' title='bbox 2515 3209 2690 3290; x_wconf 87' lang='lat' dir='ltr'>patet</span> <span class='ocrx_word' id='word_1_281' title='bbox 2719 3207 3036 3289; x_wconf 89' lang='lat' dir='ltr'>responsio</span> <span class='ocrx_word' id='word_1_282' title='bbox 3081 3205 3155 3269; x_wconf 89' lang='lat' dir='ltr'>ad</span> 
     </span>
     <span class='ocr_line' id='line_1_30' title="bbox 698 3308 1996 3376; baseline 0 -2"><span class='ocrx_word' id='word_1_283' title='bbox 698 3311 973 3376; x_wconf 89' lang='lat' dir='ltr'>rationes</span> <span class='ocrx_word' id='word_1_284' title='bbox 1005 3309 1416 3376; x_wconf 88' lang='lat' dir='ltr'>difficultatis.</span> <span class='ocrx_word' id='word_1_285' title='bbox 1458 3308 1759 3375; x_wconf 88' lang='lat' dir='ltr'>Schmalz.</span> <span class='ocrx_word' id='word_1_286' title='bbox 1795 3331 1854 3374; x_wconf 91' lang='lat' dir='ltr'>n.</span> <span class='ocrx_word' id='word_1_287' title='bbox 1891 3311 1996 3375; x_wconf 86' lang='lat'>23.</span> 
     </span>
    </p>

    <p class='ocr_par' dir='ltr' id='par_1_7' title="bbox 696 3409 3156 3784">
     <span class='ocr_line' id='line_1_31' title="bbox 787 3409 3155 3497; baseline -0.004 -14"><span class='ocrx_word' id='word_1_288' title='bbox 787 3409 963 3482; x_wconf 75' lang='lat'>279.</span> <span class='ocrx_word' id='word_1_289' title='bbox 999 3411 1306 3492; x_wconf 85' lang='lat' dir='ltr'>Quartum</span> <span class='ocrx_word' id='word_1_290' title='bbox 1352 3415 1448 3477; x_wconf 88' lang='lat' dir='ltr'>est</span> <span class='ocrx_word' id='word_1_291' title='bbox 1491 3412 1770 3491; x_wconf 85' lang='lat' dir='ltr'>dubium,</span> <span class='ocrx_word' id='word_1_292' title='bbox 1821 3432 1898 3477; x_wconf 91' lang='lat' dir='ltr'>an</span> <span class='ocrx_word' id='word_1_293' title='bbox 1945 3412 2325 3479; x_wconf 89' lang='lat' dir='ltr'>consuetudo</span> <span class='ocrx_word' id='word_1_294' title='bbox 2381 3412 2682 3497; x_wconf 86' lang='lat' dir='ltr'>abrogare</span> <span class='ocrx_word' id='word_1_295' title='bbox 2724 3412 2925 3496; x_wconf 87' lang='lat' dir='ltr'>possit</span> <span class='ocrx_word' id='word_1_296' title='bbox 2970 3412 3155 3476; x_wconf 85' lang='lat' dir='ltr'>etiam</span> 
     </span>
     <span class='ocr_line' id='line_1_32' title="bbox 696 3514 3152 3599; baseline -0.001 -19"><span class='ocrx_word' id='word_1_297' title='bbox 696 3516 899 3599; x_wconf 90' lang='lat' dir='ltr'>legem</span> <span class='ocrx_word' id='word_1_298' title='bbox 946 3514 1320 3591; x_wconf 82' lang='lat' dir='ltr'>irritantem,</span> <span class='ocrx_word' id='word_1_299' title='bbox 1354 3535 1413 3578; x_wconf 83' lang='lat' dir='ltr'>v.</span> <span class='ocrx_word' id='word_1_300' title='bbox 1448 3536 1542 3599; x_wconf 90' lang='lat' dir='ltr'>gr.</span> <span class='ocrx_word' id='word_1_301' title='bbox 1576 3535 1734 3597; x_wconf 87' lang='lat' dir='ltr'>quae</span> <span class='ocrx_word' id='word_1_302' title='bbox 1766 3515 2128 3598; x_wconf 87' lang='lat' dir='ltr'>praescribit</span> <span class='ocrx_word' id='word_1_303' title='bbox 2174 3516 2439 3580; x_wconf 84' lang='lat' dir='ltr'>formam</span> <span class='ocrx_word' id='word_1_304' title='bbox 2472 3514 2950 3581; x_wconf 88' lang='lat' dir='ltr'>substantialem</span> <span class='ocrx_word' id='word_1_305' title='bbox 2983 3516 3152 3579; x_wconf 90' lang='lat' dir='ltr'>actus</span> 
     </span>
     <span class='ocr_line' id='line_1_33' title="bbox 700 3615 3156 3702; baseline 0 -23"><span class='ocrx_word' id='word_1_306' title='bbox 700 3616 795 3680; x_wconf 86' lang='lat' dir='ltr'>vel</span> <span class='ocrx_word' id='word_1_307' title='bbox 852 3619 1053 3681; x_wconf 88' lang='lat' dir='ltr'>certas</span> <span class='ocrx_word' id='word_1_308' title='bbox 1109 3635 1399 3701; x_wconf 87' lang='lat' dir='ltr'>personas</span> <span class='ocrx_word' id='word_1_309' title='bbox 1456 3617 1535 3682; x_wconf 89' lang='lat' dir='ltr'>ad</span> <span class='ocrx_word' id='word_1_310' title='bbox 1591 3616 2079 3684; x_wconf 88' lang='lat' dir='ltr'>contrahendum</span> <span class='ocrx_word' id='word_1_311' title='bbox 2140 3618 2239 3683; x_wconf 89' lang='lat' dir='ltr'>vel</span> <span class='ocrx_word' id='word_1_312' title='bbox 2295 3618 2373 3682; x_wconf 84' lang='lat' dir='ltr'>ad</span> <span class='ocrx_word' id='word_1_313' title='bbox 2441 3616 2793 3702; x_wconf 88' lang='lat' dir='ltr'>eligendum</span> <span class='ocrx_word' id='word_1_314' title='bbox 2857 3615 3156 3681; x_wconf 87' lang='lat' dir='ltr'>inhabiles</span> 
     </span>
     <span class='ocr_line' id='line_1_34' title="bbox 698 3718 1030 3784; baseline -0.003 -2"><span class='ocrx_word' id='word_1_315' title='bbox 698 3736 828 3783; x_wconf 89' lang='lat' dir='ltr'>esse</span> <span class='ocrx_word' id='word_1_316' title='bbox 857 3718 1030 3784; x_wconf 84' lang='lat' dir='ltr'>facit.</span> 
     </span>
    </p>

    <p class='ocr_par' dir='ltr' id='par_1_8' title="bbox 696 3820 3157 4213">
     <span class='ocr_line' id='line_1_35' title="bbox 786 3820 3152 3905; baseline -0.001 -20"><span class='ocrx_word' id='word_1_317' title='bbox 786 3820 869 3886; x_wconf 84' lang='lat' dir='ltr'>Et</span> <span class='ocrx_word' id='word_1_318' title='bbox 915 3822 1078 3887; x_wconf 89' lang='lat' dir='ltr'>ratio</span> <span class='ocrx_word' id='word_1_319' title='bbox 1118 3822 1444 3887; x_wconf 87' lang='lat' dir='ltr'>dubitandi</span> <span class='ocrx_word' id='word_1_320' title='bbox 1476 3823 1548 3887; x_wconf 89' lang='lat' dir='ltr'>fit</span> <span class='ocrx_word' id='word_1_321' title='bbox 1579 3842 1650 3887; x_wconf 82' lang='lat' dir='ltr'>ex</span> <span class='ocrx_word' id='word_1_322' title='bbox 1681 3842 1732 3887; x_wconf 91' lang='grc'>3.</span> <span class='ocrx_word' id='word_1_323' title='bbox 1779 3821 1958 3903; x_wconf 78' lang='lat' dir='ltr'>Quod</span> <span class='ocrx_word' id='word_1_324' title='bbox 1981 3842 2170 3903; x_wconf 78' lang='lat' dir='ltr'>super</span> <span class='ocrx_word' id='word_1_325' title='bbox 2203 3822 2260 3905; x_wconf 63' lang='grc' dir='ltr'>ς.</span> <span class='ocrx_word' id='word_1_326' title='bbox 2302 3820 2376 3886; x_wconf 80' lang='lat' dir='ltr'>de</span> <span class='ocrx_word' id='word_1_327' title='bbox 2410 3820 2837 3904; x_wconf 67' lang='lat' dir='ltr'>Comanyuin.</span> <span class='ocrx_word' id='word_1_328' title='bbox 2872 3825 2934 3886; x_wconf 79' lang='lat' dir='ltr'>et</span> <span class='ocrx_word' id='word_1_329' title='bbox 2975 3821 3152 3902; x_wconf 73' lang='lat' dir='ltr'>affin.</span> 
     </span>
     <span class='ocr_line' id='line_1_36' title="bbox 696 3922 3155 4007; baseline -0 -20"><span class='ocrx_word' id='word_1_330' title='bbox 696 3923 761 3988; x_wconf 89' lang='lat' dir='ltr'>in</span> <span class='ocrx_word' id='word_1_331' title='bbox 794 3924 922 3998; x_wconf 74' lang='lat' dir='ltr'>fin„</span> <span class='ocrx_word' id='word_1_332' title='bbox 963 3924 1068 3989; x_wconf 90' lang='lat' dir='ltr'>ubi</span> <span class='ocrx_word' id='word_1_333' title='bbox 1098 3924 1385 3989; x_wconf 81' lang='lat' dir='ltr'>Pontifex</span> <span class='ocrx_word' id='word_1_334' title='bbox 1417 3928 1612 4003; x_wconf 87' lang='lat' dir='ltr'>cavet,</span> <span class='ocrx_word' id='word_1_335' title='bbox 1651 3944 1729 3988; x_wconf 77' lang='lat' dir='ltr'>ne</span> <span class='ocrx_word' id='word_1_336' title='bbox 1761 3925 1929 3989; x_wconf 77' lang='lat' dir='ltr'>inter</span> <span class='ocrx_word' id='word_1_337' title='bbox 1956 3923 2196 4007; x_wconf 62' lang='grc' dir='ltr'>ιφτιάἰιε</span> <span class='ocrx_word' id='word_1_338' title='bbox 2214 3922 2567 4004; x_wconf 68' lang='lat' dir='ltr'>prohibitos</span> <span class='ocrx_word' id='word_1_339' title='bbox 2596 3923 3007 3989; x_wconf 69' lang='lat' dir='ltr'>cmztrahatur</span> <span class='ocrx_word' id='word_1_340' title='bbox 3036 3943 3155 3986; x_wconf 71' lang='lat' dir='ltr'>ma-</span> 
     </span>
     <span class='ocr_line' id='line_1_37' title="bbox 702 4027 3157 4111; baseline 0 -22"><span class='ocrx_word' id='word_1_341' title='bbox 702 4028 1063 4091; x_wconf 53' lang='lat' dir='ltr'>aimonium</span> <span class='ocrx_word' id='word_1_342' title='bbox 1086 4032 1148 4091; x_wconf 77' lang='lat' dir='ltr'>et</span> <span class='ocrx_word' id='word_1_343' title='bbox 1154 4032 1662 4109; x_wconf 76' lang='lat' dir='ltr'>praesumptores</span> <span class='ocrx_word' id='word_1_344' title='bbox 1692 4027 2079 4093; x_wconf 73' lang='lat' dir='ltr'>districtione</span> <span class='ocrx_word' id='word_1_345' title='bbox 2109 4027 2523 4093; x_wconf 70' lang='lat' dir='ltr'>ecclesiastica</span> <span class='ocrx_word' id='word_1_346' title='bbox 2560 4028 2766 4111; x_wconf 84' lang='lat' dir='ltr'>puniri</span> <span class='ocrx_word' id='word_1_347' title='bbox 2809 4028 3003 4105; x_wconf 84' lang='lat' dir='ltr'>iubet,</span> <span class='ocrx_word' id='word_1_348' title='bbox 3035 4044 3157 4090; x_wconf 71' lang='lat' dir='ltr'>non</span> 
     </span>
     <span class='ocr_line' id='line_1_38' title="bbox 696 4129 2728 4213; baseline 0.001 -22"><span class='ocrx_word' id='word_1_349' title='bbox 696 4129 978 4194; x_wconf 77' lang='lat' dir='ltr'>obstante</span> <span class='ocrx_word' id='word_1_350' title='bbox 1015 4129 1475 4205; x_wconf 73' lang='lat' dir='ltr'>consuetudine,</span> <span class='ocrx_word' id='word_1_351' title='bbox 1509 4152 1665 4213; x_wconf 78' lang='lat' dir='ltr'>quae</span> <span class='ocrx_word' id='word_1_352' title='bbox 1698 4130 1962 4195; x_wconf 79' lang='lat' dir='ltr'>dicenda</span> <span class='ocrx_word' id='word_1_353' title='bbox 1991 4134 2086 4194; x_wconf 77' lang='lat' dir='ltr'>est</span> <span class='ocrx_word' id='word_1_354' title='bbox 2104 4131 2322 4210; x_wconf 72' lang='lat' dir='ltr'>potius</span> <span class='ocrx_word' id='word_1_355' title='bbox 2358 4129 2728 4210; x_wconf 72' lang='lat' dir='ltr'>corruptela.</span> 
     </span>
    </p>

    <p class='ocr_par' dir='ltr' id='par_1_9' title="bbox 695 4230 3157 4628">
     <span class='ocr_line' id='line_1_39' title="bbox 788 4230 3149 4317; baseline -0.001 -22"><span class='ocrx_word' id='word_1_356' title='bbox 788 4230 904 4295; x_wconf 89' lang='lat' dir='ltr'>Sed</span> <span class='ocrx_word' id='word_1_357' title='bbox 937 4231 1138 4296; x_wconf 87' lang='lat' dir='ltr'>adhuc</span> <span class='ocrx_word' id='word_1_358' title='bbox 1168 4233 1461 4297; x_wconf 85' lang='lat' dir='ltr'>standum</span> <span class='ocrx_word' id='word_1_359' title='bbox 1485 4252 1593 4317; x_wconf 90' lang='lat' dir='ltr'>pro</span> <span class='ocrx_word' id='word_1_360' title='bbox 1626 4233 2005 4299; x_wconf 83' lang='lat' dir='ltr'>affirmativa</span> <span class='ocrx_word' id='word_1_361' title='bbox 2030 4234 2355 4299; x_wconf 85' lang='lat' dir='ltr'>sententia.</span> <span class='ocrx_word' id='word_1_362' title='bbox 2388 4234 2490 4298; x_wconf 88' lang='lat' dir='ltr'>Ita</span> <span class='ocrx_word' id='word_1_363' title='bbox 2526 4230 2796 4297; x_wconf 87' lang='lat' dir='ltr'>Sanchez</span> <span class='ocrx_word' id='word_1_364' title='bbox 2829 4231 2903 4296; x_wconf 84' lang='lat' dir='ltr'>de</span> <span class='ocrx_word' id='word_1_365' title='bbox 2950 4232 3149 4297; x_wconf 77' lang='lat' dir='ltr'>Matr.</span> 
     </span>
     <span class='ocr_line' id='line_1_40' title="bbox 695 4332 3148 4420; baseline -0 -23"><span class='ocrx_word' id='word_1_366' title='bbox 695 4333 804 4397; x_wconf 90' lang='lat' dir='ltr'>lib.</span> <span class='ocrx_word' id='word_1_367' title='bbox 845 4332 902 4396; x_wconf 87' lang='lat'>7.</span> <span class='ocrx_word' id='word_1_368' title='bbox 938 4332 1093 4416; x_wconf 88' lang='lat' dir='ltr'>disp.</span> <span class='ocrx_word' id='word_1_369' title='bbox 1129 4335 1188 4397; x_wconf 89' lang='lat'>4.</span> <span class='ocrx_word' id='word_1_370' title='bbox 1223 4354 1283 4398; x_wconf 94' lang='lat' dir='ltr'>n.</span> <span class='ocrx_word' id='word_1_371' title='bbox 1322 4336 1423 4398; x_wconf 89' lang='grc'>14.</span> <span class='ocrx_word' id='word_1_372' title='bbox 1457 4334 1688 4401; x_wconf 86' lang='grc' dir='ltr'><strong>Ρ31333</strong></span> <span class='ocrx_word' id='word_1_373' title='bbox 1719 4336 1762 4400; x_wconf 92' lang='lat' dir='ltr'>l.</span> <span class='ocrx_word' id='word_1_374' title='bbox 1797 4355 1849 4400; x_wconf 90' lang='grc'>3.</span> <span class='ocrx_word' id='word_1_375' title='bbox 1882 4357 1941 4420; x_wconf 89' lang='grc'>11.</span> <span class='ocrx_word' id='word_1_376' title='bbox 1977 4336 2037 4401; x_wconf 88' lang='grc'>4.</span> <span class='ocrx_word' id='word_1_377' title='bbox 2070 4336 2127 4419; x_wconf 64' lang='grc' dir='ltr'>ξ.</span> <span class='ocrx_word' id='word_1_378' title='bbox 2156 4338 2215 4400; x_wconf 84' lang='grc'>2.</span> <span class='ocrx_word' id='word_1_379' title='bbox 2254 4356 2316 4400; x_wconf 91' lang='lat' dir='ltr'>n.</span> <span class='ocrx_word' id='word_1_380' title='bbox 2352 4338 2412 4400; x_wconf 82' lang='lat'>5.</span> <span class='ocrx_word' id='word_1_381' title='bbox 2448 4338 2511 4402; x_wconf 89' lang='lat' dir='ltr'>et</span> <span class='ocrx_word' id='word_1_382' title='bbox 2548 4335 2659 4399; x_wconf 83' lang='lat' dir='ltr'>alii</span> <span class='ocrx_word' id='word_1_383' title='bbox 2688 4335 2767 4400; x_wconf 91' lang='lat' dir='ltr'>ab</span> <span class='ocrx_word' id='word_1_384' title='bbox 2810 4335 2927 4401; x_wconf 89' lang='lat' dir='ltr'>hoc</span> <span class='ocrx_word' id='word_1_385' title='bbox 2957 4333 3148 4400; x_wconf 89' lang='lat' dir='ltr'>citati.</span> 
     </span>
     <span class='ocr_line' id='line_1_41' title="bbox 697 4436 3155 4526; baseline 0.001 -26"><span class='ocrx_word' id='word_1_386' title='bbox 697 4436 886 4501; x_wconf 86' lang='lat' dir='ltr'>Ratio</span> <span class='ocrx_word' id='word_1_387' title='bbox 926 4440 1042 4514; x_wconf 87' lang='grc'><strong>331,</strong></span> <span class='ocrx_word' id='word_1_388' title='bbox 1074 4437 1221 4520; x_wconf 88' lang='lat' dir='ltr'>quia</span> <span class='ocrx_word' id='word_1_389' title='bbox 1251 4438 1315 4502; x_wconf 87' lang='lat' dir='ltr'>id</span> <span class='ocrx_word' id='word_1_390' title='bbox 1346 4439 1498 4517; x_wconf 84' lang='lat' dir='ltr'>fieri,</span> <span class='ocrx_word' id='word_1_391' title='bbox 1519 4459 1626 4523; x_wconf 89' lang='lat' dir='ltr'>per</span> <span class='ocrx_word' id='word_1_392' title='bbox 1660 4441 1865 4526; x_wconf 89' lang='grc'><strong>1383111</strong></span> <span class='ocrx_word' id='word_1_393' title='bbox 1896 4442 2121 4523; x_wconf 86' lang='lat' dir='ltr'>potest,</span> <span class='ocrx_word' id='word_1_394' title='bbox 2148 4443 2223 4507; x_wconf 90' lang='lat' dir='ltr'>ut</span> <span class='ocrx_word' id='word_1_395' title='bbox 2254 4459 2433 4506; x_wconf 91' lang='lat' dir='ltr'>nemo</span> <span class='ocrx_word' id='word_1_396' title='bbox 2471 4440 2746 4518; x_wconf 80' lang='lat' dir='ltr'>dubitat3</span> <span class='ocrx_word' id='word_1_397' title='bbox 2782 4458 2928 4524; x_wconf 86' lang='lat' dir='ltr'>ergo</span> <span class='ocrx_word' id='word_1_398' title='bbox 2965 4439 3155 4505; x_wconf 84' lang='lat' dir='ltr'>etiam</span> 
     </span>
     <span class='ocr_line' id='line_1_42' title="bbox 697 4541 3157 4628; baseline 0.002 -25"><span class='ocrx_word' id='word_1_399' title='bbox 697 4558 804 4622; x_wconf 91' lang='lat' dir='ltr'>per</span> <span class='ocrx_word' id='word_1_400' title='bbox 835 4541 1360 4618; x_wconf 82' lang='lat' dir='ltr'>consuetudinem,</span> <span class='ocrx_word' id='word_1_401' title='bbox 1396 4562 1554 4624; x_wconf 88' lang='lat' dir='ltr'>quae</span> <span class='ocrx_word' id='word_1_402' title='bbox 1599 4543 1735 4608; x_wconf 85' lang='lat' dir='ltr'>loco</span> <span class='ocrx_word' id='word_1_403' title='bbox 1767 4543 1924 4628; x_wconf 88' lang='lat' dir='ltr'>legis</span> <span class='ocrx_word' id='word_1_404' title='bbox 1955 4542 2246 4609; x_wconf 84' lang='lat' dir='ltr'>succedit.</span> <span class='ocrx_word' id='word_1_405' title='bbox 2280 4542 2510 4609; x_wconf 81' lang='lat' dir='ltr'>Exinde</span> <span class='ocrx_word' id='word_1_406' title='bbox 2556 4544 2857 4626; x_wconf 84' lang='lat' dir='ltr'>sequitur,</span> <span class='ocrx_word' id='word_1_407' title='bbox 2884 4563 2991 4626; x_wconf 88' lang='lat' dir='ltr'>per</span> <span class='ocrx_word' id='word_1_408' title='bbox 3020 4561 3157 4608; x_wconf 87' lang='lat' dir='ltr'>con-</span> 
     </span>
    </p>
   </div>
  </div>
 </body>
</html>
