3529 5158
731 354 840 408 622
1097 364 1309 406 τιιᾼσι.
1350 365 1431 406 1v.
1467 365 1553 404 mr
1588 361 1894 404 moesi-rus.
1934 361 2135 403 mm·
2171 361 2260 402 m.
2299 363 2441 406 nun.
2480 365 2537 405 v.
2575 365 2713 405 Ait-r.
2750 365 2815 405 n.
3042 347 3193 425 [726]

732 468 969 549 ptatem
1008 490 1069 527 ».
1109 462 1226 528 Cui
1258 462 1603 527 definitioni
1632 464 1749 526 hoc
1780 481 1973 526 unum
2005 462 2194 539 deest,
2234 464 2311 526 ut
2340 462 2548 541 addat,
2582 462 2674 527 ita
2709 464 3192 528 immoderatum

733 587 882 643 esse,
918 570 991 632 ut
1022 567 1211 631 tollat
1245 586 1428 630 usum
1457 567 1768 628 rationis:
1803 583 1975 629 secus
2012 584 2135 629 non
2167 565 2287 629 erit
2316 565 2600 630 ebrietas,
2631 566 2827 631 Porro
2857 567 3018 631 duae
3046 567 3195 631 illae

735 669 1117 734 conditiones
1163 669 1227 732 in
1274 687 1423 733 casu
1468 666 1715 744 absunt,
1766 666 1913 748 quia
1959 667 2170 751 gravis
2215 668 2468 752 urgeret
2507 669 2845 733 necessitas
2889 669 3191 753 (gravior,

734 790 926 855 quam
972 771 1309 837 servandae
1355 771 1694 853 sanitatis),
1734 788 1846 833 nec
1894 768 1972 832 ad
2016 771 2238 852 potum
2279 769 2626 852 impelleret
2668 771 2982 854 voluptas,
3033 789 3195 853 quae

736 875 1120 939 anteferatur
1143 874 1531 957 suspensioni
1562 892 1714 937 usus
1745 872 2042 936 rationis:
2068 889 2236 955 erge.
2262 871 2345 935 Et
2372 872 2715 936 sententiae
2744 872 3038 937 Auctoris
3070 872 3197 936 suf-

731 976 1060 1061 fragantur
1094 977 1364 1050 Lessius,
1397 976 1732 1053 Bonaeina‚
1767 974 2017 1051 Palaus,
2051 972 2373 1058 Laymann
2406 972 2569 1056 apud
2599 973 2780 1038 eund.
2813 992 2862 1038 s,
2900 974 3087 1057 Alph.

838 1138 1122 1194 LXXXIV.
1156 1140 1206 1193 t.
1233 1141 1433 1192 Mortale
1464 1144 1539 1191 est
1581 1136 1727 1189 alium
1768 1133 2013 1188 inebriare
2044 1136 2123 1186 vel
2163 1147 2433 1200 provocare
2469 1136 2528 1187 ad
2567 1138 2798 1200 aequales
2833 1137 3054 1199 bannus,
3077 1149 3192 1190 cum

731 1226 998 1279 intentione
1034 1223 1308 1277 inebriandi
1352 1229 1433 1275 aut
1471 1219 1774 1275 advertentis
1814 1226 2073 1273 secuturae
2110 1218 2358 1272 ebrietatis
2394 1219 2444 1271 in
2481 1233 2536 1272 se
2572 1217 2752 1272 aliove.
2778 1220 2915 1273 Less.
2941 1221 2975 1274 Ι.
3003 1234 3051 1273 c.

814 1347 993 1421 728.
1034 1351 1203 1415 Nota
1235 1348 1641 1433 particulam3
1674 1368 1812 1411 eum
1851 1348 2194 1410 intentione
2230 1345 2631 1425 inebriandi,·
2662 1366 2808 1411 nam
2840 1348 2897 1412 si
2927 1348 3190 1413 intentio

728 1454 890 1520 foret
920 1453 1259 1519 remedium
1299 1450 1587 1515 afferendi
1620 1450 1806 1514 alicui
1838 1450 2053 1514 morbo
2086 1450 2188 1529 (ut
2217 1450 2465 1534 egomet
2495 1449 2707 1513 audivi
2737 1449 3074 1531 aliquando
3106 1451 3193 1515 fa-

727 1560 900 1622 ctum
937 1557 1183 1639 fuisse),
1218 1573 1339 1619 non
1379 1553 1540 1618 esset
1572 1552 1648 1616 ad
1685 1571 1816 1617 rem
1853 1552 2169 1616 resolutio.
2203 1552 2499 1615 Praesens
2531 1552 2741 1616 tamen
2787 1552 3090 1617 resolutio
3120 1553 3190 1617 li-

723 1659 1118 1725 mitationem
1154 1657 1342 1722 habet
1371 1656 1435 1720 in
1467 1654 1767 1737 sequenti.

831 1797 1091 1851 LXXXV.
1120 1796 1168 1847 5.
1198 1794 1250 1849 si
1285 1793 1414 1847 iusta
1441 1806 1589 1846 causa
1608 1798 1700 1852 est.
1731 1797 1784 1844 ut
1813 1806 1859 1843 v.
1886 1805 1960 1854 gr.
1988 1790 2029 1843 si
2054 1792 2238 1854 grande
2261 1793 2443 1843 malum
2469 1805 2565 1845 non
2591 1790 2746 1857 possit
2771 1790 2918 1846 aliter
2942 1790 3190 1858 impediri,

728 1883 823 1936 nisi
850 1889 1023 1936 auctor
1060 1878 1346 1942 inebrietur,
1374 1877 1489 1930 licet
1526 1890 1637 1929 eum
1675 1875 1907 1929 inducere
1945 1878 2003 1928 ad
2030 1874 2332 1939 ebrietatem,
2363 1864 2502 1940 quae'
2523 1878 2694 1930 saltem
2731 1875 2829 1943 ipsi
2866 1890 2966 1930 non
3003 1876 3069 1930 sit
3109 1891 3189 1930 vo-

739 1967 963 2029 luntaria,
995 1973 1048 2019 ut
1090 1964 1275 2018 scilicet
1314 1970 1505 2029 praeter
1543 1961 1860 2014 intentionem
1894 1960 2102 2024 ideoque
2139 1959 2499 2026 inculpabiliter
2534 1959 2818 2023 inebrietur,
2843 1975 2891 2012 v.
2917 1975 2994 2025 gr.
3022 1960 3187 2016 vinum

728 2051 1044 2106 fortissimum
1084 2055 1167 2101 aut
1205 2046 1495 2100 medicatum
1536 2044 1857 2111 propinando,
1897 2042 2038 2097 cuius
2075 2042 2125 2096 vi
2153 2043 2373 2107 ignorata
2413 2044 2701 2111 decipiatur.
2727 2048 2867 2100 Unde
2906 2045 2977 2099 sie
3018 2061 3188 2113 possea

729 2136 976 2189 inebriare
1002 2148 1105 2196 eos,
1136 2131 1221 2198 qui
1247 2130 1431 2196 alioqui
1458 2136 1626 2183 essent
1670 2128 1916 2196 prodituri
1955 2131 2121 2181 urbem
2158 2131 2237 2181 vel
2265 2136 2315 2181 te
2337 2128 2611 2183 abducturi.
2641 2132 2779 2183 Lesa.
2806 2134 2838 2183 l.
2863 2145 2909 2184 c.
2934 2137 2984 2183 et
3008 2132 3186 2184 Sancti.

724 2224 757 2277 l.
789 2226 839 2276 2.
865 2222 930 2275 de
955 2222 1122 2277 Matr.
1150 2221 1201 2272 d.
1234 2221 1319 2272 39.
1347 2224 1419 2271 An
1448 2231 1567 2270 vero
1595 2220 1689 2269 noc
1713 2230 1829 2269 casu
1856 2216 1999 2269 liceat
2022 2213 2254 2268 inducere
2293 2216 2355 2268 ad
2393 2215 2683 2269 ebrietatem
2718 2215 2816 2282 ipsi
2838 2217 3185 2277 voluntariam.

732 2307 934 2364 dubium
965 2312 1056 2359 est.
1083 2307 1218 2358 Lesa.
1241 2307 1271 2356 l.
1296 2302 1401 2355 4.c.
1425 2304 1475 2354 3.
1492 2303 1608 2354 dub.
1638 2301 1687 2354 4.
1716 2315 1760 2352 n.
1788 2301 1872 2353 33.
1899 2302 2133 2364 affirmat3
2152 2299 2283 2364 quia,
2306 2300 2478 2365 inquit,
2506 2299 2619 2354 licet
2643 2302 2847 2354 suadere
2870 2308 2917 2353 et
2942 2299 3182 2354 inducere

729 2397 790 2449 ad
816 2391 975 2446 minus
1020 2393 1215 2451 malurn,
1244 2395 1295 2442 ut
1333 2387 1627 2455 impediatur
1652 2385 1827 2437 maiuS.
1854 2387 2021 2448 haym.
2049 2387 2081 2436 l.
2109 2387 2156 2438 3.
2184 2400 2225 2438 a.
2254 2385 2300 2437 t.
2327 2399 2375 2437 n.
2403 2386 2452 2436 6.
2479 2384 2662 2438 rectius
2700 2392 2866 2451 negat3
2892 2382 3002 2450 quia
3043 2388 3180 2438 nullo

726 2494 841 2532 casu
884 2478 995 2530 licet
1031 2476 1263 2529 inducere
1301 2474 1361 2525 ad
1403 2479 1671 2538 peccatum.

810 2595 989 2670 727.
1025 2599 1174 2663 Tres
1208 2596 1545 2661 sententias
1583 2593 1655 2657 de
1687 2593 1804 2657 hoe
1835 2594 2201 2677 argumento
2233 2592 2420 2656 refert
2451 2612 2499 2657 s,
2525 2593 2710 2677 Alph.
2743 2614 2804 2658 n.
2836 2595 2941 2658 77.
2973 2594 3184 2658 Prima

724 2705 896 2768 tenet
943 2701 1187 2782 (eontra
1234 2702 1518 2763 nostrum
1564 2696 1899 2760 Auctorem
1947 2695 2149 2776 quoad
2206 2697 2290 2757 2¹¹·
2325 2696 2592 2779 partem)
2638 2696 2885 2762 licitum
2928 2716 3063 2762 esse
3111 2695 3185 2761 ad

728 2805 1090 2869 ebrietatem
1137 2800 1422 2865 inducere
1454 2799 1763 2862 volentem
1796 2798 2182 2861 committere
2212 2797 2467 2881 gravius
2511 2798 2769 2876 malum,
2803 2781 2935 2864 sive
2972 2800 3186 2865 volun-

722 2907 885 2973 taria
931 2906 1017 2970 sit
1062 2906 1125 2969 et
1172 2902 1499 2986 culpabilis
1546 2899 1810 2964 ebrietas
1858 2900 1987 2963 sive
2029 2899 2452 2964 involuntaria
2498 2901 2561 2963 et
2604 2919 2769 2965 mere
2815 2902 3181 2966 materialis.

721 3008 1001 3076 Secunda
1032 3006 1210 3072 docet
1241 3024 1383 3069 cum
1413 3004 1685 3068 Auctore
1714 3001 1897 3066 licere
1932 3001 2217 3066 inducere
2247 3001 2326 3065 ad
2347 3001 2856 3081 involuntariam,
2883 3022 3011 3068 non
3041 3022 3182 3069 vero

718 3113 797 3180 ad
827 3110 1173 3176 formalem.
1213 3107 1425 3171 Tertia
1455 3125 1598 3170 eum
1630 3102 1833 3169 Collet
1877 3106 2067 3187 negat
2111 3102 2175 3166 id
2210 3104 2390 3167 licere
2422 3105 2559 3167 tum
2589 3102 2663 3167 de
2698 3105 3017 3169 materiali
3051 3109 3185 3170 tum

718 3216 790 3280 de
828 3213 1094 3279 formali.

810 3316 870 3383 S.
899 3316 1274 3399 AlphonsuS,
1301 3312 1467 3377 hisce
1490 3310 1725 3383 relatiS,
1751 3308 1990 3374 subdit:
2025 3333 2058 3366 «
2084 3306 2199 3371 His
2226 3327 2348 3373 non
2381 3307 2792 3386 obstantibus,
2819 3309 3027 3391 prima
3058 3329 3185 3375 sen-

720 3420 920 3485 tentia
951 3419 1107 3484 satis
1138 3415 1475 3500 probabilis
1507 3413 1752 3477 videtur
1782 3411 1938 3475 mihi
1969 3410 2033 3475 et
2070 3409 2208 3474 aliis
2240 3410 2389 3473 viris
2428 3409 2625 3475 doctis
2659 3428 2695 3474 a
2725 3428 2825 3474 me
2857 3412 3182 3488 consultis,

723 3524 853 3586 sive
878 3521 1141 3585 ebrietas
1174 3519 1259 3582 sit
1282 3515 1625 3581 materialis
1650 3514 1778 3578 sive
1809 3511 2110 3586 formalis,
2137 3513 2214 3576 ob
2244 3513 2552 3577 rationem
2573 3511 2702 3577 iam
2725 3512 3008 3591 allatam,
3034 3514 3184 3595 quia

719 3624 965 3688 licitum
1012 3623 1107 3685 est
1152 3619 1438 3683 inducere
1471 3617 1666 3681 alium
1704 3614 1783 3678 ad
1812 3615 2018 3679 minus
2046 3614 2305 3688 malum,
2337 3616 2411 3677 ut
2456 3614 2832 3698 impediatur
2863 3633 2900 3678 a
2938 3614 3182 3694 maiori,

715 3727 893 3792 iuxta
924 3743 996 3789 ea
1027 3740 1186 3806 quae
1217 3721 1484 3785 diximus
1520 3719 1627 3782 tib.
1669 3719 1728 3781 2.
1764 3738 1823 3782 n.
1861 3718 1964 3780 57.
2006 3741 2065 3794 »,
2100 3715 2207 3780 ubi
2238 3715 2311 3780 de
2343 3715 2651 3781 scandalo.

806 3828 972 3914 Ergo
1005 3823 1286 3890 doctrina
1309 3821 1525 3898 Lessii,
1551 3839 1740 3903 quam
1762 3820 2001 3884 Auctor
2024 3817 2390 3902 posthabere
2413 3817 2677 3898 videtur,
2702 3837 2774 3883 ex
2796 3836 2847 3883 s.
2873 3817 3183 3903 Alphonsi

717 3929 1045 4007 sententia,
1084 3926 1302 3993 deduci
1331 3926 1397 3990 iu
1434 3923 1672 4007 praxim
1709 3923 1934 4005 posset.

826 4085 1107 4141 Lxxxvt.
1136 4084 1187 4138 6.
1213 4080 1266 4135 Si
1303 4079 1414 4146 quis
1454 4094 1550 4132 non
1591 4076 1836 4144 praevidit
1874 4076 2142 4143 perieulum
2178 4074 2432 4130 ebrietatis
2468 4081 2518 4128 et
2540 4074 2613 4130 ric
2637 4075 2755 4130 vino
2776 4083 2951 4145 eaptus
2975 4085 3050 4133 est
3086 4086 3171 4133 ant

712 4176 762 4229 in
803 4188 972 4229 auram
1010 4172 1180 4226 exiens
1220 4175 1369 4223 vento
1408 4169 1633 4221 turbatus
1668 4173 1744 4219 eat
1782 4179 1871 4219 nec
1894 4168 1990 4219 boc
2027 4163 2285 4231 praevidit,
2310 4170 2452 4218 vacat
2487 4166 2649 4231 culpa.
2681 4165 2822 4218 Unde
2861 4165 2999 4221 multi
3022 4179 3172 4220 exeu-

715 4273 901 4326 santur,
926 4260 1010 4328 qui
1050 4260 1317 4326 prudenter
1352 4269 1500 4322 saepe
1540 4252 1774 4317 indicant,
1800 4255 1960 4306 adbuc
1993 4268 2048 4307 se
2084 4254 2363 4307 baustulum
2403 4255 2562 4307 iacere
2597 4265 2746 4320 pocae
2780 4251 2889 4307 sine
2913 4266 3070 4320 nox-3
3095 4255 3180 4309 de-

713 4346 873 4400 sinent
910 4353 1071 4400 tamen
1110 4343 1371 4411 prudenter
1408 4339 1457 4392 id
1494 4337 1729 4402 iudicare,
1758 4336 1801 4391 si
1837 4336 2131 4390 contrariam
2169 4337 2231 4391 de
2267 4351 2321 4389 se
2357 4335 2704 4404 experientiam
2728 4339 2959 4391 babeant.

802 4462 981 4536 728.
1001 4464 1063 4529 S.
1082 4464 1268 4547 Alph.
1288 4460 1614 4528 confirmat
1636 4461 1797 4525 hanc
1818 4458 2164 4524 doctrinam
2193 4460 2373 4525 textu
2402 4478 2452 4525 s.
2470 4458 2746 4526 Thomae
2768 4478 2909 4544 sup.
2933 4481 2997 4527 n.
3023 4463 3171 4528 382.

712 4570 930 4645 allato,
969 4586 1154 4649 quem
1183 4566 1341 4630 vide.
