3529 5158
742 298 848 350 512
1134 311 1347 352 TRAcr.
1387 311 1466 353 tv.
1504 311 1588 350 nn
1624 307 1929 350 Paeonis,
1966 307 2165 349 carm
2202 308 2241 348 1.
2280 307 2425 349 nun.
2463 307 2530 346 11.
2567 306 2704 346 Am.
2744 306 2810 346 11.
3068 291 3214 367 [560]

736 408 1000 472 mortale
1028 408 1384 492 coniugato,
1419 410 1515 473 est
1546 412 1758 473 autem
1785 409 2109 490 peccatum
2131 405 2402 471 mortale
2432 423 2557 470 non
2590 405 2962 489 coniugat03
2989 406 3213 471 similis

736 510 926 574 etiam
970 510 1314 575 differentia
1361 514 1456 575 est
1501 511 1576 575 de
1612 511 2022 575 delectatione
2055 511 2119 573 et
2149 508 2223 572 de
2270 525 2573 572 consensu
2609 506 2674 570 in
2709 507 3211 573 delectationem.

737 610 874 675 Non
907 613 1071 676 enim
1116 615 1323 694 potest
1367 631 1499 678 esse
1544 612 1800 697 gravius
1845 615 2169 695 peccatum
2219 629 2553 675 consensus
2600 611 2665 674 in
2713 609 3212 686 delectationem,

737 733 925 796 quam
954 733 1285 779 consensus
1318 716 1379 778 in
1412 717 1642 790 actum,
1681 716 1756 778 ut
1786 717 1965 798 patet
2002 734 2108 797 per
2138 713 2574 798 Augustinum
2605 714 2726 776 etc.
2762 738 2826 775 ».

828 812 1002 886 580.
1050 817 1227 896 Quod
1273 837 1420 902 ergo
1470 818 1546 882 ad
1593 817 1833 900 praxim
1880 817 2128 892 attinet,
2178 816 2233 879 si
2277 815 2654 899 coniugatus
2719 833 2784 878 se
2837 817 3093 879 accuset
3137 814 3212 879 de

738 921 998 983 morosis
1041 920 1574 998 delectationibuS,
1606 921 2046 1004 interrogetur,
2082 939 2159 983 an
2194 938 2342 1003 erga
2379 918 2702 1001 proprium
2742 917 3074 1001 coniugem
3105 917 3212 981 ha-

736 1022 961 1087 buerit.
1007 1024 1089 1087 Et
1132 1024 1187 1088 si
1239 1025 1613 1088 affirmative
1655 1023 2044 1107 respondeat,
2093 1023 2409 1099 doceatur,
2458 1040 2530 1085 ea
2576 1040 2686 1104 per
2731 1040 2797 1086 se
2843 1022 2908 1085 et
2954 1020 3207 1102 quando

736 1124 1098 1206 pollutionis
1145 1127 1487 1209 periculum
1534 1126 1713 1201 absit,
1764 1125 2008 1190 nullum
2056 1124 2370 1189 continere
2414 1125 2688 1198 reatum3
2738 1123 2886 1204 quia
2918 1123 3024 1188 cui
3060 1123 3210 1187 licet

736 1245 911 1309 opus,
959 1228 1106 1293 licet
1156 1230 1347 1293 etiam
1409 1229 1481 1293 de
1535 1229 1749 1293 eodem
1796 1228 2124 1293 delectari:
2173 1228 2583 1291 veruntamen
2639 1225 2853 1290 haberi
2914 1225 2981 1290 in
3038 1226 3207 1290 hisce

733 1328 1039 1413 (intellige
1077 1332 1128 1395 si
1158 1331 1267 1396 diu
1302 1332 1658 1413 foveantur)
1690 1331 1917 1395 vitium
1948 1331 2308 1402 otiositatis,
2341 1330 2406 1393 in
2439 1347 2562 1409 quo
2587 1327 2743 1393 levis
2775 1328 2989 1410 aliqua
3021 1329 3205 1411 culpa

736 1452 856 1497 non
903 1433 1063 1500 desit
1107 1439 1293 1517 atque
1340 1436 1680 1500 curandum
1727 1436 2025 1517 alioquin,
2061 1437 2135 1500 ut
2165 1436 2438 1499 mentem
2471 1433 2549 1497 ad
2582 1433 2952 1497 sublimiora
3000 1433 3208 1518 eriga-

736 1554 875 1600 mus
924 1540 1039 1602 etc.

824 1637 1002 1717 Quod
1047 1640 1100 1704 si
1146 1641 1462 1722 poenitens
1500 1640 1685 1717 dicat,
1734 1659 1884 1724 erga
1932 1639 2199 1703 alienam
2246 1656 2572 1721 personam
2609 1637 3048 1702 delectationes
3092 1638 3206 1702 ha-

735 1740 957 1818 buisse,
993 1743 1070 1806 ad
1100 1761 1232 1807 rem
1261 1742 1489 1806 facient
1519 1742 1705 1807 verba
1736 1741 2168 1827 Chrysostomi
2199 1742 2262 1804 in
2294 1741 2527 1805 Matth.
2567 1738 2808 1804 Hamil.
2841 1739 2943 1803 17.
2970 1739 3068 1803 Ad
3089 1739 3206 1804 illa

743 1843 866 1923 Qui
908 1844 1139 1908 viderit
1177 1844 1501 1909 mulierem
1535 1847 1651 1910 etc.
1694 1871 1729 1904 «
1761 1844 1827 1909 Si
1873 1846 2036 1910 enim
2072 1846 2167 1909 vis
2216 1843 2420 1908 videre
2466 1845 2655 1925 atque
2689 1863 2761 1907 ex
2798 1843 2939 1907 visu
2987 1861 3206 1925 capere

732 1948 1141 2031 voluptatem,
1169 1949 1370 2032 aspice
1400 1949 1713 2032 propriam
1743 1949 2070 2033 coniugem
2102 1949 2165 2012 et
2193 1947 2368 2011 illius
2399 1964 2593 2027 aeque
2617 1964 2826 2010 amore
2857 1944 3201 2028 perfruere,

734 2051 850 2113 hoc
895 2052 1058 2115 enim
1103 2052 1276 2116 nulla
1304 2053 1402 2115 lex
1432 2051 1718 2134 prohibet
1750 2050 2020 2115 omnino.
2059 2048 2125 2114 Si
2161 2068 2307 2114 vero
2356 2048 2616 2112 alterius
2661 2048 3060 2112 venustatem
3100 2068 3206 2131 pe-

734 2151 926 2217 nitius
972 2152 1307 2229 intuebere,
1355 2154 1546 2218 etiam
1599 2155 1780 2218 tuam
1841 2153 2068 2218 iniuria
2114 2151 2330 2229 afficiS,
2381 2170 2417 2215 a
2464 2170 2588 2233 qua
2632 2150 2698 2214 in
2745 2149 2940 2213 aliam
2986 2151 3202 2216 oculos

734 2255 962 2319 avertis
1009 2256 1072 2319 et
1116 2255 1292 2320 illam
1338 2275 1601 2338 quoque,
1641 2276 1832 2338 quam
1876 2254 2207 2331 contueriS,
2258 2253 2489 2318 nefarie
2534 2272 2672 2317 eam
2727 2253 3010 2337 tangens.
3059 2252 3203 2317 Etsi

731 2356 896 2420 enim
940 2358 1115 2422 illam
1161 2377 1283 2423 non
1330 2359 1683 2423 attrectasti
1717 2378 1942 2434 manu3
1994 2359 2062 2421 at
2109 2356 2305 2422 oculis
2336 2358 2546 2421 tamen
2594 2355 2660 2419 et
2705 2355 3036 2419 voluntate
3074 2355 3204 2438 pal-

732 2459 894 2540 pasti
926 2462 1040 2524 etc.
1069 2485 1130 2524 ».
1156 2461 1327 2540 Quae
1358 2460 1539 2544 plane
1563 2460 1636 2524 de
1673 2461 2081 2526 delectatione
2111 2459 2486 2544 imaginaria
2515 2459 2796 2522 tractant
2827 2459 2891 2521 et
2921 2461 3198 2534 monent,

736 2563 806 2626 ut
851 2561 1161 2627 obiectum
1204 2563 1376 2627 illius
1420 2563 1664 2629 licitum
1710 2562 2001 2647 eligatur.
2035 2563 2117 2627 Et
2161 2562 2225 2626 in
2274 2582 2424 2629 casu
2470 2561 2691 2627 utilius
2736 2560 2958 2643 utique
3007 2581 3204 2626 reme-

731 2665 903 2729 dium
949 2666 1086 2743 erit,
1134 2667 1605 2731 delectationem
1651 2667 2058 2731 delectatione
2104 2667 2345 2730 vincere
2392 2669 2508 2730 etc.

822 2764 974 2837 581.
1001 2767 1178 2847 Quod
1202 2769 1429 2833 attinet
1453 2773 1663 2834 autem
1688 2770 1763 2833 ad
1790 2788 2047 2852 sponsos
2071 2771 2134 2833 et
2157 2770 2397 2847 viduOS,
2424 2769 2663 2833 Auctor
2694 2767 2900 2850 quoad
2940 2786 3203 2851 sponsos

731 2869 978 2950 quidem
1007 2868 1191 2935 licere
1236 2870 1386 2935 dicit
1430 2871 1800 2936 desiderium
1846 2891 1916 2934 ac
1948 2872 2423 2936 delectationem
2469 2870 2544 2935 de
2589 2869 2804 2934 futura
2852 2870 3083 2952 copula
3130 2889 3206 2934 ao

729 2972 935 3054 quoad
979 2973 1199 3038 viduos
1244 2973 1317 3037 de
1353 2975 1575 3057 copula
1620 2975 1976 3057 praeterita,
2010 2974 2063 3038 si
2096 2992 2296 3038 sermo
2336 2974 2421 3037 sit
2450 2973 2525 3037 de
2557 2970 2965 3035 delectatione
3015 2973 3199 3036 ratio-

729 3074 868 3137 nali
883 3096 905 3152 ‚·
936 3076 1288 3142 mortaliter
1316 3079 1527 3141 tamen
1557 3095 1824 3159 peccare,
1852 3077 1905 3141 si
1929 3077 2321 3141 consentiant
2350 3077 2413 3139 in
2445 3074 2922 3140 delectationem
2953 3076 3199 3139 sensiti-

729 3198 869 3241 vam
900 3181 963 3242 et
992 3180 1321 3257 carnalem,
1356 3198 1514 3260 quae
1546 3198 1617 3242 ex
1647 3179 1904 3262 copulae
1937 3181 2050 3244 aut
2081 3179 2330 3243 futurae
2362 3179 2476 3243 aut
2507 3178 2881 3261 praeteritae
2913 3178 3197 3242 recorda-

728 3281 897 3345 tione
931 3281 1111 3345 facile
1142 3282 1360 3347 oritur.
1393 3281 1611 3346 Monet
1640 3300 1843 3365 porro,
1878 3281 2070 3345 etiam
2101 3280 2480 3345 rationalem
2509 3280 2686 3345 illam
2716 3279 3194 3345 delectationem

729 3383 793 3446 in
837 3385 1011 3467 praxi
1056 3385 1157 3447 vix
1201 3385 1409 3448 locum
1454 3384 1677 3449 habere
1709 3385 1850 3448 tuto
1884 3403 2062 3466 posse
2111 3385 2190 3448 ob
2233 3384 2580 3467 perieulum
2627 3400 2961 3447 consensus
2993 3384 3060 3447 in
3091 3383 3200 3447 de·-

728 3486 1124 3551 lectationem
1169 3488 1528 3551 sensitivam
1577 3488 1689 3550 aut
1732 3486 1924 3550 etiam
1969 3487 2033 3550 in
2080 3486 2574 3551 fornicationem.

818 3588 905 3652 At
950 3590 1113 3653 enim
1144 3609 1191 3653 s.
1217 3589 1401 3672 Alph.
1436 3589 1542 3653 lib.
1579 3590 1639 3653 5.
1679 3609 1739 3652 n.
1777 3590 1882 3651 24.
1917 3588 2107 3667 addit,
2157 3588 2323 3671 quod
2355 3588 2598 3653 «etiam
2645 3589 2883 3652 secluso
2913 3586 3197 3669 periculo

729 3690 1153 3757 delectationis
1198 3692 1529 3755 sensitivae
1574 3691 1882 3775 (intellige
1912 3693 1976 3755 et
2012 3710 2342 3755 consensus
2379 3692 2442 3755 in
2482 3710 2621 3756 eam
2666 3688 3194 3774 delectationem),

731 3797 933 3861 verius
964 3796 1286 3861 dicendum
1333 3799 1428 3861 est
1471 3816 1615 3860 cum
1650 3796 2022 3869 Holzmann,
2057 3797 2401 3881 Roncaglia
2448 3797 2512 3860 et
2558 3794 2848 3871 Sanchez,
2883 3793 3198 3877 Vasquez,

730 3899 908 3977 Azor,
935 3899 1275 3984 Laymann,
1308 3899 1521 3976 Palao,
1555 3897 1757 3963 Diana
1789 3901 1906 3963 etc.
1940 3898 2106 3981 apud
2137 3898 2522 3974 Salmantic.‚
2551 3915 3012 3979 quamcumque
3045 3897 3202 3961 dele—

726 4002 1063 4066 ctationem
1096 4001 1433 4065 voluntatis
1452 4002 1516 4065 in
1541 4002 1783 4084 sponsis
1808 4004 1870 4065 et
1897 4001 2099 4066 viduis
2124 4001 2198 4065 de
2227 4000 2450 4083 copula
2475 4000 2689 4064 futura
2713 3999 2812 4064 vel
2835 3999 3204 4081 praeterita,

725 4123 855 4168 esse
886 4104 1135 4169 malam.
1176 4106 1364 4170 Ratio
1411 4106 1690 4188 (inquit),
1732 4104 1880 4186 quia
1911 4103 2245 4169 delectatio
2280 4104 2399 4167 sibi
2431 4103 2634 4167 reddit
2667 4102 2983 4167 obiectum
3031 4121 3209 4185 prae-

727 4227 895 4279 sens:
947 4209 1009 4272 et
1055 4208 1190 4272 ideo
1238 4227 1476 4291 semper
1522 4227 1593 4272 ac
1639 4208 1950 4271 obiectum
1998 4224 2286 4289 praesens
2338 4206 2438 4269 hic
2485 4207 2550 4269 et
2592 4223 2755 4270 nunc
2790 4205 2888 4269 est
2935 4206 3206 4281 malum,

726 4328 866 4371 cum
914 4310 1077 4374 absit
1122 4311 1221 4373 hic
1267 4312 1329 4375 et
1377 4330 1536 4375 nunc
1581 4309 1856 4375 conditio
1902 4310 2312 4374 cohonestaris
2348 4306 2751 4382 matrimonii,
2787 4306 2958 4371 mala
3007 4307 3208 4371 etiam

726 4411 818 4471 est
866 4412 1064 4475 omnis
1113 4413 1375 4477 actualis
1423 4413 1750 4477 delectatio
1799 4412 1873 4475 de
1919 4412 2029 4476 illo
2067 4438 2127 4474 ».

819 4512 895 4577 Et
940 4515 1088 4578 haec
1136 4516 1383 4596 quidem
1428 4516 1756 4593 contraria,
1807 4516 1882 4578 ut
1927 4516 2121 4597 patet,
2171 4514 2489 4579 doctrinae
2532 4512 2841 4588 Auctoris,
2894 4531 3053 4597 opus
3100 4518 3210 4579 est

724 4617 1119 4699 perpendere:
1164 4636 1305 4680 nam
1345 4618 1554 4700 agitur
1584 4617 1656 4681 de
1688 4637 1752 4681 re
1790 4617 2163 4702 gravissima
2198 4620 2262 4682 et
2293 4617 2526 4700 passim
2559 4618 2932 4680 occurrente.
