3529 5158
337 363 442 440 [21]
480 380 567 419 ms
604 378 1000 420 voum-ramo
1038 378 1271 434 ucri-0,
1312 378 1577 421 Axlom:
1616 379 1723 429 QUI
1759 381 1973 437 nom,
2005 382 2383 425 consum-mn:
2420 386 2692 429 vmmnn
2733 373 2802 428 17

339 477 459 540 cito
506 494 653 540 vero
702 494 827 539 non
875 475 936 538 id
982 474 1328 558 inspicitur,
1379 476 1483 540 sed
1529 478 1745 541 utrum
1791 478 1991 561 reipsa
2039 479 2323 544 eliciatur
2369 501 2406 545 a
2453 483 2802 547 voluntate.

338 578 495 643 Hinc
527 579 709 642 actus
755 577 1082 660 explicitus
1128 578 1336 660 potest
1381 597 1511 643 esse
1558 579 1744 643 simul
1792 599 1914 644 non
1948 600 2265 664 expressus
2312 583 2416 647 sed
2463 585 2713 662 tacitus,
2750 586 2805 650 si

339 681 621 746 eliciatur
652 678 902 761 quidem
948 697 1301 755 consensus,
1338 683 1405 744 at
1451 681 1718 745 exterius
1750 702 1873 747 non
1919 684 2371 749 manifestetur.
2407 686 2578 750 Idem
2610 687 2801 753 dicito

337 782 407 847 de
452 780 803 845 discrimine
846 780 1010 845 inter
1040 779 1582 864 interpretativum
1630 785 1692 847 et
1740 784 2025 848 tacitum.
2065 785 2228 849 Nam
2274 786 2542 851 tacitum
2587 790 2803 853 volun-

337 884 567 949 tarium
599 903 722 949 non
753 883 983 947 dicitur
1012 884 1131 947 nisi
1177 884 1325 965 quia
1356 885 1622 949 exterius
1654 905 1777 950 non
1824 887 2280 963 manifestatur,
2314 888 2460 953 licet
2497 891 2802 955 habeatur

337 987 541 1052 elicita
573 986 922 1049 voluntatis
952 985 1303 1050 consensio:
1335 986 1399 1050 in
1430 987 1903 1069 interpretativo
1938 972 2147 1054 autem
2180 991 2353 1055 nulla
2387 991 2560 1056 adest
2591 994 2800 1059 elicita

334 1089 669 1154 consensio.
719 1087 821 1152 Sic
881 1087 1090 1152 valida
1136 1091 1420 1152 censetur
1482 1089 1813 1165 absolutio,
1865 1091 2012 1156 data
2061 1111 2097 1155 a
2145 1093 2521 1177 presbytero,
2572 1096 2680 1176 qui
2728 1116 2800 1161 ex

334 1191 529 1256 tacito
576 1190 932 1255 voluntario
977 1208 1275 1254 consensu
1335 1190 1622 1274 Episcopi
1671 1193 1848 1257 audit
1909 1195 2352 1260 confessiones:
2401 1196 2695 1274 invalida,
2745 1199 2800 1261 si

336 1294 541 1359 solum
586 1292 829 1356 nitatur
873 1292 1226 1356 voluntario
1272 1291 1766 1375 interpretatum.

422 1396 796 1476 Utrumque,
827 1395 1083 1457 tacitum
1104 1413 1320 1477 nempe
1345 1396 1409 1458 et
1438 1396 1980 1475 interpretativum
2013 1401 2272 1462 vocatur
2289 1405 2798 1480 praesmnptnm;

338 1499 410 1562 ut
438 1498 663 1561 idcirco
697 1496 806 1560 alii
852 1496 1206 1579 partiantur
1232 1496 1296 1559 in
1329 1497 1687 1580 explicitum
1718 1502 1783 1563 et
1813 1501 2305 1584 praesumptum,
2329 1502 2438 1566 alii
2470 1502 2532 1565 in
2564 1523 2799 1585 expres-

336 1619 473 1665 sum
496 1604 559 1664 et
584 1602 1073 1683 praesumptum.
1098 1599 1329 1664 Eadem
1353 1600 1419 1663 in
1450 1603 1716 1682 utroque
1748 1620 1894 1665 casu
1920 1602 2083 1666 ratio
2116 1606 2237 1677 est:
2265 1605 2413 1685 quia
2445 1605 2509 1668 in
2533 1608 2798 1686 utroque

337 1721 480 1767 casu
526 1721 664 1766 mos
726 1705 821 1765 est
866 1705 940 1765 ut
1000 1720 1329 1766 consensus
1377 1705 1845 1785 praesumatur:
1893 1704 2000 1768 sed
2061 1724 2201 1767 cum
2247 1706 2364 1769 hoc
2425 1706 2796 1784 discrimine,

338 1803 501 1886 quod
544 1804 608 1868 in
654 1804 1127 1886 interpretativo
1174 1804 1593 1887 praesumitur
1640 1804 1912 1869 affutura
1959 1806 2298 1883 consensiO,
2346 1806 2401 1870 si
2446 1826 2541 1872 res
2581 1827 2800 1892 propo-

334 1908 538 1984 natur,
586 1906 652 1970 in
701 1907 896 1971 altero
945 1906 1362 1989 praesumitur
1405 1906 1534 1970 iam
1579 1906 1865 1990 explicite
1912 1907 2141 1985 adesse,
2189 1907 2336 1972 licet
2381 1927 2504 1973 non
2545 1910 2799 1975 manife-

339 2012 542 2074 stetur
586 2008 650 2073 id
698 2009 862 2091 quod
907 2029 1120 2092 reapse
1168 2009 1361 2073 adest.

440 2161 516 2213 Ad
552 2160 646 2213 rite
681 2158 1047 2224 intelligendum
1086 2157 1307 2212 axioma:
1334 2173 1414 2220 Qm
1441 2173 1615 2221 near,
1646 2173 1950 2213 consenum:
1976 2175 2212 2227 vintrus,
2239 2163 2400 2215 faeere
2438 2165 2643 2226 possunt
2664 2160 2793 2216 istae

336 2247 562 2310 regulae:
595 2244 648 2297 ⁴⁰
674 2242 952 2298 consentire
977 2241 1087 2310 quis
1114 2242 1441 2310 praesumitur
1465 2241 1516 2295 in
1544 2242 1926 2296 favorabilibus:
1951 2245 2009 2296 2⁰
2029 2243 2144 2297 item
2173 2251 2353 2305 tacens,
2375 2243 2458 2296 ubi
2481 2244 2694 2311 alioquin
2722 2245 2796 2298 in-

338 2330 614 2383 tercederet
652 2326 885 2392 obligatio
910 2327 1072 2393 aliqua
1111 2333 1196 2380 aut
1221 2325 1489 2380 necessitas
1512 2327 1879 2381 contradicendi
1915 2335 1965 2381 et
2003 2327 2229 2396 expedita
2257 2329 2318 2379 ad
2345 2327 2394 2381 id
2434 2330 2670 2395 ‘acuitas-»5
2698 2344 2798 2394 quo

341 2419 527 2479 spectat
565 2420 616 2466 et
650 2412 775 2465 illud
812 2415 1041 2465 effatum:
1080 2424 1309 2464 sermm
1345 2425 1407 2464 ετ
1445 2425 1705 2464 1111131111
1743 2426 1792 2463 us
1830 2426 1908 2473 ns,
1948 2426 2075 2473 oms
2112 2427 2238 2464 suis-r
2272 2426 2439 2464 11011101
2476 2426 2797 2479 emittuntur,

335 2513 624 2555 consessu!
662 2513 948 2553 orannim:
975 2499 1032 2551 3⁰
1057 2503 1225 2550 tacens
1262 2496 1311 2549 in
1347 2494 1562 2563 plurium
1599 2502 1682 2549 aut
1720 2495 2041 2550 consensione
2080 2503 2162 2550 aut
2200 2495 2585 2562 comparatione.

432 2613 543 2686 21.
590 2616 819 2695 Quaeri
880 2615 1060 2692 solet,
1109 2613 1505 2697 quandonam
1550 2632 1622 2677 ex
1667 2614 2101 2677 taciturnitate
2162 2612 2510 2695 cuiuspiam
2570 2612 2795 2678 merito

337 2719 520 2805 argui
562 2720 758 2803 possit
802 2719 932 2784 sive
976 2718 1202 2784 merito
1263 2717 1576 2800 praesumi
1620 2715 1752 2780 eius
1799 2734 2132 2780 consensus
2176 2734 2285 2780 seu
2346 2714 2794 2780 voluntarium.

337 2822 779 2905 Explicandum
825 2821 1062 2886 scilicet
1105 2823 1202 2886 est
1244 2819 1403 2884 illud
1450 2820 1722 2884 axioma:
1766 2819 1891 2899 Qui
1927 2822 2103 2892 tacet,
2136 2819 2484 2882 consentire
2530 2817 2796 2892 videtur,

335 2924 501 3007 quod
532 2924 883 3007 appellatur
928 2924 1193 3000 axioma,
1225 2939 1349 2986 non
1395 2921 1543 3003 quia
1588 2921 1905 2986 contineat
1949 2920 2279 2986 veritatem
2325 2921 2639 3003 quandam
2669 2940 2799 2984 ma-

338 3026 820 3103 nifestissimam,
855 3027 961 3092 sed
1006 3025 1155 3108 quia
1185 3024 1451 3108 praefert
1480 3024 1876 3089 notissimam
1907 3023 2300 3088 sententiam.
2334 3023 2449 3087 Est
2479 3024 2642 3088 enim
2681 3024 2800 3085 43⁸

334 3129 553 3214 regula
596 3128 752 3192 iuris
796 3128 863 3192 in
908 3125 998 3206 6⁰,
1047 3144 1206 3210 quae
1251 3125 1500 3208 quidem
1547 3126 1763 3210 regula
1810 3125 2138 3208 desumpta
2184 3127 2280 3189 est
2326 3145 2398 3187 ex
2445 3125 2488 3188 l.
2539 3128 2599 3186 2.
2640 3126 2698 3205 ξ.
2735 3126 2797 3186 2.

334 3228 486 3314 Diy.
513 3230 732 3294 Soluto
755 3229 1173 3293 Mat-rimonio
1194 3228 1238 3292 i.
1270 3247 1323 3293 e.
1348 3229 1455 3292 lib.
1483 3229 1588 3291 24.
1612 3225 1702 3291 D.
1734 3228 1837 3291 tit.
1864 3227 1927 3288 3.
1954 3225 2085 3307 leqe
2109 3228 2170 3288 2.
2191 3226 2250 3308 g.
2278 3226 2338 3287 2.
2382 3225 2794 3297 Voluntatem,

336 3334 441 3398 ubi
472 3334 625 3398 haec
655 3333 982 3418 leguntur:
1023 3356 1059 3390 «ι
1089 3331 1483 3395 voluntatem
1513 3329 1726 3391 autem
1755 3327 1943 3402 filiae,
1976 3345 2119 3390 cum
2150 3327 2329 3409 pater
2358 3325 2494 3410 agit
2524 3325 2596 3388 de
2629 3324 2792 3401 dote,

334 3439 545 3501 utrum
591 3436 681 3500 sic
726 3433 1080 3518 accipimus,
1114 3436 1188 3498 ut
1231 3430 1600 3507 consentiat,
1635 3448 1711 3493 an
1758 3448 1905 3494 vero
1952 3448 2029 3493 110
2076 3427 2462 3492 contradicat
2507 3427 2684 3492 filia?
2715 3428 2798 3492 Et

337 3543 437 3602 est
469 3539 546 3602 ab
588 3539 967 3621 Imperatore
997 3535 1315 3601 Antonino
1346 3533 1748 3616 rescriptum:
1781 3531 2000 3609 filiam,
2036 3530 2156 3595 nisi
2202 3530 2515 3595 evidenter
2558 3533 2800 3595 contra·-

337 3640 523 3716 dicat,
556 3640 751 3705 videri
780 3638 1123 3705 consentire
1153 3637 1321 3721 patri
1349 3661 1412 3699 ».
1446 3635 1755 3720 Regulam
1789 3635 1948 3699 hanc
1978 3652 2112 3699 esse
2141 3633 2452 3716 explicatu
2482 3632 2795 3698 difficilem

335 3744 456 3810 fere
504 3762 716 3809 omnes
764 3743 1057 3808 fatentur.
1106 3740 1297 3805 Ratio
1344 3742 1458 3816 est,
1492 3738 1641 3820 quia
1686 3737 1880 3802 etiam
1924 3737 1990 3801 in
2033 3737 2168 3801 11110
2213 3736 2348 3820 ipso
2395 3736 2660 3819 plurima
2702 3755 2800 3799 ex-

336 3849 507 3912 stant
549 3847 848 3930 exempla,
897 3865 931 3910 e
976 3844 1202 3927 quibus
1246 3844 1442 3926 patet,
1491 3860 1595 3906 eos
1641 3859 1906 3923 quoque,
1956 3840 2064 3921 qui
2109 3839 2373 3904 scienter
2417 3840 2646 3913 tacent,
2674 3856 2796 3902 non

336 3949 547 4015 baberi
589 3968 701 4032 pro
747 3946 1271 4013 consentientibus
1316 3943 1660 4026 (Reiffenst.
1710 3942 1789 4006 ad
1835 3960 1963 4026 reg.
1997 3942 2129 4004 43¹⁰
2162 3941 2316 4004 iuris
2346 3940 2409 4003 in
2443 3939 2513 4001 6⁰
2543 3958 2604 4000 n.
2639 3940 2750 4019 2.).

420 4052 691 4117 Adverte
713 4050 879 4114 haud
905 4051 1066 4114 recte
1087 4046 1436 4131 praedictae
1457 4046 1711 4130 regulae
1737 4043 1964 4127 opponi
1986 4043 2198 4118 aliam,
2218 4060 2377 4122 quae
2400 4043 2497 4105 est
2512 4040 2631 4103 44⁸
2646 4038 2797 4103 iuris

335 4153 396 4218 in
426 4154 499 4216 6⁶
528 4156 592 4218 et
622 4153 953 4236 desumpta
983 4153 1079 4216 est
1110 4169 1181 4214 ex
1209 4149 1253 4213 l.
1292 4148 1439 4211 142.
1470 4146 1626 4229 Diy.
1660 4146 1735 4209 de
1781 4143 2050 4227 Regalis
2081 4144 2245 4206 iuris
2273 4143 2381 4207 lib.
2416 4143 2522 4206 51.
2552 4142 2654 4206 tit.
2694 4141 2796 4204 17.

337 4274 490 4336 quae
512 4256 748 4338 inquit:
782 4280 816 4312 α
839 4255 896 4318 is
926 4253 1033 4336 qui
1056 4253 1242 4328 tacet,
1269 4269 1390 4314 non
1421 4249 1675 4323 fatetur,
1703 4247 1809 4312 sed
1832 4265 1942 4311 nec
1973 4246 2194 4328 utique
2224 4263 2448 4328 negare
2472 4243 2795 4309 videtur».

334 4355 473 4421 Non
516 4359 682 4422 0111111
731 4357 911 4421 binae
938 4356 1100 4419 istae
1129 4353 1380 4438 regulae
1412 4352 1485 4416 de
1523 4351 1737 4415 eadem
1768 4369 1832 4413 re
1864 4352 2082 4433 agunt.
2115 4345 2353 4430 Quippe
2384 4345 2506 4408 43·
2543 4347 2679 4431 agit
2723 4346 2797 4409 de

334 4477 651 4534 consensu,
687 4479 767 4523 an
799 4458 1035 4522 scilicet
1065 4459 1129 4521 et
1158 4455 1468 4538 quomodo
1516 4472 1586 4517 ex
1616 4451 2048 4516 taciturnitate
2080 4447 2390 4533 praesumi
2433 4450 2630 4532 possit
2661 4466 2800 4511 con-

336 4581 575 4628 sensus:
602 4562 729 4626 alia
760 4578 907 4625 vero
933 4559 1051 4622 44·
1077 4559 1212 4643 agit
1242 4557 1447 4622 solum
1477 4555 1551 4620 de
1580 4554 1959 4620 confessione
1989 4555 2053 4618 et
2082 4552 2412 4636 negatione
2437 4553 2501 4616 et
2523 4569 2647 4615 non
2676 4549 2796 4613 nisi

491 4678 783 4729 Eanum,
815 4672 992 4718 Horat.
1021 4672 1173 4716 Temo
1198 4672 1242 4716 1.
2609 4661 2638 4704 2
