3529 5158
325 366 467 441 [204]
966 385 1048 424 Ax
1088 384 1307 426 menn
1345 385 1539 426 Amnis
1579 387 1799 428 VAmos
1836 387 2147 429 Doc'ronns
2670 372 2779 426 ‘235

328 479 726 562 probabilem,
770 480 974 545 tamen
1023 501 1144 546 non
1191 484 1434 565 reputet
1485 486 1731 547 omnino
1782 484 2023 548 falsam.
2075 482 2134 547 S.
2179 484 2529 546 Antoninus
2578 487 2787 547 aut-em

328 583 400 646 ad
447 583 894 648 absolvendum
941 584 1354 666 poenitentem
1400 587 1462 649 in
1511 586 1675 650 111500
1726 586 2051 663 adiunctis,
2088 606 2271 668 quem
2306 586 2383 648 ab
2422 585 2629 666 aliqua
2665 587 2791 667 opi-

327 685 502 751 nione
527 687 749 768 (quam
771 687 994 750 falsam
1017 688 1229 769 putat)
1253 687 1562 752 dimovere
1602 708 1721 753 non
1759 691 1984 773 potest,
2020 690 2174 753 satis
2208 708 2339 752 esse
2378 689 2586 770 putat,
2617 687 2785 769 quod

327 789 641 871 poenitens
681 789 1028 872 promittat,
1063 808 1125 853 se
1164 790 1426 853 alicuius
1458 790 1624 854 docti
1657 793 1720 855 et
1766 792 1948 874 periti
1974 791 2344 855 sententiam
2394 792 2783 873 rogaturum.

326 888 438 954 Sed
475 890 551 954 de
596 890 696 955 his
735 891 983 955 uberius
1015 892 1123 954 ubi
1152 892 1226 955 de
1258 896 1642 957 sacramento
1691 893 2128 975 poenitentiae.

429 1028 566 1080 XVI.
606 1027 655 1079 4.
695 1028 799 1080 Non
836 1034 949 1080 sunt
986 1028 1259 1089 (intimandi,
1297 1027 1380 1093 qui
1418 1032 1596 1081 adeunt
1637 1029 1803 1081 varios
1844 1030 2107 1087 Doctores,
2150 1030 2303 1081 donec
2351 1043 2493 1081 unum
2536 1028 2786 1095 reperiant

327 1113 560 1164 Iaventem
595 1110 721 1164 sibi:
748 1113 1009 1165 dummodo
1035 1112 1080 1165 is
1105 1115 1318 1178 prudens
1343 1128 1398 1166 ae
1426 1114 1532 1178 pius
1564 1122 1611 1166 et
1640 1129 1732 1165 non
1762 1113 2020 1178 singularis
2053 1117 2307 1166 habeatur.
2337 1114 2485 1166 Ratio
2527 1121 2630 1177 est;
2672 1114 2783 1181 quia

327 1195 577 1249 intendunt
602 1196 742 1263 sequi
769 1196 1044 1263 opinionem
1085 1197 1401 1264 probabilem.
1432 1202 1496 1251 Ita
1525 1203 1741 1252 Sanebez
1770 1200 1910 1254 Mor.
1941 1202 1969 1252 Ι.
2002 1202 2044 1252 I.
2076 1215 2119 1251 c.
2148 1202 2197 1250 9.
2227 1214 2272 1251 n.
2301 1201 2384 1252 24.
2416 1201 2593 1252 Bonae.
2622 1207 2675 1252 et
2703 1199 2784 1252 alii

326 1289 487 1333 eontra
528 1283 817 1333 Navarrum.

408 1403 593 1477 203.
627 1408 988 1473 Incredibile
1020 1410 1132 1483 est,
1168 1412 1323 1490 quot
1355 1410 1707 1493 tragoedias
1739 1411 2006 1475 excitent
2029 1409 2283 1491 quidam
2322 1410 2562 1473 ratione
2594 1408 2784 1473 liuius

322 1509 680 1574 sententiae.

407 1611 725 1676 Bonacina
771 1609 872 1674 De
897 1616 1132 1691 peceat.
1172 1611 1325 1695 disp.
1370 1615 1427 1675 2.
1479 1635 1536 1696 q.
1587 1615 1646 1675 4.
1689 1636 1746 1697 p.
1799 1616 1858 1677 9.
1896 1634 1954 1675 n.
1992 1614 2108 1677 io:
2158 1640 2190 1669 ‹<
2232 1612 2352 1681 llli,
2403 1612 2510 1693 qui
2556 1629 2783 1693 propo-

324 1715 493 1789 nunt,
528 1712 591 1776 111
634 1712 843 1794 aliquo
877 1733 1023 1777 casu
1063 1714 1228 1777 adire
1261 1714 1467 1796 plures
1515 1715 1833 1791 Doctores,
1884 1713 2073 1778 donec
2122 1714 2389 1795 aliquem
2438 1711 2777 1788 inveniant,

322 1815 788 1900 respondentem
818 1815 882 1880 111
915 1818 1012 1879 5111
1059 1816 1353 1892 favorem,
1389 1818 1663 1881 excusari
1696 1818 1974 1900 possunt,
2011 1815 2192 1880 modo
2233 1816 2503 1879 habeant
2541 1816 2773 1879 rectam

322 1919 725 1984 intentionem
748 1918 1006 1983 faciendi
1040 1919 1262 1994 solum,
1304 1918 1467 2000 quod
1501 1919 1616 1983 sibi
1640 1920 1822 1983 licere
1854 1919 2199 1984 iudicatum
2228 1918 2434 1994 fuerit,
2476 1936 2597 1982 non
2632 1936 2775 1981 vero

321 2021 666 2087 inveniendi
713 2021 1001 2103 aliquem,
1037 2022 1143 2103 qui
1178 2021 1252 2084 ad
1287 2041 1470 2086 51111111
1513 2022 1767 2085 libitum
1798 2024 1859 2085 et
1907 2022 2137 2101 absque
2184 2019 2512 2083 sufficienti
2560 2019 2777 2101 proba-

323 2125 563 2188 bilitate
609 2122 977 2206 respondeat
1007 2124 1098 2205 (et
1134 2123 1270 2188 ideo
1302 2123 1376 2187 A.
1418 2123 1600 2187 dicit:
1651 2123 1984 2189 dummodo
2032 2124 2085 2188 is
2118 2121 2404 2202 prudens
2439 2142 2509 2185 ae
2527 2122 2683 2201 pius
2714 2123 2778 2184 et

322 2247 442 2289 non
477 2224 833 2306 se'teytdare's
875 2224 1227 2307 habeatur).
1267 2224 1559 2307 Sequitur
1591 2226 1945 2289 Bonaeina:
2003 2252 2035 2281 «
2085 2224 2295 2299 Ratio,
2337 2244 2444 2286 cur
2492 2224 2773 2287 excusari

321 2329 575 2410 possint,
611 2329 724 2403 est,
764 2326 911 2409 quia
933 2326 1262 2391 intendunt
1290 2328 1636 2410 opinionem
1660 2327 2039 2412 probabilem
2065 2327 2272 2409 sequi:
2298 2326 2541 2389 licitum
2567 2328 2776 2390 autem

319 2432 409 2494 est
446 2428 624 2511 sequi
658 2428 1006 2512 opinionem
1038 2429 1435 2512 probabilem.
1487 2430 1585 2493 Ita
1625 2429 1893 2494 Sanehez
1941 2429 2047 2492 lib.
2096 2430 2151 2494 1.
2187 2448 2317 2511 cap.
2354 2430 2414 2491 9.
2450 2449 2508 2492 n.
2547 2428 2671 2503 24„
2714 2429 2777 2492 et

319 2532 424 2596 alli
467 2558 526 2595 ».
567 2530 757 2595 Ratio
791 2550 937 2616 ergo
971 2533 1091 2604 est;
1129 2531 1274 2613 quia
1307 2531 1634 2595 intendunt
1660 2532 1721 2596 id
1760 2531 1924 2615 quod
1956 2531 2200 2597 licitum
2234 2532 2327 2596 est
2357 2550 2467 2595 nee
2492 2529 2775 2596 damnari

317 2637 521 2718 potest
545 2633 876 2717 quispiam,
915 2635 1022 2716 qui
1055 2634 1206 2697 seire
1238 2634 1427 2716 cupit,
1457 2656 1532 2698 an
1561 2635 1633 2698 ad
1662 2634 1981 2719 quidpiam
2014 2635 2213 2718 reipsa
2247 2636 2552 2697 teneatur.
2588 2633 2773 2697 Prae-

317 2738 550 2814 sertim,
598 2755 742 2800 eum
789 2756 966 2819 saepe
1011 2736 1228 2820 gravia
1275 2736 1400 2799 imo
1448 2738 1817 2821 gravissima
1866 2737 2253 2802 incommoda
2302 2757 2510 2801 secum
2549 2736 2767 2800 afferat

319 2839 640 2924 obligatio.
674 2836 770 2901 Sit
815 2858 873 2899 v.
920 2859 1013 2922 gr.
1063 2858 1260 2916 casus,
1312 2840 1555 2921 quando
1604 2840 1887 2923 quaestio
1934 2840 2046 2904 fiat
2079 2841 2151 2904 de
2199 2842 2544 2916 contractu,
2594 2839 2769 2904 cuius

318 2945 496 3025 pacta
528 2940 582 3005 si
630 2959 872 3004 servare
903 2960 1022 3005 non
1069 2941 1273 3017 liceat,
1313 2961 1502 3025 grave
1535 2942 1830 3008 damnum
1877 2943 2232 3008 immineat:
2269 2944 2351 3007 sit
2384 2942 2667 3024 quaestio
2700 2942 2773 3005 de
2868 2995 2881 3008 .

316 3044 696 3129 obligatione
732 3043 1146 3107 restitutionis
1179 3047 1290 3108 aut
1336 3045 1658 3128 reparandi
1706 3046 1951 3124 damna,
1994 3066 2050 3109 v.
2086 3067 2178 3130 gr.
2214 3046 2277 3109 111
2302 3044 2519 3116 iudice,
2562 3046 2623 3108 in
2673 3044 2775 3107 ad-

315 3151 556 3224 vocat0,
590 3147 654 3210 in
693 3145 1089 3229 depositario,
1121 3147 1185 3211 in
1232 3147 1754 3224 administratore,
1797 3150 2004 3211 tutore
2053 3151 2197 3210 etc.:
2240 3147 2321 3208 sit
2369 3145 2651 3226 quaestio
2700 3146 2774 3208 de

315 3250 551 3315 iuribus
588 3248 1172 3326 matrimonialibus,
1223 3249 1467 3332 quando
1517 3250 1613 3312 vel
1661 3249 1966 3312 alterutra
2012 3267 2154 3331 pars
2204 3246 2486 3309 videatur
2534 3244 2773 3329 exigere

313 3353 686 3429 inordinata,
729 3351 826 3415 vel
858 3350 1020 3415 adsit
1051 3350 1339 3433 aliqualis
1372 3351 1740 3433 impotentia
1780 3353 1893 3414 ete.

399 3454 692 3534 Quinimo
741 3471 864 3517 non
909 3453 1290 3536 poenitentes
1330 3453 1555 3526 solum,
1595 3453 1698 3516 sed
1731 3456 1794 3517 et
1831 3452 2204 3520 confessarii,
2232 3450 2456 3533 quibus
2489 3448 2656 3515 cordi
2690 3449 2774 3513 sit

311 3557 478 3620 salus
511 3559 762 3621 aeterna
812 3554 1178 3632 animarum,
1231 3554 1825 3638 opportunissimum
1873 3574 2051 3637 saepe
2100 3555 2420 3639 reperient,
2456 3552 2620 3636 quod
2653 3552 2773 3636 ipsi

311 3662 526 3740 sponte
574 3658 688 3721 has
719 3655 1040 3740 indagines
1087 3657 1427 3739 suscipiant
1474 3660 1536 3721 et
1582 3656 2053 3741 diligentissime
2092 3657 2436 3738 exquirant,
2473 3675 2551 3719 an
2585 3656 2773 3720 salvis

308 3758 550 3823 iuribus
588 3777 777 3823 sanae
824 3757 1136 3823 doetrinae
1183 3758 1314 3821 fieri
1361 3759 1576 3841 possit,
1617 3762 1689 3823 ut
1727 3758 2034 3824 dictamen
2084 3762 2319 3822 rectum
2366 3758 2774 3822 conscientiae

311 3861 624 3926 conciliari
657 3861 855 3943 possit
901 3880 1041 3924 cum
1071 3860 1435 3925 infirmitate
1467 3865 1579 3925 aut
1611 3882 1752 3926 eum
1792 3863 2040 3947 urgenti
2071 3863 2361 3944 quapiam
2410 3861 2774 3924 necessitate

310 3983 382 4027 ac
414 3962 801 4027 difficillimis
838 3963 1341 4035 circumstantiis,
1374 3963 1436 4026 in
1463 3965 1687 4045 quibus
1719 3966 2037 4047 poenitens
2064 3964 2373 4045 quispiam
2407 3963 2701 4024 versetur.

419 4111 577 4164 XVII.
605 4111 656 4163 5.
696 4107 953 4175 Superiori
990 4109 1302 4176 praecipienti
1345 4113 1607 4164 seeundum
1649 4110 1929 4178 opinionem
1970 4109 2273 4176 probabilem
2314 4107 2539 4162 subditus
2584 4115 2771 4161 tenetur

308 4194 513 4248 obedire
549 4193 697 4248 etiam
723 4201 891 4247 contra
931 4194 1174 4261 propriam
1214 4196 1589 4262 probabiliorem
1628 4211 1684 4248 ae
1713 4194 1970 4248 tutiorem:
2006 4210 2053 4247 v.
2082 4209 2152 4259 gr.
2182 4194 2220 4246 si
2250 4197 2497 4261 paululum
2541 4200 2773 4257 aegrotus

309 4278 614 4348 probabilius
651 4284 701 4332 et
738 4276 893 4330 tutius
932 4285 1073 4344 putes
1113 4287 1158 4332 te
1199 4278 1351 4332 teneri
1390 4282 1450 4332 ad
1493 4279 1754 4340 ieiunimn3
1796 4281 2053 4331 comedere
2106 4286 2264 4331 tamen
2317 4281 2483 4340 (101105,
2524 4281 2772 4343 sequendo

308 4362 590 4432 Superioris
616 4361 907 4416 sententiam
947 4361 1104 4415 minus
1138 4371 1305 4427 tutam,
1332 4372 1381 4416 at
1407 4365 1727 4432 probabilem.
1755 4363 1899 4417 Ratio
1927 4371 2017 4429 est,
2049 4364 2159 4430 quia
2189 4363 2234 4416 in
2264 4363 2413 4417 dubio
2443 4364 2770 4431 praesumitur

309 4465 400 4517 pro
443 4447 726 4516 Superiore.
754 4449 924 4512 Laym.
953 4448 984 4500 I.
1023 4449 1061 4499 1.
1089 4454 1123 4500 t.
1162 4450 1200 4499 I.
1235 4463 1277 4501 0.
1307 4449 1428 4501 5211.
1465 4452 1539 4501 ΙΙ.
1569 4457 1615 4501 et
1652 4452 1726 4501 12.

399 4564 583 4639 204.
607 4565 975 4633 Communis
998 4571 1093 4633 est
1131 4570 1409 4634 omnium
1439 4572 1562 4634 ista
1593 4571 1893 4636 doctrina.
1920 4573 2005 4635 Et
2041 4591 2187 4635 sane
2226 4573 2401 4636 iuxta
2434 4574 2771 4654 praemissa

309 4671 608 4756 principia
640 4670 904 4752 quisque
934 4670 1102 4734 licite
1125 4690 1305 4755 agere
1343 4675 1550 4755 potest
1581 4674 1917 4737 seeundum
1950 4675 2322 4737 sententiam
2357 4675 2761 4756 probabilem,
