3529 5158
1110 375 1195 414 Dm
1234 374 1443 415 unum
1481 375 1525 417 3.
1568 370 1870 417 1136301131
1909 376 2042 417 mc,
2703 362 2808 416 639

342 473 393 535 si
428 473 603 537 iuxta
650 492 946 537 canonem
980 474 1057 535 ab
1109 473 1393 537 omnibus
1441 473 1755 556 receptum
1789 473 2141 554 inquiratur
2173 490 2406 545 36113113,
2435 491 2558 552 quo
2607 492 2654 535 3.
2689 472 2811 536 Do-

343 576 479 639 ctor
529 576 843 654 opinionis
869 575 1325 655 probabilioris
1361 577 1605 641 nomine
1656 595 1804 640 usus
1846 578 1940 639 est
1978 576 2040 639 in
2086 576 2267 651 thesi,
2304 594 2461 656 quae
2508 575 2812 639 contradi-

340 677 533 741 ctoria
587 676 834 741 videtur
879 679 1162 741 thesibus
1195 678 1696 761 praecedentibus
1735 681 1799 742 et
1829 697 1953 759 quo
1987 697 2170 741 363311
2207 678 2269 741 13
2309 677 2615 760 prioribus
2648 676 2810 740 hisce

342 779 624 843 thesibus
658 779 770 842 has
810 798 989 843 voces
1022 782 1436 863 usurpaverit.

434 879 595 945 Scite
646 882 855 963 itaque
905 882 1367 959 advertendum,
1404 883 1567 963 quod
1616 902 1663 946 3.
1699 884 1934 948 Doctor
1971 884 2034 947 111
2066 883 2246 961 111631,
2281 902 2404 964 qua
2447 883 2637 965 negat
2683 900 2812 944 esse

344 983 588 1047 licitum
637 984 841 1048 11113113
890 984 1269 1067 probabilem
1319 986 1492 1067 sequi
1527 986 1874 1067 opinionem
1924 987 1986 1049 in
2034 1003 2334 1049 concursu
2383 981 2814 1067 probabilioris

342 1104 453 1167 pro
502 1086 656 1169 lege.
699 1087 891 1169 exigit
924 1105 1220 1169 expresse,
1259 1090 1330 1151 ut
1379 1088 1583 1169 opinio
1618 1107 1727 1170 pro
1775 1089 1911 1172 lege
1949 1089 2033 1151 sit
2071 1091 2231 1150 certe
2265 1086 2680 1167 probabilior.
2716 1084 2814 1150 Sic

343 1188 509 1251 631111
543 1189 912 1251 sententiam
947 1208 1122 1252 suam
1157 1190 1444 1253 enunciat
1472 1189 1637 1271 Syst.
1673 1190 1846 1253 Mor.
1887 1190 2078 1254 1785.
2107 1210 2164 1254 n.
2195 1190 2335 1253 56.:
2372 1216 2406 1247 «
2432 1190 2585 1253 Dico
2619 1189 2815 1272 igitur

343 1290 567 1371 primo,
610 1289 774 1371 quod
807 1290 860 1352 si
911 1291 1136 1372 opini0,
1172 1310 1329 1372 quae
1377 1293 1506 1355 stat
1538 1311 1648 1375 pro
1696 1292 1851 1377 lege,
1886 1292 2171 1356 videatur
2217 1295 2378 1354 certe
2396 1288 2813 1371 probabilior,

346 1393 545 1476 ipsam
587 1393 834 1456 omnino
869 1393 1092 1455 sectari
1131 1393 1412 1457 tenemur
1446 1424 1504 1457 ».

434 1494 522 1558 Ut
570 1496 781 1557 autem
816 1495 1023 1576 opinio
1072 1495 1375 1559 habeatur
1420 1498 1494 1559 ut
1531 1501 1690 1559 certe
1716 1496 2134 1575 probabilior,
2169 1497 2450 1579 postulat
2499 1516 2545 1559 3.
2581 1495 2817 1559 1)06101·

348 1600 421 1660 111
468 1595 926 1679 probabilitatis
974 1615 1253 1659 excessus
1302 1598 1385 1660 sit
1432 1598 1747 1661 notabilis,
1785 1598 1884 1662 Sic
1931 1600 2060 1681 ipse
2108 1600 2205 1663 sui
2253 1600 2571 1680 interpres,
2623 1597 2813 1659 Hom.

344 1698 572 1777 Apost.
614 1699 693 1759 tr.
740 1698 796 1757 1.
837 1715 969 1779 cap.
1005 1698 1064 1759 3.
1102 1716 1158 1759 3.
1195 1699 1331 1761 34.:
1366 1723 1400 1755 «
1433 1699 1914 1777 Advertendum,
1951 1700 2117 1782 quod
2149 1720 2289 1763 cum
2330 1700 2535 1782 opinio
2569 1700 2665 1763 est
2695 1716 2819 1762 non

345 1800 558 1873 dubia,
594 1798 698 1862 sed
729 1802 889 1860 certe
921 1799 1315 1881 probabilior,
1350 1803 1499 1863 tunc
1531 1820 1775 1883 quoque
1814 1807 1909 1865 est
1942 1800 2303 1865 notabiliter
2327 1800 2725 1882 probabilior
2755 1826 2817 1863 ».

440 1900 673 1964 Idcirco
707 1900 1009 1965 eiusmodi
1043 1902 1394 1984 opinionem
1425 1905 1583 1967 solet
1617 1920 1663 1967 s.
1692 1906 1926 1969 Doctor
1960 1904 2267 1987 appellare
2300 1908 2460 1967 certo
2494 1907 2557 1967 et
2583 1903 2821 1967 notabi-

346 2004 498 2067 liter
528 2001 1030 2081 probabiliorem.
1082 2004 1179 2067 Ita
1228 2024 1367 2068 cum
1418 2005 1478 2069 in
1527 2006 1793 2070 editione
1841 2007 2212 2071 Bassanensi
2262 2026 2402 2070 ann.
2465 2007 2647 2069 1773.
2696 2025 2820 2069 non

344 2125 523 2171 secus
559 2122 628 2167 ac
658 2102 722 2167 in
757 2102 1006 2166 Morali
1049 2109 1380 2185 systemate
1412 2126 1508 2171 an.
1548 2108 1739 2171 1785.
1777 2131 1833 2172 3.
1878 2111 1980 2173 55.
2019 2110 2391 2192 scripsisset:
2427 2134 2460 2166 «
2501 2108 2818 2171 Praesenti

347 2207 802 2273 Dissertatione
849 2207 1003 2271 duas
1048 2209 1223 2272 nobis
1270 2211 1671 2292 proponimus
1720 2213 2112 2292 quaestiones
2167 2211 2602 2276 discutiendas
2641 2210 2822 2274 Prior

328 2315 463 2387 est,
504 2332 581 2375 311
628 2312 873 2375 116111113
915 2312 998 2374 sit
1047 2312 1218 2393 sequi
1261 2314 1610 2395 opinionem
1658 2315 1865 2380 minus
1905 2316 2304 2398 probabilem,
2342 2316 2556 2379 relicta
2604 2316 2822 2398 proba-

346 2415 578 2489 biliori,
619 2434 774 2495 quae
822 2417 953 2477 stat
1000 2434 1109 2497 pro
1143 2416 1277 2497 lege
1316 2439 1376 2479 »ε
1414 2418 1569 2479 11336
1601 2417 1852 2482 subiicit
1899 2419 2389 2500 responsionem:
2421 2442 2454 2474 «
2494 2415 2670 2480 Circa
2704 2415 2822 2499 pri-

350 2536 524 2581 mam
551 2517 973 2598 quaestionem
999 2518 1183 2582 citius
1208 2539 1306 2582 me
1331 2519 1609 2602 expedio:
1630 2521 1929 2586 resolutio
1955 2520 2118 2585 enim
2145 2523 2238 2585 est
2261 2520 2445 2585 nimis
2478 2519 2818 2603 perspicua.

352 2621 508 2684 Dico
542 2621 754 2704 igitur,
789 2640 909 2685 3011
941 2621 1122 2686 licere
1157 2622 1329 2705 sequi
1365 2622 1713 2704 opinionem
1744 2625 1951 2688 minus
1984 2624 2385 2707 probabilem,
2415 2643 2555 2687 cum
2591 2622 2817 2704 opini0,

350 2742 512 2805 quae
552 2725 681 2787 stat
712 2743 820 2805 pro
854 2725 1008 2808 lege,
1044 2727 1138 2787 est
1164 2724 1527 2788 notabiliter
1564 2730 1625 2788 et
1659 2730 1819 2789 (ferte
1839 2725 2235 2805 proba-bilior
2264 2750 2326 2787 ».

445 2828 504 2890 9.
543 2825 776 2890 Verum
824 2846 942 2891 non
993 2828 1145 2891 satis
1196 2828 1394 2892 adhuc
1442 2849 1512 2892 ex
1560 2830 1654 2892 his
1703 2832 1968 2906 constat,
2011 2829 2160 2911 quid
2194 2828 2356 2912 apud
2405 2847 2452 2892 3.
2489 2828 2822 2893 Doctorem

346 2931 648 3012 importet
695 2929 996 2994 eiusmodi
1029 2931 1235 3012 opinio
1267 2935 1428 2994 certe
1467 2935 1529 2995 et
1559 2932 1920 2995 notabiliter
1958 2931 2367 3012 proba-bilior.
2405 2931 2597 3012 quue
2630 2948 2699 2994 60
2740 2929 2825 2992 di·

348 3034 650 3118 ligentius
700 3032 1128 3114 inquirendum
1179 3037 1313 3110 est3
1359 3037 1503 3116 quia
1554 3036 1875 3117 apparebit
1923 3034 2152 3107 exinde,
2204 3032 2350 3114 quid
2409 3035 2470 3094 et
2519 3034 2824 3112 quantum

344 3135 708 3200 istiusmodi
747 3136 953 3219 opinio
992 3140 1151 3199 certo
1182 3156 1255 3199 ao
1288 3137 1651 3200 notabiliter
1674 3137 2074 3216 probabilior
2104 3135 2345 3197 differat
2396 3151 2429 3195 a
2465 3152 2665 3206 363311,
2701 3151 2823 3213 quo

349 3239 765 3303 communiter
804 3242 866 3302 et
905 3239 982 3301 ab
1021 3240 1153 3320 ipso
1189 3259 1235 3302 s,
1273 3241 1539 3303 Doctore
1573 3238 1812 3302 definiri
1855 3238 2059 3320 opinio
2094 3234 2470 3318 probabilior
2504 3235 2827 3298 consuevit

350 3344 415 3406 61
466 3359 589 3422 quo
630 3359 766 3404 eam
816 3341 1160 3423 usurpavit,
1197 3360 1338 3403 cum
1389 3342 1515 3422 ipse
1550 3340 1776 3404 statuit
1817 3343 2001 3420 atque
2033 3338 2450 3420 propugnavit
2499 3337 2726 3401 thesim
2759 3337 2828 3399 il-

349 3444 503 3519 lam,
533 3444 606 3506 ut
638 3443 765 3525 ipse
799 3444 909 3515 ait,
937 3443 1530 3514 communissimam,
1566 3462 1783 3524 nempe
1816 3442 2056 3503 licitam
2089 3459 2216 3503 esse.
2248 3441 2344 3502 uti
2374 3440 2661 3521 opinione
2683 3458 2832 3519 pro-

351 3543 555 3608 babili
585 3546 767 3606 etiam
804 3546 869 3606 ire
905 3565 1206 3608 concursu
1232 3544 1680 3624 probabilioris
1698 3565 1823 3624 pro
1859 3544 2005 3625 leye.

447 3647 675 3711 Melius
722 3647 935 3728 itaque
984 3667 1030 3710 s.
1071 3648 1302 3711 Doctor
1341 3650 1610 3711 mentem
1650 3667 1828 3711 suam
1876 3648 2158 3731 explicat,
2202 3667 2341 3711 cum
2381 3646 2441 3710 in
2483 3645 2828 3727 Systemaie

352 3749 591 3812 morali
637 3768 775 3812 ann.
834 3750 1021 3811 1785.
1074 3771 1130 3812 3.
1184 3750 1285 3812 56.
1339 3752 1422 3812 316
1470 3750 1669 3813 reddit
1718 3751 2043 3823 rationem,
2095 3772 2203 3814 cur
2251 3768 2372 3813 non
2417 3750 2602 3812 liceat
2658 3748 2833 3827 sequi

356 3852 712 3935 opinionem
762 3853 966 3915 minus
1000 3853 1401 3934 probabilem,
1439 3855 1485 3915 si
1524 3854 1728 3935 opinio
1771 3873 1878 3936 pro
1917 3854 2052 3937 lege
2087 3855 2168 3916 sit
2200 3856 2359 3914 certe
2395 3848 2829 3929 probabilior:

361 3980 396 4010 «
435 3954 597 4030 Dixi,
633 3959 795 4017 certe
817 3954 1249 4033 probabilior,·
1282 3957 1425 4036 quia
1477 3955 1623 4018 dum
1659 3956 1866 4037 opinio
1915 3975 2023 4038 pro
2072 3956 2206 4038 lege
2255 3956 2348 4017 est
2395 3955 2554 4015 certe
2594 3954 2652 4014 et
2696 3951 2832 4013 sine

355 4053 495 4119 alla
542 4054 949 4120 haesitatione
972 4057 1386 4136 probabilior,
1422 4062 1570 4122 tunc
1606 4059 1811 4139 opinio
1845 4059 1952 4121 illa
2005 4078 2126 4122 non
2174 4058 2378 4139 potest
2412 4074 2540 4119 esse
2574 4054 2693 4118 nisi
2732 4073 2835 4116 no-

353 4160 641 4224 tabiliter
670 4160 1077 4240 probabilior.
1115 4162 1194 4222 Et
1228 4180 1297 4224 eo
1347 4180 1490 4223 casu
1543 4161 1748 4243 opinio
1801 4162 1997 4224 tutior
2036 4180 2154 4224 1103
2191 4161 2306 4222 erit
2339 4159 2465 4222 iam
2498 4157 2686 4221 dubia
2720 4155 2835 4238 (in-

353 4264 575 4347 tellige
609 4263 681 4327 de
715 4263 902 4328 dubio
936 4264 1146 4327 stricte
1181 4267 1478 4346 sumpto),
1516 4263 1617 4328 sed
1658 4267 1749 4326 est
1788 4261 2106 4325 moraliter
2142 4266 2252 4323 aui
2291 4262 2475 4342 quasi
2512 4257 2834 4322 moraliter

357 4369 537 4429 certa
578 4391 637 4428 »-

448 4467 620 4532 Alibi
668 4487 813 4532 vero
863 4487 983 4533 non
1032 4469 1213 4533 modo
1248 4471 1492 4552 repetit,
1534 4469 1890 4534 huiusmodi
1941 4467 2288 4550 opinionem
2336 4485 2465 4531 esse
2514 4465 2833 4530 moraliter

352 4571 479 4634 aut
503 4571 683 4651 quasi
708 4571 1027 4634 moraliter
1059 4573 1310 4646 certam,
1332 4572 1436 4635 sed
1469 4572 1660 4648 addit,
1689 4591 1826 4637 eam
1851 4570 2075 4634 habere
2098 4573 2328 4633 certum
2360 4568 2835 4647 fundamentum
