3529 5158
334 348 472 425 [193]
996 362 1168 405 unm!
1205 362 1677 406 rumorum-orme
1712 364 2146 407 rnommrmsm
2692 354 2795 409 197

341 461 609 526 Ecclesia
643 459 859 525 audita
890 461 986 524 est
1016 458 1376 523 seandalosa
1407 459 1518 523 illa
1550 462 1612 524 et
1643 462 1945 544 tanquam
1975 462 2282 527 haeretica
2320 464 2615 529 damnata
2662 467 2797 531 Iau-

344 564 496 628 seuii
526 562 844 628 doctrina:
887 562 1098 644 aliqua
1129 561 1244 625 Dei
1274 564 1599 645 praecepta
1630 566 1777 627 sunt
1805 563 2213 647 impossibilia
2250 591 2310 629 ».

433 664 676 745 Quibus
721 664 917 729 subdo
963 664 1244 739 libenter,
1293 682 1452 744 quae
1485 662 1728 747 Gaspar
1774 664 1849 729 de
1894 665 2156 751 Segovia
2203 667 2463 732 Dissert.
2494 668 2569 730 de
2614 667 2795 748 Opin.

328 768 590 848 probab.
626 789 690 832 n.
727 769 874 833 102.
900 786 1042 850 pag.
1074 767 1176 830 78.
1203 765 1440 831 Romae
1468 767 1658 830 1795.
1682 768 1932 832 scribit:
1964 794 1999 826 «
2023 769 2161 834 Non
2187 788 2325 854 ego,
2352 772 2424 833 ut
2449 770 2612 853 apud
2644 770 2801 836 Gaz-

346 869 634 955 zanigam
680 869 1033 945 Terillus...‚
1074 868 1473 934 Iansenianos
1528 887 1671 932 cum
1721 868 2248 935 Probabilioristis
2299 871 2625 947 confundo,
2673 892 2796 938 non

341 990 549 1036 omnes
602 969 1194 1053 Antiprobabilistas
1249 968 1645 1035 Iausenianos
1697 971 1975 1053 appello:
2035 971 2141 1035 sed
2192 991 2334 1037 vero
2387 992 2530 1037 cum
2585 992 2797 1040 omnes

341 1074 588 1139 omnino
637 1073 1034 1138 Iansenianos
1065 1072 1491 1155 probabilismi
1524 1090 1728 1137 osores
1759 1092 1891 1138 esse
1921 1076 1985 1138 et
2030 1074 2359 1139 acerrimos
2393 1076 2796 1143 insectatores

343 1176 404 1240 in
433 1175 769 1259 compertis
793 1174 1075 1249 habeam,
1101 1194 1134 1240 e
1158 1194 1224 1241 re
1247 1174 1524 1257 ipsorum
1547 1193 1676 1239 esse
1699 1176 2124 1258 probabilismi
2147 1178 2652 1261 exstirpationem
2672 1198 2797 1244 non

340 1279 521 1345 modo
552 1278 852 1361 suspicor,
886 1277 991 1342 sed
1021 1278 1213 1342 etiam
1243 1277 1405 1342 clare
1435 1277 1611 1343 video
1651 1278 1950 1360 planeque
1981 1278 2180 1343 sentio
2212 1304 2274 1344 ».

426 1380 719 1447 Ceterum
765 1380 947 1445 dictis
993 1378 1236 1445 Soavini
1285 1380 1529 1445 obstare
1573 1399 1695 1444 uon
1749 1380 1948 1458 debet,
1996 1382 2163 1463 quod
2214 1383 2468 1465 quidam
2518 1384 2799 1449 ferantur

337 1482 668 1569 praeivisse
695 1482 1097 1548 Iansenianis.

423 1587 750 1651 Praeterea
794 1584 868 1649 de
914 1584 1217 1667 opinione,
1251 1604 1410 1666 quae
1454 1584 1634 1669 gravi
1677 1584 2101 1659 fundamento,
2135 1586 2264 1651 sive
2308 1588 2637 1653 intrinseco
2670 1588 2799 1653 sive

339 1689 697 1765 extrinseco,
745 1687 1071 1763 innitatur,
1104 1687 1504 1771 intelligenda
1551 1689 1698 1752 sunt
1743 1687 2048 1768 quaedam
2094 1691 2375 1754 veterum
2419 1691 2554 1754 DD.
2591 1691 2796 1767 effata,

340 1811 497 1875 quae
517 1790 706 1856 refert
730 1810 778 1855 s.
803 1790 1157 1855 Antoninus
1181 1788 1416 1853 Simim.
1449 1792 1609 1872 part.
1642 1790 1698 1852 1.
1727 1790 1829 1854 tit.
1857 1790 1918 1854 3.
1944 1809 2077 1874 cap.
2109 1792 2210 1855 10..
2239 1792 2297 1875 g.
2329 1793 2431 1856 10.
2456 1794 2799 1875 Postquam

344 1896 504 1961 enim
543 1894 884 1977 praemisit,
918 1912 1048 1957 esse
1077 1893 1431 1956 contrarias
1460 1892 1783 1972 opiniones
1819 1893 1985 1956 inter
2018 1891 2320 1959 Doctores
2364 1897 2696 1960 sanctitate
2742 1901 2805 1960 et

338 1999 600 2062 seientia
637 1998 943 2061 inaoeiinos
978 1998 1050 2060 in
1081 1996 1345 2059 materia
1380 1994 1609 2057 morali
1641 1994 1985 2076 aliquando
2020 1998 2209 2061 etiam
2261 1997 2351 2061 ad
2391 1998 2658 2063 salutem
2701 2020 2802 2064 ne·

337 2102 616 2165 cessarea
676 2100 860 2183 idque
915 2099 1202 2182 probavit
1258 2099 1535 2181 exemplo
1589 2117 1638 2162 s,
1689 2098 1984 2175 Thermae,
2032 2101 2143 2180 qui
2204 2104 2387 2175 tenet,
2450 2100 2617 2182 quod
2653 2106 2805 2181 post

339 2202 588 2283 lapsum
618 2203 688 2266 in
725 2201 986 2265 mortale
1022 2222 1149 2265 non
1179 2204 1416 2280 oportet
1442 2199 1714 2281 aliquem
1747 2201 1963 2263 statim
2002 2201 2287 2281 confiteri
2315 2202 2429 2266 sub
2448 2208 2799 2283 praecepto,

337 2303 553 2369 habita
575 2306 752 2385 copia
790 2303 1181 2383 confessoris,
1207 2323 1349 2368 eum
1379 2304 1589 2367 tamen
1621 2302 1815 2383 Huqo
1846 2303 1919 2366 de
1955 2323 2005 2368 s.
2051 2304 2292 2368 Victore
2317 2310 2448 2369 ets.
2475 2305 2804 2369 Beneven-

347 2412 488 2471 tura
520 2408 655 2471 sint
680 2408 746 2470 in
768 2405 880 2470 hoc
899 2407 1253 2470 contrariae
1276 2405 1621 2485 opinionis:
1645 2408 1935 2468 neutram
1948 2408 2155 2468 autem
2178 2407 2527 2485 opinionem
2552 2406 2804 2471 illorum

345 2509 692 2593 reprobari,
711 2510 831 2575 etsi
854 2508 910 2574 b.
940 2508 1208 2574 Thomae
1233 2508 1440 2588 opinio
1463 2508 1848 2572 communius
1872 2510 2173 2583 teneatur,
2192 2528 2351 2592 quae
2366 2511 2576 2574 tamen
2597 2510 2803 2575 minus

344 2617 483 2679 tuta
521 2613 803 2688 videtum
838 2604 986 2677 dein'
1024 2611 1102 2676 ad
1133 2611 1193 2675 id
1240 2609 1748 2688 confirmandum,
1789 2610 1955 2692 quod
1999 2613 2330 2686 statuerat,
2364 2612 2597 2678 scilieet
2642 2612 2808 2693 quod

345 2728 482 2781 cum
508 2717 671 2780 bona
694 2716 1072 2780 conscientia
1087 2717 1298 2794 potest
1324 2714 1467 2794 quis
1499 2717 1700 2777 tenere
1723 2733 1919 2777 unam
1928 2718 2180 2794 partem
2198 2714 2471 2780 alicuius
2493 2716 2807 2796 opinionis

342 2824 406 2883 et
431 2817 772 2883 secundum
807 2837 944 2880 eam
973 2817 1285 2897 quereri...
1307 2816 1644 2895 praecipue
1680 2815 1931 2896 quando
1961 2817 2102 2897 quis
2130 2816 2385 2882 adhibet
2410 2817 2805 2900 diliyentiam

347 2918 727 3002 inquirendo
757 2938 868 2982 nec
913 2918 1154 2982 invenit
1194 2915 1458 2998 aliquid,
1490 2916 1658 2998 quod
1681 2938 1821 2982 eum
1863 2918 2252 2999 sufficienter
2284 2924 2525 2984 moveat
2564 2920 2655 2985 ad
2694 2919 2805 2985 boc

341 3022 514 3107 quod
537 3023 629 3087 sit
656 3020 970 3094 illicitum,
1010 3020 1132 3085 ista
1164 3019 1518 3104 subiungit:
1553 3019 1714 3084 Item
1763 3019 1828 3086 U
1830 3020 2025 3085 Irieus
2050 3022 2121 3083 in
2154 3020 2413 3085 Summa
2447 3021 2619 3095 dicit,
2644 3021 2811 3100 quod

344 3129 406 3191 si
439 3126 585 3208 quis
625 3123 700 3187 de
730 3119 944 3204 aliquo
979 3121 1220 3204 ayendo
1256 3120 1482 3185 dubius
1503 3123 1708 3203 mayis
1723 3123 1968 3200 peritos
1996 3120 2298 3192 consulat,
2323 3120 2398 3182 de
2420 3141 2540 3199 quo
2562 3121 2807 3184 nullam

343 3229 532 3292 babet
559 3245 920 3308 eapressam
955 3225 1407 3297 auctoritatem,
1437 3228 1652 3287 utrum
1680 3223 1775 3285 ita
1804 3224 1996 3285 sitan
2026 3241 2191 3285 non:
2232 3219 2555 3283 dummodo
2586 3220 2811 3298 formet

344 3332 474 3396 sib-i
512 3330 737 3394 bonam
784 3327 1242 3400 conscientiam,
1281 3326 1529 3389 etiamsi
1569 3343 1673 3387 res
1708 3322 1898 3386 aliter
1926 3342 1991 3386 se
2037 3321 2278 3395 habeat,
2311 3341 2501 3401 quam
2543 3320 2616 3383 id
2647 3322 2814 3402 quod

342 3435 540 3499 sentit
568 3434 630 3494 et
664 3429 830 3511 quod
854 3428 979 3494 sibi
1007 3427 1355 3494 consultam
1381 3425 1594 3505 fuerit,
1632 3428 2000 3502 excusatum
2031 3425 2185 3506 quia
2217 3423 2383 3504 fecit,
2416 3423 2584 3505 quod
2596 3425 2812 3505 potuit

340 3541 407 3601 et
437 3534 617 3600 Deus
637 3531 797 3612 plus
839 3551 968 3597 non
1002 3531 1287 3612 requirit.
1329 3528 1490 3594 Item
1518 3549 1598 3593 ex
1632 3528 1967 3608 responsale,
2002 3548 2159 3609 quae
2195 3527 2486 3591 videntur
2531 3527 2681 3592 data
2726 3528 2805 3592 ab

338 3637 614 3703 Alberto
649 3635 916 3716 Magno,
948 3633 1230 3707 habetur,
1264 3633 1430 3714 quod
1453 3631 1656 3711 frater
1699 3629 1967 3710 simplex
2012 3630 2109 3695 vel
2153 3629 2417 3712 quilibet
2449 3629 2624 3695 bomo
2668 3651 2808 3695 cum

333 3741 542 3807 salute
575 3741 789 3820 potest
828 3738 1006 3818 sequi
1035 3737 1106 3799 in
1135 3735 1417 3800 consiliis
1453 3754 1895 3816 quamcumque
1926 3735 2278 3814 opinionem
2316 3733 2597 3808 voluerit,
2637 3733 2808 3798 dum-

334 3843 519 3909 modo
539 3839 840 3907 Doctoris
862 3839 1100 3920 Maqni
1127 3839 1478 3919 opinionem
1506 3839 1822 3918 sequatur.
1856 3835 2220 3901 Hostiensis
2250 3836 2439 3899 etiam
2461 3835 2644 3898 dicit:
2682 3835 2812 3900 Ubi

333 3950 494 4013 sunt
539 3944 821 4007 diversae
867 3941 1187 4020 opiniones
1232 3943 1294 4003 et
1335 3938 1582 4003 diversa
1626 3938 1883 4012 iudicia,
1916 3957 2154 4017 semper
2198 3936 2531 3999 humanior
2562 3935 2809 4015 praefe-

337 4049 548 4115 renda
579 4050 644 4112 et
675 4044 999 4128 aequior..
1046 4042 1426 4107 Guillelmus
1461 4044 1648 4106 etiam
1681 4043 1752 4105 in
1783 4040 1994 4124 ylossa
2028 4038 2400 4121 Raymundi
2443 4038 2614 4112 dicit,
2647 4037 2813 4119 quod

337 4156 415 4217 in
451 4148 743 4233 apicibus
790 4146 976 4219 iuri-3,
1013 4144 1124 4209 ubi
1159 4144 1451 4210 dubitant
1481 4146 1670 4209 etiam
1711 4145 2043 4223 sapientes,
2083 4141 2460 4206 excusabilis
2504 4146 2598 4206 est
2640 4142 2813 4223 igme-

336 4256 582 4321 rantia.
623 4250 864 4315 Tamen
892 4247 953 4311 si
980 4246 1216 4329 aliquis
1247 4247 1408 4312 bona
1436 4247 1559 4327 fide
1577 4251 1830 4326 partem
1860 4245 2040 4309 illam
2069 4243 2165 4308 vel
2187 4243 2368 4308 illam
2393 4243 2665 4326 eleyeri&
2685 4265 2810 4309 uon

341 4357 524 4423 debet
557 4371 754 4434 super
783 4348 893 4413 boc
923 4347 1146 4414 babere
1181 4351 1616 4413 conscientiam
1653 4349 1844 4412 nimis
1889 4347 2336 4427 scrupulosam.
2378 4346 2539 4410 Item
2576 4346 2814 4412 Petrus

339 4463 419 4527 de
447 4455 777 4525 Palude...
817 4451 1008 4516 dicit:
1051 4451 1231 4534 Quod
1269 4453 1330 4514 si
1363 4451 1676 4530 confessor
1721 4450 2054 4524 dubitaret,
2094 4453 2307 4513 utrum
2353 4448 2535 4522 illud,
2573 4449 2647 4512 de
2694 4470 2812 4530 quo

335 4563 648 4644 confitens
672 4576 804 4621 non
816 4555 1099 4635 poenitet
1117 4574 1229 4620 nec
1250 4554 1599 4635 confitetur,
1621 4558 1780 4618 esset
1800 4552 2060 4618 mortale
2085 4554 2296 4633 etipse
2321 4552 2620 4634 confitens
2645 4551 2814 4625 dicit,
