3529 5158
362 389 468 465 [11]
1028 403 1433 446 PARTrrIoNES
1471 403 1720 446 ACTUUM
1757 403 2149 447 nummolum
2784 391 2820 445 9

450 502 549 565 Ita
596 501 1065 565 matrimonium
1129 502 1627 565 consummatum
1674 500 1848 563 nulla
1893 519 2057 564 mere
2117 500 2390 564 humana
2446 501 2820 565 auctoritate

360 604 616 669 dissolvi
662 607 888 687 potest,
925 606 992 667 at
1039 604 1199 668 inter
1244 604 1504 667 Iudaeos
1551 603 1910 668 solvebatur
1955 602 2352 684 permissione
2401 622 2436 667 a
2483 604 2612 666 Deo
2651 603 2816 668 facta

358 706 553 770 libelli
602 706 842 789 repudii
888 707 950 769 et
996 705 1337 770 etiamnum
1371 705 1536 769 Deus
1582 704 1862 769 concedit
1892 722 2183 769 converso
2233 705 2310 768 ad
2357 704 2538 770 fidem
2569 706 2819 788 coniugi

360 808 833 873 dissolutionem
878 807 1111 871 vinculi
1153 806 1653 884 matrimonialis,
1688 807 1743 870 si
1789 806 2036 889 quidem
2085 808 2243 870 alter
2288 807 2508 871 coniux
2555 807 2819 871 infidelis

358 930 554 992 neque
580 910 855 974 converti
888 910 1039 974 velit
1069 929 1266 991 neque
1298 908 1548 992 pacifice
1579 909 1936 974 cohabitare
1970 928 2041 973 ac
2071 910 2201 973 sine
2233 909 2460 973 iniuria
2485 907 2814 974 Creatoris.

356 1012 439 1075 Et
470 1013 545 1075 R.
580 1011 887 1089 Pontifex,
922 1031 994 1075 ex
1042 1011 1415 1076 auctoritate
1461 1009 1711 1088 Christi,
1748 1012 1925 1074 cuius
1972 1013 2066 1075 est
2113 1011 2416 1089 VicariuS‚
2452 1014 2659 1095 potest
2691 1012 2819 1075 vin-

354 1114 568 1177 culum
617 1113 1014 1178 matrimonii
1073 1113 1375 1177 contracti
1420 1114 1484 1178 in
1530 1113 1899 1177 infidelitate
1961 1116 2024 1178 et
2085 1114 2500 1179 consummati
2558 1114 2812 1191 solvere,

358 1218 693 1298 postquam
726 1215 1025 1279 alteruter
1054 1214 1275 1279 coniux
1319 1215 1384 1278 in
1417 1215 1753 1279 Ecclesiam
1801 1215 1884 1278 sit
1915 1217 2224 1298 receptus:
2259 1214 2332 1279 de
2377 1216 2602 1297 quibus
2633 1218 2814 1280 rebus

354 1336 467 1382 suo
513 1318 671 1381 loco.
699 1315 874 1397 Quod
925 1321 1133 1382 autem
1181 1319 1421 1401 spectat
1469 1317 1545 1381 ad
1592 1318 2092 1381 immutationem
2141 1316 2572 1381 adjunctorum
2619 1318 2814 1401 ipsius

354 1421 460 1496 rei,
495 1420 557 1483 id
605 1419 783 1484 facile
831 1421 1022 1503 patet.
1059 1418 1157 1484 Sic
1204 1420 1373 1484 verbi
1419 1420 1626 1504 gratia
1658 1420 1712 1483 si
1758 1419 2075 1503 quidpiam
2123 1418 2261 1501 quis
2307 1420 2548 1483 voverit
2579 1422 2643 1484 et
2674 1420 2811 1485 dein

354 1523 765 1587 immutentur
796 1522 1315 1599 circumstantiae,
1350 1522 1443 1586 ita
1474 1524 1547 1586 ut
1591 1522 1901 1586 exsecutio
1934 1521 2159 1586 evadat
2188 1520 2368 1585 valde
2400 1521 2669 1586 difficilis
2700 1526 2814 1586 aut

354 1625 558 1688 minus
609 1625 737 1688 Deo
786 1626 967 1707 grata
1015 1627 1152 1701 etc„
1194 1643 1265 1688 eo
1312 1625 1447 1707 ipso
1496 1627 1674 1687 actus
1717 1624 1981 1688 rescindi
2026 1625 2252 1704 potest.

440 1725 621 1805 Quod
642 1744 788 1790 vero
820 1726 1079 1791 rescindi
1108 1727 1306 1809 possit
1337 1745 1443 1808 per
1473 1744 1635 1802 eum,
1661 1726 1769 1807 qui
1802 1725 2175 1789 auctoritate
2198 1725 2262 1787 in
2295 1723 2575 1789 subditos
2600 1726 2810 1807 pollet,

353 1828 470 1893 hoc
502 1828 768 1911 pertinet
800 1829 877 1892 ad
907 1830 1137 1894 bonum
1171 1848 1521 1893 commune:
1556 1832 1692 1891 tum
1725 1827 1872 1909 quia
1919 1846 2041 1891 non
2073 1829 2205 1890 erat
2251 1825 2314 1889 id
2345 1826 2811 1908 relinquendum

351 1931 649 2011 cuiusque
699 1930 972 2007 arbitrio,
1007 1932 1137 1995 sive
1185 1933 1412 2014 agatur
1457 1928 1530 1995 de
1574 1950 1639 1995 re
1671 1930 1855 1993 unius
1902 1929 2029 1994 sive
2075 1928 2435 2011 praesertim
2482 1932 2710 2013 agatur
2740 1930 2812 1993 de

351 2050 652 2095 concursu
682 2032 913 2096 iurium
946 2033 1218 2115 plurium
1250 2033 1592 2110 hominum,
1629 2032 1707 2096 ad
1753 2032 1896 2096 lites
1928 2035 1992 2096 et
2022 2031 2357 2096 discordias
2403 2050 2619 2114 nempe
2651 2050 2814 2096 com-

350 2134 689 2215 ponendam
722 2137 860 2199 tum
908 2135 1056 2217 quia
1086 2134 1309 2219 rectori
1341 2134 1808 2200 communitatis
1841 2135 2007 2198 Deus
2054 2153 2189 2198 eam
2221 2134 2373 2198 facit
2412 2137 2807 2217 potestatem,

348 2254 537 2316 quam
571 2236 835 2319 singulis
868 2255 989 2301 non
1036 2236 1204 2312 facit,
1239 2238 1367 2301 sive
1398 2237 1458 2300 id
1509 2237 1931 2320 proficiscatur
1960 2256 2032 2303 ex
2063 2240 2373 2318 potestate
2405 2240 2468 2301 et
2514 2237 2806 2315 dominio,

348 2337 511 2418 quod
559 2338 748 2401 habet
795 2339 1071 2421 superior
1115 2340 1179 2401 in
1226 2340 1545 2403 subditum
1592 2340 1720 2403 sive
1768 2340 1852 2403 sit
1898 2358 1967 2402 ex
2016 2339 2570 2414 administratione,
2620 2357 2808 2419 quam

348 2440 514 2503 Deus
560 2439 817 2520 reliquit
864 2440 1162 2523 potestati
1210 2441 1536 2506 Ecclesiae.

453 2601 500 2660 c)
526 2595 775 2650 Invalidus
804 2605 888 2650 aut
928 2597 1038 2650 talis
1076 2604 1151 2652 est
1188 2597 1296 2665 ipso
1339 2603 1462 2651 tacto
1503 2605 1549 2650 et
1591 2614 1616 2652 a
1657 2597 1896 2665 principio
1933 2597 2079 2664 idque
2121 2601 2198 2650 vel
2238 2596 2345 2650 iure
2373 2604 2569 2651 naturae
2597 2601 2675 2651 vel
2701 2598 2807 2652 iure

353 2682 581 2744 humane,
612 2687 697 2734 aut
723 2681 893 2735 saltem
934 2681 1038 2735 fleri
1079 2681 1189 2736 talis
1228 2689 1405 2749 potest,
1440 2697 1527 2749 per
1555 2682 1729 2735 iudicis
1759 2697 1930 2749 nempe
1958 2681 2244 2736 sententiam
2272 2697 2357 2736 seu
2385 2697 2473 2749 per
2497 2680 2699 2748 legitimi
2729 2698 2805 2735 su-

355 2763 567 2831 perior-is
604 2764 961 2820 auctoritatem.

440 2883 540 2957 10.
592 2888 860 2953 Invalidi
905 2890 1039 2972 ipso
1087 2889 1250 2955 facto
1299 2892 1445 2954 sunt
1492 2893 1687 2967 actus,
1736 2890 1961 2972 quibus
2009 2889 2232 2953 desunt
2278 2891 2628 2955 essentialia
2675 2892 2808 2954 iure

350 2993 630 3064 naturae,
664 2993 737 3054 ut
783 2991 835 3054 si
883 2992 1086 3056 ebrius
1119 2995 1503 3056 contractum
1552 2993 1721 3056 ineat
1769 2993 1866 3056 vel
1913 2992 1966 3055 si
1998 2993 2224 3056 vendas
2270 3013 2398 3056 rem
2446 3013 2565 3057 non
2600 2997 2804 3056 tuam:

350 3091 476 3155 iure
510 3093 804 3172 humano,
840 3096 913 3157 ut
944 3095 997 3158 si
1028 3097 1473 3159 testamentum
1522 3094 1884 3159 conficiatur
1916 3095 2044 3158 sine
2077 3095 2468 3177 praescriptis
2501 3095 2809 3158 sollemni-

349 3196 603 3259 tatibus,
664 3196 1027 3280 Exemplum
1091 3200 1265 3261 actus
1327 3198 1704 3262 invalidandi
1769 3198 1957 3261 habes
2019 3198 2081 3260 in
2144 3198 2454 3262 solutione
2515 3197 2807 3279 pecuniae

351 3298 610 3361 amissae
643 3298 704 3361 in
737 3299 884 3363 ludo
920 3300 1133 3370 vetito,
1169 3319 1325 3381 quae
1356 3321 1463 3382 per
1508 3301 1928 3363 interventum
1961 3297 2179 3361 iudicis
2213 3297 2557 3381 recuperari
2586 3297 2803 3380 possit.

456 3456 510 3519 d)
542 3453 765 3518 Denique
802 3460 941 3508 actus
979 3462 1140 3521 potest
1179 3469 1287 3509 esse
1327 3454 1519 3509 validus
1558 3453 1701 3508 simul
1739 3461 1790 3507 et
1828 3452 2006 3516 licitus,
2034 3456 2112 3506 vel
2141 3452 2335 3507 validus
2358 3454 2446 3507 sed
2471 3451 2687 3515 illicitus,
2725 3455 2805 3506 vel

352 3551 381 3589 e
416 3538 659 3591 contrario
699 3537 864 3593 licitus
901 3541 986 3593 scd
1022 3539 1283 3604 invalidus,
1312 3542 1390 3592 vel
1429 3538 1636 3604 denique
1674 3553 1764 3592 nec
1803 3537 1966 3593 licitus
2005 3552 2094 3592 nec
2133 3538 2342 3592 validus,

435 3654 512 3728 ΙΙ.
550 3660 919 3743 Exemplum
964 3662 1147 3744 primi
1178 3661 1643 3726 matrimonium
1692 3662 2081 3724 contractum
2115 3661 2344 3742 absque
2390 3660 2522 3724 ullo
2554 3658 2807 3741 impedi-

349 3767 550 3828 mento
574 3762 906 3828 dirimente
937 3766 1048 3828 aut
1078 3764 1474 3847 impediente:
1501 3762 1750 3827 secundi
1781 3762 2250 3826 matrimonium
2281 3780 2574 3844 personae
2598 3761 2807 3825 catho-

347 3864 494 3929 licae
525 3885 671 3930 cum
703 3884 963 3948 persona
995 3867 1303 3931 haeretica
1335 3867 1564 3947 absque
1610 3865 2099 3948 dispensatione:
2134 3864 2308 3927 tertii
2337 3862 2807 3926 matrimonium

345 3987 411 4032 er
433 3970 797 4054 ignorantia
819 3970 1162 4036 invincibili
1185 3990 1324 4034 cum
1348 3970 1787 4053 impedimento
1812 3968 2136 4032 dirimente
2160 3968 2577 4031 contractum:
2598 3965 2808 4045 quarti

341 4071 815 4137 matrimonium
861 4072 1120 4136 scienter
1164 4075 1551 4137 contractum
1598 4091 1739 4136 cum
1784 4069 2224 4153 impedimento
2271 4067 2615 4132 dirimente.
