3529 5158
681 376 787 431 234
1145 388 1355 429 Tnnc‘r.
1396 388 1456 427 11.
1499 387 1583 425 nn
1621 384 2037 427 coriscus-nna,
2078 384 2279 425 CAPUT
2314 384 2380 424 11.
2417 383 2558 424 nun.
2597 382 2662 422 11.
2985 367 3129 442 [201]

681 506 828 550 suae
852 487 1162 550 dioecesis.
1215 484 1314 547 Sic
1362 481 1791 553 confessarius,
1827 481 1933 562 qui
1966 484 2154 557 tenet,
2192 481 2253 544 vi
2285 480 2419 544 voti
2457 479 2770 543 castitatis
2808 479 3031 543 emisso
3066 479 3145 543 ab

681 590 984 652 alterutro
1033 606 1419 670 sponsorum,
1464 584 1777 667 sponsalia
1814 580 1992 655 solvi,
2028 583 2351 665 permittet
2384 581 2565 646 alteri
2604 581 2790 663 parti,
2824 581 2900 644 ut
2935 600 3150 645 coram

679 690 881 754 iudice
913 689 1104 753 instet
1137 708 1246 771 pro
1282 687 1666 770 sponsalium
1700 685 1817 748 fide
1850 685 2170 748 servanda.
2205 684 2286 748 Et
2317 684 2408 748 ita
2433 702 2637 766 porro.

787 827 922 879 XlV.
943 828 989 878 2.
1013 827 1177 878 Potest
1205 824 1347 877 etiam
1370 823 1446 875 vir
1469 822 1578 875 talis
1598 825 1849 875 consultus
1888 820 2161 884 significare
2188 818 2476 883 consulenti,
2503 817 2779 885 opinionem
2803 833 2828 870 a
2848 817 3143 884 quibusdam

679 913 1090 978 1109119131111113111
1129 910 1433 977 probabilem
1475 908 1685 967 1191911111,
1712 923 1863 973 quam
1896 908 2100 973 proinde
2137 906 2231 973 ipsi
2271 905 2408 973 sequi
2440 906 2605 972 lieeatg
2645 904 2869 971 quamvis
2894 904 3002 971 ipse
3031 919 3146 958 con·

681 1002 839 1051 sultus
862 999 1064 1050 eandem
1094 995 1395 1062 speculative
1423 997 1589 1047 salsam
1629 1008 1736 1046 esse
1762 992 1946 1046 indicet
1972 1000 2020 1046 91
2047 991 2250 1057 proinde
2276 991 2327 1044 in
2354 989 2495 1057 praxi
2518 990 2624 1057 ipse
2652 988 2791 1055 sequi
2817 1004 2913 1042 non
2942 992 3140 1043 audeat.

680 1082 824 1136 Ratio
862 1089 964 1148 est;
1002 1080 1114 1146 quia
1153 1084 1277 1133 31191·
1313 1082 1459 1133 habet
1498 1078 1575 1131 ius
1611 1077 1846 1143 sequendi
1883 1075 2170 1130 sententiam
2210 1075 2513 1143 probabilem
2550 1082 2599 1129 et
2637 1078 2732 1128 bor.
2767 1074 2848 1127 ius
2885 1088 3027 1128 suum
3070 1072 3142 1127 illi

683 1167 899 1220 indicare
938 1180 1032 1218 non
1072 1163 1380 1231 prohibetur.
1410 1165 1577 1227 Laym.
1610 1165 1641 1215 1.
1679 1165 1720 1214 1.
1749 1169 1809 1214 11.
1842 1163 1881 1215 Ι.
1902 1176 1943 1213 c.
1967 1164 2016 1215 5.
2042 1176 2090 1214 n.
2114 1164 2163 1214 9.
2187 1162 2365 1213 Bonae.
2387 1175 2436 1226 p.
2458 1162 2506 1211 9.

773 1265 935 1339 201.
985 1269 1083 1332 Ita
1131 1287 1273 1331 eum
1305 1267 1515 1350 agitur
1547 1266 1619 1329 de
1651 1264 1957 1329 solvendis
1990 1263 2362 1346 quibusdam
2407 1263 2689 1349 gabellis,
2729 1262 2961 1346 poterit
3006 1281 3148 1327 con-

684 1371 975 1435 fessarius
1007 1370 1273 1434 indicare
1307 1368 1648 1451 poenitenti
1685 1367 2059 1431 sententiam
2095 1365 2434 1441 docentem,
2462 1366 2574 1429 has
2612 1365 2779 1450 leges
2819 1384 2948 1428 esse
2979 1384 3146 1428 mere

686 1473 989 1556 poenales.
1031 1473 1132 1537 Ita
1178 1472 1252 1536 de
1300 1470 1679 1555 obligatione
1724 1469 1941 1534 ieiunii
1988 1471 2129 1551 post
2177 1468 2282 1532 60.
2343 1487 2575 1533 annum
2621 1468 2717 1532 vel
2774 1466 2847 1532 de
2896 1468 3149 1550 potione

685 1576 955 1658 quadam
992 1596 1136 1639 cum
1164 1574 1433 1637 frustulo
1473 1572 1649 1656 panis
1686 1591 1867 1636 mane
1892 1571 2208 1636 sumenda.

793 1714 909 1766 XV.
939 1715 985 1766 3.
1013 1713 1361 1773 Poenitentem,
1394 1710 1476 1776 qui
1503 1711 1768 1763 secundum
1797 1708 2103 1775 probabilem
2131 1707 2408 1775 opinionem
2439 1707 2637 1775 operari
2676 1710 2796 1774 vult,
2824 1714 3001 1774 potest,
3041 1707 3142 1761 imo

685 1800 948 1852 secundnm
988 1812 1292 1851 communem
1333 1794 1620 1849 sententiam
1661 1797 1807 1847 debet
1853 1793 2179 1847 confessarius
2218 1800 2266 1846 et
2303 1793 2498 1859 quidem
2549 1793 2591 1846 si
2643 1791 2868 1860 proprius
2910 1792 2971 1846 sit
3009 1792 3141 1858 (sive

688 1886 948 1949 parocbuS,
977 1885 1067 1934 sub
1089 1881 1309 1945 1110111111)
1338 1883 1610 1941 absolvere,
1640 1879 1751 1933 licet
1775 1878 1883 1945 ipse
1909 1878 2092 1932 iudicet
2115 1878 2385 1931 doctrinam
2412 1879 2543 1931 illam
2572 1894 2681 1931 esse
2708 1883 2874 1933 falsam
2892 1898 2905 1933 ι
2926 1878 3140 1945 1119011119

687 1972 862 2020 trustra
901 1964 1110 2017 remittet
1143 1967 1201 2016 ad
1231 1964 1376 2016 alium
1408 1963 1774 2028 confessarium,
1799 1963 1882 2029 qui
1909 1962 1969 2016 sit
1995 1962 2213 2016 eiusdem
2241 1962 2523 2017 sententiae.
2551 1963 2696 2017 Ratio
2726 1973 2800 2018 est
2809 1979 2827 2032 ;
2851 1964 2962 2031 quia
3001 1972 3139 2018 19919

685 2049 924 2116 disposito
960 2064 1055 2101 non
1094 2051 1240 2101 debet
1279 2048 1443 2111 negari
1482 2047 1744 2100 absolutio·
1766 2050 1914 2101 Azor.
1945 2050 2092 2112 Vasq.
2130 2050 2307 2100 Sanch.
2334 2050 2500 2112 Layin.
2530 2051 2560 2101 l.
2596 2051 2641 2101 1.
2671 2056 2732 2101 11.
2768 2051 2811 2100 1.
2838 2064 2880 2102 9.
2909 2050 2958 2100 5.
2988 2064 3033 2101 11.
3066 2052 3144 2103 10.

687 2134 931 2199 Α11111111119
961 2133 1116 2187 Diana
1143 2149 1190 2198 p.
1214 2136 1263 2185 2.
1284 2140 1343 2185 tr.
1374 2135 1446 2184 13.
1470 2148 1511 2184 1.
1547 2135 1558 2184 l
1584 2135 1622 2184 1.
1645 2147 1706 2185 ex
1735 2136 1910 2185 5311911.
1940 2141 1988 2185 91
2015 2131 2207 2193 Saucia,
2236 2147 2435 2198 peceare
2462 2133 2750 2198 mortaliter,
2773 2133 2817 2187 si
2839 2133 2959 2187 nolit
2985 2136 3147 2187 absol·

690 2233 822 2284 vere,
846 2221 1039 2284 quando
1079 2221 1138 2270 de
1180 2216 1374 2270 mortali
1411 2216 1651 2270 9011199910
1691 2215 1769 2278 911,
1799 2217 1991 2269 tametsi
2032 2232 2126 2268 non
2166 2216 2230 2269 sit
2268 2217 2499 2283 proprius
2537 2217 2643 2271 eius
2682 2218 3027 2272 confessarius.

775 2317 959 2391 202.
1010 2322 1103 2385 Ι)9
1151 2321 1521 2385 absolvendo
1571 2321 1943 2403 poenitente,
1993 2322 2101 2402 qui
2146 2321 2529 2403 probabilem
2577 2322 2801 2387 sectari
2848 2322 3006 2400 vult,
3059 2322 3153 2386 ait

686 2444 732 2487 9.
774 2424 958 2506 Alph.
999 2424 1105 2486 lib.
1139 2444 1199 2486 n.
1244 2424 1429 2487 604.:
1479 2452 1512 2481 «
1552 2423 1871 2489 Sententia
1918 2424 2263 2488 communis
2310 2426 2373 2487 et
2418 2425 2734 2505 seque-mla
2778 2425 2976 2502 docet,
3027 2443 3151 2490 non

686 2526 889 2591 solum
927 2544 1124 2610 posse,
1166 2526 1269 2590 sed
1302 2526 1494 2590 etiam
1531 2526 1725 2590 teneri
1762 2524 1876 2588 aab
1908 2526 2092 2607 mavi
2122 2525 2564 2591 confessarium
2597 2526 2915 2592 absolvere
2947 2525 3157 2611 poeni-

685 2632 941 2705 tentem,
976 2629 1082 2710 qui
1116 2628 1252 2691 vult
1299 2629 1474 2709 sequi
1507 2627 1857 2710 opinionem
1904 2628 2305 2711 probabilem,
2355 2628 2500 2692 lieet
2534 2629 2819 2713 opposita
2864 2628 3157 2694 videatur

684 2731 1057 2797 confessario
1097 2756 1159 2792 ».

775 2834 952 2914 Quod
984 2851 1128 2897 vero
1167 2834 1240 2896 A.
1275 2834 1443 2897 intra
1468 2833 1887 2915 parenthesim
1925 2833 2093 2908 dicit,
2128 2834 2397 2899 mortale
2429 2853 2560 2899 esse
2591 2836 2933 2916 peccatum,
2960 2833 3015 2898 si
3046 2834 3159 2915 qui

686 2939 875 3022 negat
907 2936 1362 3000 absolutionem
1409 2936 1504 2999 est
1549 2935 1834 3018 proprius
1881 2935 2206 3018 parochus,
2255 2936 2320 2999 id
2367 2936 2636 3019 pertinet
2682 2936 2761 3001 ad
2806 2935 3157 3001 doctrinam

687 3040 1118 3122 quorumdam,
1160 3039 1266 3120 qui
1299 3059 1438 3101 cum
1489 3038 1550 3101 in
1599 3037 1730 3101 solo
1781 3037 2047 3120 parocho
2099 3037 2499 3102 admitterent
2540 3038 2985 3122 obligationem
3017 3057 3159 3122 gra-

688 3163 824 3208 vem
873 3141 1159 3206 audiendi
1207 3140 1616 3205 confessiones
1664 3158 1920 3203 suorum
1970 3140 2383 3216 subditorum,
2432 3141 2596 3205 male
2642 3140 2784 3205 inde
2837 3139 3160 3206 conclude-

683 3247 855 3319 bant,
892 3244 1096 3309 solum
1131 3243 1468 3326 paroohum
1517 3243 1740 3306 habere
1772 3263 2026 3324 =qrcwem
2074 3242 2518 3326 obligationem
2560 3241 2918 3307 absolvendi
2950 3242 3159 3325 poeni-

688 3350 937 3412 tentem.
977 3345 1093 3409 Sed
1141 3346 1290 3409 haec
1339 3345 1644 3409 sententia
1690 3345 2004 3409 communi
2053 3345 2352 3430 suffragio
2401 3344 2721 3420 reiicitur;
2771 3345 2998 3428 quippe
3045 3344 3155 3426 qui

673 3433 900 3533 'pastor
931 3467 1053 3512 non
1085 3448 1312 3511 estnec
1337 3448 1459 3510 alio
1487 3447 1674 3511 titulo
1696 3447 1942 3510 tenetur
1967 3447 2044 3511 ad
2077 3447 2459 3530 excipiendas
2484 3447 2915 3525 confessioneS,
2934 3447 3157 3529 utique

683 3554 839 3616 liber
863 3552 1002 3626 erit,
1039 3553 1254 3614 utrum
1295 3550 1444 3613 velit
1483 3569 1668 3614 necne
1701 3550 1779 3614 ad
1811 3550 2253 3616 confessionem
2280 3550 2609 3614 admittere
2629 3575 2644 3627 3
2666 3551 2735 3614 at
2757 3550 3041 3634 quisquis
3075 3549 3155 3613 ad

685 3654 1128 3718 confessionem
1163 3651 1462 3726 admittit,
1497 3670 1619 3716 non
1668 3657 1762 3716 est
1812 3652 2078 3735 amplius
2125 3653 2280 3716 liber
2329 3651 2405 3715 ad
2456 3651 2899 3716 absolvendum
2948 3670 3156 3728 necne,

687 3763 759 3824 ut
791 3760 881 3824 ait
914 3779 961 3823 9.
996 3758 1179 3841 Alph.
1213 3758 1321 3822 lib.
1366 3758 1423 3821 6.
1449 3779 1506 3822 n.
1545 3759 1693 3821 604.
1730 3783 1764 3816 «
1798 3758 2006 3834 Ratio,
2041 3758 2250 3839 inquit
2280 3757 2410 3840 ipse
2441 3777 2583 3821 cum
2615 3758 2949 3834 communi,
2976 3755 3159 3820 valde

690 3883 918 3947 eryciis
949 3863 1074 3938 est3
1117 3862 1262 3943 quia
1290 3861 1625 3944 poenitenS,
1662 3862 1827 3925 faeta
1867 3860 2264 3937 confessione,
2300 3880 2442 3923 cum
2475 3860 2560 3923 sit
2583 3858 2941 3942 dispositae,
2967 3859 3161 3924 habet

685 3966 783 4031 ius
821 3967 1112 4030 strictum
1153 3964 1230 4027 ad
1278 3963 1755 4036 absolutionem,
1798 3982 1989 4045 quam
2020 3962 2377 4047 denegando
2428 3960 2859 4038 confessarum,
2900 3980 3159 4046 gravem

685 4070 776 4133 illi
811 4069 1104 4132 iniuriam
1135 4068 1444 4148 irrogaret
1481 4092 1541 4129 ».

775 4171 1000 4233 Merito
1043 4171 1252 4230 autem
1309 4171 1519 4231 monet
1571 4167 1830 4240 Auctor,
1882 4167 2116 4231 frustra
2164 4167 2345 4231 illum
2394 4167 2811 4249 poenitentem
2858 4165 3034 4230 mitti
3079 4164 3163 4228 ad

689 4273 882 4336 alium
929 4270 1390 4344 confessarium,
1427 4271 1535 4351 qui
1573 4271 1703 4334 scil.
1747 4273 1956 4335 teneat
2002 4271 2375 4335 sententiam
2415 4270 2785 4353 oppositam.
2834 4268 3156 4351 Numquid

689 4375 850 4438 enim
868 4372 1185 4454 poenitens
1225 4372 1312 4436 919
1343 4375 1504 4436 esset
1535 4373 1737 4457 magis
1770 4372 2107 4455 dispositus
2141 4393 2248 4438 seu
2267 4373 2474 4437 minus
2499 4371 2943 4455 indispositus?
2961 4370 3159 4436 Porro

689 4479 761 4540 ut
808 4475 1018 4538 subdit
1064 4495 1111 4537 s.
1162 4475 1344 4557 Alph.
1380 4476 1421 4538 l.
1457 4496 1530 4548 c.,
1581 4476 1990 4540 confessarius
2038 4494 2159 4541 non
2199 4478 2294 4540 est
2340 4476 2520 4540 iudex
2568 4474 2949 4557 opinionum,
2997 4491 3161 4555 quas

689 4577 1005 4659 poenitens
1031 4578 1202 4658 sequi
1240 4580 1542 4652 teneatur,
1578 4578 1682 4641 sed
1722 4581 1970 4641 tantum
2018 4577 2480 4660 dispositionis?
2520 4577 2601 4641 Et
2630 4575 2962 4652 concludit,
2997 4575 3159 4640 satis

689 4679 910 4743 saltem
948 4699 1096 4747 esse,
1139 4680 1189 4742 si
1223 4680 1650 4754 coni'essariuS,
1691 4683 1822 4743 esto
1857 4699 1992 4743 eam
2027 4681 2375 4762 opinionem
2421 4698 2543 4743 non
2591 4679 2818 4744 habeat
2850 4680 2921 4741 ut
2955 4677 3155 4742 solide
