3529 5158
393 300 539 376 [734]
1128 314 1303 355 MALA
1342 313 1406 353 m
1446 310 1793 351 mmmmm
1829 308 2132 351 conmssA
2756 304 2867 359 625

484 410 754 476 Sanchez
788 413 996 475 tamen
1041 431 1165 477 non
1204 408 1503 486 admittit,
1539 407 1704 489 quod
1750 407 2014 471 ulterius
2059 407 2232 472 addit
2279 409 2563 492 Vasquez
2601 413 2665 478 in
2704 417 2758 478 1.
2801 418 2862 480 2.

378 512 548 595 disp.
588 513 734 576 127.
769 532 901 596 cap.
936 514 996 577 3.
1032 534 1091 577 11.
1133 514 1256 590 11.,
1297 530 1482 594 quem
1520 510 1717 574 secuti
1754 506 1986 593 Sayrus
2018 508 2194 574 Cslav.
2221 509 2381 592 Rey.
2416 513 2524 577 lib.
2554 516 2613 577 2.
2641 535 2772 600 cap.
2801 519 2863 581 9.

392 636 451 679 11.
492 616 621 691 42.,
663 616 726 679 et
763 612 1279 679 Salmanticenses
1312 614 1463 676 trac.
1506 614 1610 675 25.
1652 630 1785 694 cap.
1822 612 1883 674 2.
1919 631 2019 676 1111.
2062 613 2326 689 30.-31.,
2361 614 2530 679 ebrio
2569 617 2700 680 scil.
2742 638 2864 683 non

392 736 571 801 posse
615 716 914 800 imputari
960 716 1320 800 periurium,
1370 714 1808 799 blasphemiae,
1857 714 2311 780 infidelitatem.
2363 717 2552 783 Ratio
2599 718 2864 803 Vasquii

392 821 505 897 est,
539 820 688 901 quia
714 843 749 878 «
781 820 889 901 qui
921 838 1043 884 non
1081 818 1251 883 videt
1283 818 1381 882 vel
1418 816 1667 880 dubitat
1703 834 1834 880 esse
1871 816 2122 890 falsum,
2157 818 2321 900 quod
2353 818 2542 894 iurat,
2576 823 2862 903 periurus

390 941 513 987 non
561 925 656 986 est
696 948 757 985 ».
800 919 1382 986 Salmanticensium
1429 938 1571 984 vero
1620 918 1783 982 ratio
1832 921 1946 995 est,
1996 920 2141 1000 quia
2174 944 2209 978 ‹<
2251 923 2503 1003 peccata
2558 924 2680 989 oris
2735 945 2861 991 non

389 1028 652 1108 possunt
697 1044 827 1089 esse
874 1025 1172 1089 obiective
1220 1024 1409 1097 mala,
1449 1022 1569 1086 nisi
1614 1021 1741 1085 sint
1787 1021 2133 1086 formaliter
2180 1024 2384 1101 verba,
2437 1025 2553 1089 hoc
2599 1029 2695 1091 est
2740 1028 2861 1092 nisi

387 1127 735 1211 exprimant
779 1129 1144 1210 conceptum
1190 1145 1297 1209 per
1341 1144 1414 1189 ea
1459 1124 1771 1205 loquentis
1820 1124 1883 1187 et
1928 1123 2303 1188 intendentis
2349 1125 2585 1207 aliquid
2634 1148 2741 1211 per
2787 1149 2859 1195 ea

388 1229 770 1313 significare3
811 1249 953 1294 cum
1000 1248 1145 1314 ergo
1194 1227 1541 1310 (inquiunt)
1573 1226 1820 1309 quando
1869 1226 1948 1290 ab
1995 1228 2238 1292 amente
2286 1231 2400 1293 aut
2446 1229 2613 1294 ebrio
2663 1233 2862 1315 profe-

386 1332 612 1395 runtur
656 1350 779 1396 non
827 1331 1172 1414 exprimant
1218 1329 1583 1412 conceptum
1622 1348 1728 1411 per
1775 1327 1886 1391 illa
1933 1328 2265 1411 loquentis,
2321 1349 2441 1394 non
2491 1334 2638 1396 sunt
2685 1334 2859 1398 illius

386 1433 731 1498 formaliter
769 1435 973 1512 verba,
1008 1434 1115 1500 sed
1150 1435 1401 1499 tantum
1431 1432 1844 1497 materialiter
1890 1451 2001 1496 seu
2046 1433 2300 1514 quidam
2333 1453 2521 1500 sonus
2555 1438 2858 1520 tanquam

388 1555 424 1599 a
479 1536 616 1618 pica
662 1536 944 1619 prolatus
976 1563 1037 1600 ».
1075 1535 1305 1621 Sayrus
1339 1555 1481 1601 vero
1521 1555 1663 1599 cum
1699 1532 1985 1614 Vasquez
2034 1534 2237 1599 reddit
2271 1538 2607 1602 rationem:
2643 1564 2677 1599 «
2710 1543 2859 1623 quia

385 1638 536 1702 haec
568 1641 641 1702 ut
676 1639 928 1722 peccata
960 1639 1086 1702 sint
1116 1640 1179 1701 et
1217 1637 1293 1701 ad
1326 1638 1573 1719 culpam
1606 1636 2014 1719 imputentur,
2044 1636 2177 1700 fieri
2209 1638 2432 1702 debent
2462 1642 2753 1720 scienter;
2790 1648 2861 1709 at

385 1758 532 1804 vero
565 1740 674 1822 qui
702 1760 825 1805 non
864 1740 1033 1805 videt
1070 1742 1183 1804 aut
1226 1740 1476 1804 dubitat
1512 1758 1643 1804 esse
1681 1738 1930 1815 falsum,
1965 1739 2130 1821 quod
2177 1740 2365 1817 iurat,
2402 1744 2684 1824 periurus
2733 1766 2855 1812 non

385 1846 500 1920 est,
541 1844 703 1909 sicut
740 1864 849 1909 nec
881 1844 1277 1927 blasphemus
1310 1846 1424 1920 est,
1465 1842 1573 1926 qui
1613 1842 1883 1927 ignorat,
1919 1842 2068 1924 quid
2100 1843 2269 1907 dicat
2299 1869 2360 1907 ».

478 1945 649 2026 Quae
695 1947 944 2030 quidem
989 1947 1263 2011 rationes
1298 1946 1662 2029 longissime
1702 1945 1941 2009 distant
1974 1966 2010 2009 a
2043 1946 2362 2030 principio,
2397 1968 2521 2030 quo
2559 1969 2711 2015 usus
2757 1955 2854 2017 est

386 2048 658 2113 Sanchez
693 2049 770 2113 ad
803 2050 1179 2114 excusandas
1216 2047 1625 2113 contumelias
1674 2047 1751 2110 ab
1800 2047 1967 2111 ebrio
2017 2047 2315 2130 prolatas,
2368 2048 2635 2116 Sanchez
2683 2055 2847 2117 enim

384 2151 622 2215 ebrium
664 2155 936 2229 excusat,
978 2152 1125 2233 quia
1173 2151 1323 2215 ebrii
1372 2149 1785 2214 contumeliae
1833 2168 1952 2213 non
2002 2152 2152 2214 sunt
2199 2153 2382 2234 aptae
2430 2153 2506 2216 ad
2554 2154 2848 2220 honorem

384 2252 749 2317 laedendum
797 2256 860 2317 et
906 2271 1085 2317 nemo
1134 2254 1358 2328 censet,
1408 2271 1472 2317 se
1518 2252 1884 2315 dehonorari
1932 2271 2002 2315 ex
2058 2252 2232 2315 ebriii
2281 2254 2691 2333 contumeliis,
2743 2277 2852 2321 nec

383 2354 679 2419 damnum
716 2355 828 2419 illa
858 2356 1046 2419 verba
1077 2354 1368 2419 inferunt.
1413 2354 1575 2417 Hinc
1608 2354 1725 2417 etsi
1773 2354 1912 2436 quis
1944 2354 2320 2436 praevideat,
2363 2376 2425 2420 se
2458 2359 2519 2420 in
2554 2358 2855 2425 ebrietate

386 2458 615 2538 iniuria
653 2458 837 2522 verba
884 2458 948 2522 in
997 2457 1152 2522 alios
1201 2456 1611 2539 prolaturum,
1653 2456 1843 2519 simul
1889 2458 2100 2521 tamen
2148 2458 2466 2540 praevidet
2512 2460 2847 2526 laesionem

383 2561 635 2627 honoris
676 2562 753 2626 ab
790 2560 1008 2625 iisdem
1043 2559 1273 2624 abesse.

470 2658 649 2734 734.
690 2664 778 2727 At
809 2664 992 2747 longe
1025 2661 1150 2726 alia
1183 2663 1278 2726 est
1316 2659 1900 2726 Salmanticensium
1948 2662 2129 2726 ratio.
2165 2662 2252 2726 Hi
2288 2665 2585 2730 nimirum
2624 2687 2853 2751 suppo-

385 2766 561 2844 nunt,
597 2765 798 2829 verbis
825 2766 901 2829 ab
926 2765 1093 2829 ebrio
1127 2763 1387 2847 prolatis
1425 2783 1547 2828 non
1581 2764 1944 2848 respondere
1983 2769 2347 2848 conceptum
2381 2770 2628 2835 mentis.
2658 2770 2850 2850 Quasi

380 2888 527 2934 vero
563 2867 768 2932 ebrius
806 2867 955 2930 dum
992 2867 1210 2930 vinum
1237 2867 1414 2949 petit,
1457 2866 1607 2930 dum
1638 2866 2202 2932 contradicentibus
2226 2869 2518 2934 irascitur
2552 2876 2614 2937 et
2642 2873 2845 2937 iratus

380 2972 667 3046 insultat,
708 2969 1041 3046 maledicit,
1073 2969 1369 3045 minatur,
1412 2969 1807 3051 imprecatur,
1851 2970 2060 3032 nullus
2109 2975 2441 3053 conceptus
2486 2976 2714 3039 mentis
2761 2995 2850 3038 re-

379 3073 727 3157 sponderet.
762 3071 1143 3136 Omittamus
1176 3071 1485 3134 enimvero
1513 3072 1958 3151 quaestionem,
1990 3091 2064 3132 an
2092 3070 2225 3133 fieri
2258 3072 2592 3153 aliquando
2627 3077 2842 3158 possit,

379 3180 456 3241 ut
487 3176 641 3241 ebrii
670 3176 948 3240 membra
980 3176 1042 3238 et
1080 3175 1143 3237 in
1181 3173 1278 3237 his
1317 3173 1532 3255 lingua
1566 3192 1729 3235 mere
1761 3171 2111 3234 mechanice
2144 3175 2490 3238 moveatur.
2516 3177 2603 3238 At
2636 3177 2845 3240 absur-

380 3278 532 3342 dum
563 3280 657 3342 est
686 3278 748 3342 id
780 3278 853 3342 de
884 3275 1215 3360 praedictis
1248 3274 1492 3337 casibus
1526 3272 1848 3355 suspicari.
1885 3270 2286 3337 Confundunt
2316 3274 2515 3357 igitur
2564 3274 2847 3341 Salman-

381 3382 642 3446 ticenses
689 3379 810 3444 duo
859 3377 1373 3461 disparatissima,
1409 3376 1538 3439 scil.
1590 3375 1792 3438 ullum
1831 3374 2054 3438 habere
2095 3375 2321 3439 mentis
2370 3382 2733 3460 conceptum
2783 3384 2845 3444 et

376 3477 722 3547 dominium
768 3482 993 3545 habere
1026 3498 1281 3544 suarum
1311 3478 1679 3541 mentalium
1726 3477 2123 3541 facultatum.
2167 3475 2420 3542 Corruit
2451 3500 2598 3565 ergo
2632 3501 2845 3546 eorum

379 3586 873 3650 fundamentum.

467 3688 753 3770 Vasquez
787 3704 930 3751 vero
978 3688 1042 3749 et
1088 3683 1267 3769 Sayri
1315 3683 1475 3747 ratio
1517 3684 1850 3766 aequivoco
1892 3682 2140 3746 laborat
2179 3687 2289 3746 aut
2324 3686 2617 3767 supponit
2665 3687 2843 3764 fals0,

378 3791 807 3874 quaestionem
838 3807 970 3853 esse
1001 3786 1073 3850 de
1107 3805 1197 3864 90,
1233 3786 1341 3868 qui
1373 3786 1469 3850 vel
1512 3786 1922 3868 blasphemat,
1960 3785 2056 3849 vel
2091 3785 2387 3867 periurat,
2416 3770 2718 3866 quianon
2751 3808 2846 3852 co·

381 3895 624 3978 gnoscit
657 3893 842 3959 verba
882 3911 917 3955 a
951 3910 1013 3955 se
1052 3888 1296 3972 prolata
1345 3887 1655 3951 continere
1705 3890 1817 3950 aut
1865 3887 1980 3950 Dei
2029 3887 2470 3949 contumeliam
2521 3891 2631 3951 aut
2680 3890 2846 3954 falsi-

380 4001 596 4063 tatem.
630 3999 769 4064 Non
804 3998 966 4063 enim
998 3995 1147 4058 haec
1180 3992 1461 4075 quaestio
1496 3994 1610 4066 est,
1651 4010 1809 4072 quae
1843 4010 1987 4054 sane
2025 3990 2232 4054 locum
2265 3990 2516 4055 habebit
2550 3993 2739 4056 etiam
2779 3995 2844 4058 in

377 4100 624 4165 homine
663 4119 785 4164 non
817 4099 1004 4174 ebrio,
1040 4095 1147 4178 qui
1186 4114 1309 4158 non
1346 4094 1660 4177 intelligat
1692 4113 1940 4156 9911911111
1973 4093 2302 4156 verborum
2350 4097 2462 4157 aut
2510 4097 2839 4162 veritatem

375 4203 621 4286 ignoret
652 4200 1109 4267 invincibiliter.
1144 4200 1230 4262 At
1264 4216 1461 4262 sermo
1496 4199 1590 4260 est
1622 4196 1693 4260 de
1728 4197 1915 4272 ebri0,
1951 4195 2058 4277 qui
2090 4199 2424 4279 cognoscat
2457 4216 2520 4260 se
2555 4199 2739 4263 verba
2777 4200 2841 4264 in

377 4306 579 4369 Deum
613 4309 725 4369 aut
758 4304 1014 4369 Sanctos
1054 4300 1502 4367 contumeliosa
1538 4299 1804 4381 proferre
1843 4300 1980 4366 etc..
2010 4301 2332 4363 excusetur
2365 4301 2571 4364 tamen
2605 4301 2838 4383 (quoad

374 4410 764 4493 praesentem
811 4409 1068 4489 actum),
1110 4405 1255 4487 quia
1304 4403 1647 4468 dominium
1697 4421 1953 4465 suorum
1994 4403 2248 4465 actuum
2297 4422 2416 4465 non
2467 4404 2671 4481 habet,
2713 4426 2836 4471 non

541 4550 831 4602 Bummmu,
857 4546 1030 4592 Boo-al.
1061 4548 1211 4589 Tomo
1238 4546 1277 4588 I.
2626 4547 2680 4588 40
