3529 5158
692 403 795 442 mv
1521 402 1733 443 smums
1771 400 2242 442 CHRONOLOGIOA

691 519 840 562 nem
889 502 1151 580 erroris,
1195 519 1326 562 non
1362 502 1583 576 potius
1614 501 1699 562 ad
1732 500 2148 577 prodendum
2194 517 2391 576 quam
2431 501 2519 560 ad
2549 499 2999 561 excusandum
3049 517 3153 561 er-

691 607 906 653 rorem
941 593 1197 653 valeret
1227 595 1344 651 aut
1377 591 1571 667 quasi
1602 590 1885 651 rudibus
1915 590 2327 667 praesertim,
2367 591 2484 665 qui
2515 590 2584 649 in
2619 591 2793 649 hanc
2823 590 2933 650 vel
2960 590 3149 651 illam

693 680 865 741 forte
904 680 1259 740 inciderint
1295 690 1552 756 partem
1588 680 1841 757 Synodi
1879 680 2144 757 vulgari
2178 679 2410 755 lingua
2441 679 2751 739 omuibus
2786 679 3148 757 expositae,

691 773 959 844 praesto
1005 786 1265 845 semper
1295 774 1519 830 essent
1548 770 1699 838 alia,
1740 785 1912 844 quae
1950 767 2366 844 inspicienda
2402 767 2642 846 forent,
2674 767 2978 843 dispersa
3007 770 3154 829 loca

689 863 809 918 aut
842 859 945 919 his
976 859 1178 919 etiam
1213 859 1533 935 inspectis
1563 858 1730 918 satis
1762 858 2007 934 cuique
2039 857 2382 918 facultatis
2406 862 2798 934 suppeteret
2827 858 2911 916 ad
2944 874 3023 918 ea
3054 858 3152 919 sic

689 964 809 1022 per
855 965 999 1008 sese
1030 948 1504 1023 componenda,
1545 952 1640 1025 ut,
1675 947 2229 1022 quemadmodum
2264 963 2609 1021 perperam
2643 947 2758 1007 isti
2805 946 3148 1026 effutiunt,

690 1037 932 1097 erroris
963 1054 1159 1099 omne
1188 1038 1558 1113 periculum
1586 1037 1883 1114 effugere
1907 1038 2231 1097 valerent.
2256 1036 2814 1097 Exitiosissimum
2852 1035 3152 1110 profecto

688 1126 1079 1186 insinuandi
1126 1128 1367 1189 erroris
1411 1126 1789 1203 artificium,
1830 1125 2009 1200 quod
2062 1126 2133 1185 in
2173 1125 2900 1201 Constantinopolitani
2949 1126 3151 1186 Ant-i-

687 1215 868 1275 stitis
900 1216 1192 1275 Nestorii
1224 1215 1470 1275 litteris
1503 1216 1631 1275 iam
1663 1216 1822 1274 olim
1855 1215 2194 1291 sapienter
2239 1214 2575 1276 detectum
2618 1213 3018 1290 gravissima
3049 1231 3152 1274 re-

685 1305 1125 1379 prehensione
1172 1305 1650 1365 Praedecessor
1689 1307 1916 1364 noster
1955 1303 2374 1364 Caelestinus
2419 1305 2502 1382 (a)
2537 1303 2869 1380 coarguit:
2904 1302 3152 1378 quibus

687 1410 926 1468 nempe
972 1395 1041 1452 in
1081 1394 1328 1454 litteris
1358 1394 1737 1469 vestigatus
1775 1398 2112 1454 veterator
2143 1393 2276 1471 ille,
2309 1393 2764 1468 depiehensus
2796 1395 2866 1452 et
2895 1396 3148 1471 tentus,

688 1498 811 1541 suo
849 1498 920 1542 se
966 1482 1393 1558 multiloquio
1425 1482 1847 1560 labefacimus,
1880 1483 2038 1542 dnm
2073 1499 2233 1542 vera
2264 1483 2619 1542 involvens
2650 1482 2972 1559 obscuris,
3008 1499 3150 1541 rur-

687 1588 821 1649 sus,
872 1576 1159 1647 utraque
1213 1572 1645 1649 confundens,
1695 1573 1804 1631 vel
1864 1572 2294 1631 confiteretur
2350 1576 2594 1648 negata
2648 1572 2758 1631 vel
2823 1571 3153 1631 niteretur

686 1677 935 1735 negare
956 1659 1280 1721 confessa.
1304 1661 1417 1720 Ad
1440 1678 1608 1736 quas
1638 1661 2068 1736 depellendas
2099 1660 2397 1737 insidias,
2424 1661 2701 1720 nimium
2738 1676 2939 1736 saepe
2969 1661 3148 1720 omni

687 1754 907 1810 aetate
940 1753 1314 1827 renovate-S,
1351 1767 1485 1810 non
1531 1751 1664 1810 alia
1693 1751 1914 1825 potior
1947 1750 2059 1809 via
2091 1750 2263 1809 inita
2292 1755 2414 1827 est,
2449 1767 2650 1825 quam
2702 1754 2798 1824 ut,
2832 1749 2918 1808 iis
2948 1766 3150 1824 expo-

687 1839 927 1900 nendis
972 1840 1348 1917 sententiis,
1382 1855 1551 1915 quae
1587 1841 1712 1900 sub
1742 1839 2028 1899 latibulo
2059 1838 2524 1915 ambiguitatis
2555 1839 2990 1913 periculosam
3040 1856 3151 1897 sn-

684 1924 1171 2003 spiciosamque
1217 1929 1581 1988 involvunt
1611 1929 2130 2003 discrepantiam
2177 1944 2510 2005 sensuum,
2546 1944 2865 2003 perversa
2895 1927 3152 2003 signifi-

686 2016 862 2075 catio
931 2021 1297 2095 notaretur,
1343 2018 1462 2089 ,cui
1536 2017 1842 2077 subesset
1902 2033 2103 2094 error,
2158 2034 2354 2092 quem
2418 2018 2748 2077 catholica
2815 2016 3154 2078 sententia

687 2105 1097 2180 reprobaret.

778 2194 992 2266 Quam
1042 2200 1111 2254 et
1158 2211 1278 2253 nos
1325 2194 1801 2254 moderationis
1845 2195 2108 2269 plenam
2158 2196 2485 2255 rationem
2533 2211 2611 2255 eo
2649 2196 2971 2255 libentius
3008 2212 3148 2254 am-

684 2283 865 2358 plexi
897 2300 1148 2363 sumus,
1182 2300 1315 2359 quo
1362 2285 1577 2360 magis
1623 2284 1705 2342 ad
1756 2284 2278 2344 reconciliandos
2315 2285 2570 2345 animos
2600 2288 2670 2344 et
2699 2285 2785 2344 ad
2818 2284 3150 2343 unitatem

684 2372 965 2447 spiritus
990 2374 1058 2432 in
1086 2373 1356 2434 viuculo
1381 2374 1566 2448 pacis
1588 2373 2018 2433 adducendos
2039 2373 2237 2449 (quod
2273 2373 2545 2434 favente
2571 2374 2713 2433 Deo
2746 2373 2816 2432 iu
2841 2373 3150 2448 pluribus

682 2462 1050 2538 gaudemus
1081 2463 1213 2523 iam
1246 2462 1532 2522 feliciter
1563 2464 1889 2537 evenisse)
1923 2480 2164 2538 magno
2199 2463 2338 2523 fore
2385 2463 2774 2522 adiumento
2805 2462 3148 2538 prospexi-

682 2568 851 2630 mus,
887 2551 1239 2628 providere
1285 2552 1570 2627 primum
1614 2568 1696 2612 ne
1737 2552 2192 2628 pertinacibus
2226 2552 2306 2630 (si
2354 2552 2468 2628 qui
2510 2554 2930 2628 supererunt,
2968 2551 3148 2628 quod

686 2641 867 2700 Deus
899 2641 1189 2718 avertat)
1224 2641 1476 2717 Synodi
1509 2643 1952 2702 sectatoribus
1985 2641 2322 2718 integrum
2357 2643 2447 2702 sit
2479 2645 2777 2720 posthac,
2811 2642 2895 2702 ad
2937 2658 3150 2702 novas

681 2730 916 2789 turbas
954 2729 1242 2807 ciendas,
1278 2731 1495 2790 iustae
1526 2747 1685 2791 suae
1718 2730 2168 2791 damnationis
2205 2737 2545 2791 consortes
2576 2731 2786 2792 veluti
2817 2748 2894 2790 ac
2933 2731 3150 2791 socias

682 2818 812 2877 sibi
841 2818 1212 2879 adsciscere
1245 2820 1505 2880 scholas
1538 2820 1918 2898 catholicaS,
1942 2837 2110 2895 quas
2145 2821 2395 2879 invitas
2430 2820 2623 2895 plane
2663 2837 2740 2880 ac
2765 2836 3149 2896 repugnan-

679 2909 803 2980 tes,
840 2924 959 2982 per
994 2907 1323 2968 detortam
1362 2909 1698 2984 quandam
1746 2910 2043 2969 affinium
2093 2910 2566 2969 vocabulorum
2615 2909 3145 2988 similitudinem,

681 2996 751 3054 in
797 3011 1130 3074 expressa,
1180 3016 1376 3073 quam
1429 2999 1581 3058 illae
1630 3003 1989 3078 testantur,
2039 2998 2523 3059 sententiarum
2575 2998 3145 3075 dissimilitudine,

678 3084 751 3143 in
786 3090 1012 3160 partes
1050 3102 1206 3147 suas
1236 3089 1622 3162 pertrahere
1670 3088 2005 3149 nituntur.
2045 3088 2322 3162 Deinde,
2365 3088 2423 3147 si
2471 3105 2639 3162 quos
2688 3087 3148 3163 imprudentes

680 3175 908 3250 aliqua
955 3175 1199 3236 fefellit
1244 3176 1462 3236 adhuc
1509 3184 1990 3254 praeconcepta
2035 3177 2260 3235 mitior
2307 3176 2533 3250 opinio
2580 3177 2662 3236 de
2712 3177 2998 3255 Synodo,
3042 3177 3149 3236 his

679 3264 879 3324 etiam
914 3266 1130 3324 omnis
1160 3267 1611 3341 conquerendi
1647 3268 1833 3326 locus
1867 3265 2356 3342 praecludatur,
2395 3265 2530 3342 qui,
2568 3267 2622 3325 si
2658 3270 2840 3325 recta
2871 3265 3150 3341 sapiunt·

678 3356 776 3429 (ut
809 3354 1024 3413 videri
1057 3354 1339 3430 volunt),
1374 3373 1572 3432 aegre
1619 3356 1792 3416 ferre
1828 3361 2164 3430 nequeant
2197 3354 2536 3414 doctrinas
2570 3354 2872 3415 damnari
2905 3354 3002 3414 sic
3033 3355 3147 3415 de·

678 3446 963 3520 notataS,
1015 3460 1184 3517 quae
1232 3460 1486 3505 errores
1534 3446 2008 3521 praeseferant,
2060 3463 2100 3504 a
2146 3444 2394 3520 quibus
2443 3445 2570 3519 ipsi
2620 3445 3026 3519 profitentur
3076 3460 3150 3504 se

681 3531 1069 3608 longissime
1115 3532 1364 3592 abesse.

768 3620 1066 3680 Necdum
1114 3627 1337 3681 tamen
1384 3624 1549 3682 satis
1596 3641 1677 3683 ex
1716 3623 1938 3682 animo
1970 3623 2234 3682 lenitati
2277 3628 2544 3683 nostrae
2592 3622 2840 3682 factum
2874 3622 3150 3698 putavi-

678 3723 846 3786 mus,
883 3727 999 3769 seu
1048 3711 1274 3771 verius
1322 3713 1606 3784 caritati,
1644 3730 1814 3787 quae
1862 3717 2059 3787 urget
2106 3728 2225 3771 nos
2273 3728 2432 3788 erga
2467 3713 2765 3771 Fratrem
2816 3713 3146 3789 nostrum,

682 3799 784 3856 cui
830 3799 1009 3858 omni
1057 3816 1181 3875 ope
1230 3802 1531 3880 ‘vol-unaue,
1584 3802 1639 3860 si
1687 3800 1891 3860 adh-tw
1927 3818 2280 3878 poseamus,
2341 3801 2665 3859 subvenire
2714 3801 2821 3876 (b).
2884 3801 3150 3862 Caritas

680 3903 919 3963 nempe
962 3889 1077 3948 illa
1126 3895 1323 3966 urget
1372 3908 1510 3968 nos,
1562 3908 1695 3966 qua
1742 3890 2059 3950 inductus
2107 3889 2583 3950 Praedecessor
2629 3895 2858 3950 noster
2918 3891 3149 3951 anle-

680 3977 900 4037 stinus
947 3979 1045 4056 (c),
1097 3979 1299 4038 etiam
1346 3986 1565 4039 eontra
1599 3979 1739 4055 fas,
1791 3994 1908 4039 seu
1956 3979 2190 4038 maiori
2229 3997 2426 4054 quam
2478 3979 2579 4039 fas
2626 3995 2769 4039 esse
2801 3978 3149 4040 videretur

680 4067 1023 4145 patientia,
1059 4069 1437 4129 sacerdotes
1484 4067 1909 4144 corrigendos
1940 4071 2326 4143 exspectare
2360 4085 2491 4128 non
2524 4068 2883 4128 abnuebat.
2927 4069 3149 4145 Magis

679 4155 855 4215 enim
904 4173 1052 4216 cum
1102 4158 1494 4234 August-ino
1543 4157 2091 4232 Milevitanisque
2139 4158 2457 4218 Patribus
2505 4158 2813 4217 volumus
2846 4160 2916 4217 et
2956 4160 3148 4232 opta—

680 4260 829 4305 mus
887 4246 1189 4307 homines
1234 4263 1446 4322 prava
1491 4246 1806 4305 docentes
1854 4246 2185 4306 Pastum-li
2240 4265 2395 4306 cura-
2451 4248 2521 4304 in
2567 4245 2844 4304 Ecclesia
2896 4247 3148 4322 samri,

755 4528 823 4579 (a)
852 4527 897 4571 S.
932 4526 1212 4569 Caelestinus
1244 4526 1283 4566 I.
1314 4523 1459 4576 epist.
1491 4524 1554 4567 13.
1588 4537 1727 4566 num.
1757 4525 1798 4566 2.
1831 4525 1963 4578 apud
1995 4527 2160 4568 (toust.

757 4581 825 4633 (b)
854 4581 901 4624 S.
936 4579 1211 4622 Caelestinus
1239 4579 1280 4620 I.
1312 4577 1456 4630 epist.
1490 4580 1555 4621 14.
1588 4578 1649 4619 ad
1681 4579 1921 4631 populum
1952 4580 2043 4622 GP.
2077 4591 2216 4622 num.
2246 4581 2286 4620 8.
2320 4578 2456 4631 apud
2485 4577 2656 4620 Coust.

756 4635 819 4688 (o)
852 4632 1011 4686 Epist.
1045 4633 1109 4673 13.
1141 4633 1203 4672 nd
1234 4630 1429 4674 Nestor.
1462 4644 1602 4674 num.
1632 4632 1672 4674 9.
