3529 5158
367 348 512 425 [235]
1183 362 1584 405 comeum-rm
1624 363 2013 407 scaurunosa
2721 351 2829 407 267

372 465 523 547 ipse:
572 460 707 525 volo
752 481 1129 526 consecrare.
1185 461 1276 526 Eo
1321 461 1477 545 ipso,
1526 461 1692 543 quod
1739 461 1940 539 timet,
1989 481 2065 526 ne
2110 462 2339 527 habeat
2398 461 2824 539 intentionem,

369 565 558 629 habet
604 563 1220 628 sufficientissimam.

453 667 789 731 Assuescat
822 667 1009 731 verba
1056 665 1532 743 consecrationis
1577 684 1700 731 non
1747 666 1962 733 altiori
2007 684 2154 753 voee
2218 666 2447 741 efferre,
2497 685 2686 748 quam
2737 686 2829 731 re-

367 770 539 851 liqua
584 769 818 833 secreta
863 769 1082 833 recitet
1121 766 1190 833 ‘et
1233 766 1381 832 lieet
1425 766 1504 833 ob
1550 767 1883 851 strepitum
1928 788 2053 833 non
2100 768 2405 845 advertat,
2458 787 2522 833 se
2570 787 2644 833 ea
2690 788 2829 851 pro-

371 873 675 949 nunciare,
723 891 846 937 non
883 873 1124 956 repetat
1168 870 1488 954 quidpiam
1492 917 1653 937 .....
1693 872 1905 939 Etiam
1951 872 2163 956 elapsa
2208 871 2449 956 syllaba
2480 890 2603 937 non
2642 871 2832 936 vitiat

370 975 651 1040 formam.

456 1075 521 1140 Si
551 1075 787 1141 ineidat
832 1076 1253 1159 apprehensio,
1300 1095 1376 1141 ne
1423 1076 1592 1141 aliud
1623 1076 1943 1161 intelligat
1978 1095 2085 1161 per
2118 1079 2189 1143 τὸ
2216 1075 2316 1139 hic
2363 1076 2462 1140 vel
2496 1077 2559 1141 τὸ
2599 1096 2820 1154 meum,

369 1178 650 1261 quamvis
681 1178 800 1242 hoo
845 1178 1048 1243 vivide
1092 1179 1490 1264 imaginetur,
1525 1179 1674 1243 dum
1720 1181 2057 1256 consecrat,
2092 1179 2454 1244 contemnat
2498 1198 2608 1243 nee
2654 1179 2829 1242 curet

369 1282 633 1346 formare
667 1280 1074 1346 intentionem
1104 1281 1513 1356 contrariam3
1555 1279 1909 1364 praevalere
1932 1281 2095 1345 enim
2126 1280 2423 1346 censenda
2447 1281 2544 1344 est
2565 1280 2828 1345 intentio

369 1383 671 1468 generalis
707 1382 1096 1467 significandi
1126 1383 1208 1462 id,
1242 1382 1408 1465 quod
1445 1383 1795 1468 significare
1819 1382 2053 1448 debuit.

454 1484 519 1551 Si
565 1485 902 1550 distraetus
947 1485 1199 1562 neseiat,
1250 1505 1331 1550 an
1376 1486 1525 1567 quid
1574 1486 1855 1550 omiserit
1898 1488 1962 1550 et
2006 1503 2130 1549 non
2176 1485 2532 1550 recordetur
2578 1505 2642 1550 se
2689 1505 2828 1551 eon-

369 1608 653 1665 secrasse‚
703 1607 824 1653 non
871 1589 1177 1666 turbetur,
1225 1588 1446 1671 pergat
1477 1588 1541 1651 et
1569 1590 1900 1673 supponat,
1934 1608 1998 1652 se
2033 1588 2238 1653 omnia
2271 1588 2474 1652 debite
2506 1588 2730 1653 dixisse
2763 1591 2827 1652 et

368 1694 613 1771 fecisse;
663 1712 810 1757 nam
856 1710 1089 1757 errores
1135 1710 1257 1756 non
1303 1690 1465 1754 fiunt
1508 1691 1639 1755 sine
1686 1680 2091 1769 advertentia‚
2147 1691 2257 1754 ubi
2302 1710 2372 1755 ex
2418 1691 2640 1756 habitu
2686 1691 2825 1772 quis

368 1798 680 1880 operatur.

455 1896 520 1963 Si
543 1897 798 1962 haereat
827 1896 1170 1981 perplexus,
1210 1895 1355 1979 quid
1388 1894 1586 1961 facere
1622 1896 1861 1975 debeat,
1895 1895 2371 1962 haesitationem
2403 1896 2674 1973 abijciat,
2725 1898 2829 1961 eli-

365 2000 563 2085 gendo
595 1999 657 2065 id
689 1998 857 2082 quod
888 1999 1087 2082 primo
1117 1998 1313 2063 menti
1351 1999 1618 2063 occurrit
1648 1999 1723 2063 ut
1750 1999 1975 2065 melius
2006 2001 2071 2065 et
2100 2000 2165 2065 in
2210 2018 2281 2065 eo
2329 2002 2690 2082 permaneat
2718 2020 2827 2065 nec

366 2120 582 2167 rursus
611 2102 939 2178 examinet,
975 2121 1052 2169 an
1084 2102 1235 2165 bene
1255 2101 1572 2179 statuerit,
1608 2101 1710 2166 sed
1751 2103 1991 2186 pergat.

454 2207 732 2289 Denique
764 2206 1116 2288 acquiescat
1149 2205 1378 2271 iudicio
1411 2205 1728 2289 prudentis
1758 2205 2116 2271 confessarii
2144 2208 2208 2271 in
2248 2208 2552 2273 omnibus
