3529 5158
378 336 522 412 [623]
593 351 943 394 msa-meno
978 350 1293 393 semen-roa
1329 349 1735 393 pmcn-ouum
1771 350 1855 390 nx
1892 350 2260 392 vm'rtmnus
2297 350 2606 395 orposrrts
2734 337 2840 393 557

376 448 738 514 deformitas
786 468 823 512 a
868 449 1100 513 virtute
1131 448 1194 512 in
1224 448 1303 512 iis
1333 447 1585 531 reperiri
1616 448 1845 530 potest,
1884 446 2406 529 quemadmodum
2435 448 2679 532 pariter
2710 467 2843 532 spe-

377 551 552 616 cialis
583 552 745 616 ratio
777 552 842 616 in
873 551 1092 616 iisdem
1137 551 1415 616 materiis
1453 568 1583 615 esse
1621 550 1830 633 potest
1860 549 2224 615 exercendae
2273 550 2552 615 virmtiS.
2593 551 2694 615 Ita
2730 550 2842 614 dif-

379 654 586 719 ferunt
631 656 882 737 peccata
918 656 1133 719 contra
1178 654 1509 731 iustitiam,
1558 652 1981 731 homicidium,
2015 652 2275 731 furtum,
2311 653 2708 731 adulterium,
2743 653 2841 718 de-

377 756 625 821 tractio.
658 756 824 821 Nam
868 758 1004 840 ipsa
1049 756 1376 821 diversitas
1421 756 1720 820 materiae
1767 754 1958 819 efficit
2004 757 2076 820 ut
2113 754 2395 839 specialis
2444 755 2528 820 sit
2562 774 2839 821 recessus

377 877 413 922 a
458 858 707 923 iustitia
738 861 803 923 et
831 859 1090 924 violatio
1123 858 1354 923 ordinis
1390 857 1692 940 specialia,
1727 877 1913 939 quem
1943 860 2112 923 recta
2150 858 2312 922 ratio
2350 859 2631 941 requirit.
2659 858 2837 924 Unde

374 962 524 1024 sunt
559 960 837 1025 diversae
867 960 1293 1025 deformitates
1323 963 1540 1026 contra
1573 959 1830 1024 eandem
1859 959 2181 1024 virtutem.

466 1064 568 1127 Ita
599 1081 648 1127 s.
682 1063 955 1128 Thomas
1001 1063 1274 1127 diversas
1319 1063 1548 1145 species
1586 1061 1867 1126 luxuriae
1913 1063 2128 1127 contra
2174 1063 2464 1128 naturam
2501 1063 2678 1128 iuxta
2710 1082 2838 1129 ma-

370 1167 563 1231 teriae
588 1164 1013 1231 deformitates
1044 1168 1321 1230 recenset
1345 1167 1405 1228 2.
1434 1166 1494 1227 2.
1520 1184 1579 1246 q.
1610 1164 1756 1227 154.
1792 1166 1911 1228 art.
1950 1166 2084 1228 11.:
2117 1188 2153 1222 α
2175 1164 2263 1228 ibi
2286 1166 2383 1229 est
2413 1164 2827 1229 determinata

370 1267 650 1333 luxuriae
697 1267 947 1351 species,
996 1267 1103 1331 ubi
1146 1265 1429 1351 specialis
1474 1266 1637 1330 ratio
1684 1265 2101 1331 deformitatis
2150 1266 2438 1344 occurrit,
2487 1286 2646 1348 quae
2682 1267 2838 1330 facit

365 1370 750 1435 indecentem
796 1371 1007 1434 actum
1037 1388 1383 1434 venereum.
1423 1366 1601 1447 Quod
1631 1367 1884 1450 quidem
1913 1369 2121 1451 potest
2156 1387 2287 1434 esse
2317 1368 2664 1452 dupliciter.
2691 1368 2833 1434 Uno

367 1471 615 1555 quidem
661 1471 867 1548 modo,
914 1472 1062 1553 quia
1108 1472 1417 1555 repugnat
1465 1470 1697 1535 rationi
1743 1470 1966 1548 rectae,
2016 1470 2181 1551 quod
2236 1473 2332 1535 est
2392 1490 2721 1536 commune
2766 1471 2831 1535 in

366 1576 539 1640 omni
582 1575 738 1640 vitio
784 1574 1066 1639 luxuriae
1097 1572 1257 1655 (scil.
1291 1575 1366 1637 ut
1397 1572 1488 1636 ait
1519 1572 1694 1636 artic.
1733 1572 1820 1648 1⁰,
1853 1572 2018 1653 quod
2057 1573 2283 1654 aliquis
2329 1592 2454 1638 non
2494 1574 2832 1637 secundum

363 1679 603 1741 rectam
648 1676 955 1739 rationem
998 1674 1405 1739 delectatione
1436 1691 1691 1737 venerea
1738 1675 2006 1757 utatur).
2039 1673 2181 1739 Alio
2216 1674 2418 1751 modo,
2454 1674 2602 1756 quia
2633 1674 2825 1739 etiam

363 1798 554 1861 super
598 1779 715 1843 hoc
760 1777 1070 1861 repugnat
1110 1776 1232 1859 ipsi
1277 1775 1478 1839 ordini
1523 1775 1798 1839 naturali
1851 1776 2092 1839 venerei
2138 1778 2336 1852 actus,
2386 1776 2494 1858 qui
2539 1777 2833 1842 convenit

364 1881 680 1944 humanae
716 1878 957 1962 speciei,
990 1877 1155 1960 quod
1200 1876 1430 1942 dicitur
1474 1877 1702 1941 vitium
1746 1880 1964 1943 contra
2008 1879 2319 1943 naturam.
2353 1876 2529 1957 Quod
2577 1879 2828 1960 quidem

358 1982 575 2065 potest
618 1981 901 2064 pluribus
937 1980 1136 2044 modis
1182 1980 1555 2063 contingere.
1598 1978 1738 2044 Uno
1771 1979 2018 2061 quidem
2053 1980 2261 2054 modo,
2294 1980 2349 2044 si
2386 1980 2618 2063 absque
2659 1982 2827 2046 omni

360 2083 719 2159 concubitu,
753 2100 941 2147 causa
971 2081 1396 2146 delectationis
1419 2099 1728 2157 venereae,
1763 2081 2028 2164 pollutio
2060 2083 2443 2164 procuretur,
2483 2082 2649 2164 quod
2700 2102 2831 2166 per·

362 2187 526 2251 tinet
557 2186 633 2251 ad
670 2188 990 2270 peccatum
1036 2184 1488 2260 immunditiae,
1521 2204 1710 2267 quam
1748 2184 2003 2267 quidam
2040 2185 2369 2250 mollitiem
2400 2187 2644 2251 vocant.
2680 2187 2822 2252 Alio

356 2291 546 2354 modo
571 2290 626 2354 si
648 2289 764 2354 fiat
783 2308 892 2372 per
920 2288 1319 2353 concubitum
1352 2287 1429 2351 ad
1458 2307 1589 2354 rem
1620 2306 1743 2352 non
1776 2287 2050 2352 eiusdem
2080 2288 2323 2371 speciei,
2364 2280 2531 2370 quod
2563 2290 2827 2353 vocatur

359 2393 730 2457 bestialitas.
765 2391 976 2456 Tertio
1007 2392 1060 2456 si
1099 2392 1211 2456 fiat
1247 2411 1354 2474 per
1384 2392 1784 2457 concubitum
1815 2392 1893 2456 ad
1929 2411 2052 2457 non
2082 2392 2363 2457 debitum
2399 2411 2632 2469 sexum,
2666 2395 2823 2476 puta

355 2495 623 2560 masculi
671 2494 750 2559 ad
794 2494 1143 2559 masculum
1189 2494 1288 2558 vel
1339 2493 1602 2559 feminae
1649 2494 1728 2558 ad
1782 2494 2095 2571 feminam,
2145 2496 2220 2559 ut
2263 2496 2487 2578 Apost.
2538 2494 2690 2559 dicit
2744 2495 2822 2559 ad

355 2598 539 2663 Rom.
589 2598 665 2674 1.‚
712 2597 877 2679 quod
922 2596 1149 2662 dicitur
1194 2597 1631 2662 sodomiticum
1685 2597 1932 2662 vitium.
1983 2596 2219 2677 Quarto
2267 2598 2317 2663 si
2366 2617 2489 2663 non
2536 2601 2817 2663 servetur

356 2700 665 2766 naturalis
711 2699 933 2765 modus
980 2699 1439 2772 concumbendi,
1499 2701 1613 2764 aut
1671 2702 1979 2782 quantum
2026 2701 2104 2764 ad
2149 2701 2637 2765 instrumentum
2702 2719 2826 2765 non

356 2803 658 2876 debit-um,
707 2807 818 2868 aut
850 2804 1155 2884 quantum
1188 2803 1266 2865 ad
1297 2803 1453 2868 alios
1490 2804 1920 2868 monstruosos
1951 2804 2016 2867 et
2051 2804 2341 2868 bestiales
2372 2804 2817 2869 concumbendi

358 2907 580 2972 modos
606 2932 667 2970 ».

444 3007 737 3073 Ceterum
784 3010 1176 3091 quandonam
1206 3009 1450 3074 diversa
1481 3010 1566 3074 sit
1595 3009 1827 3092 species
1859 3009 1958 3073 vel
1986 3009 2333 3092 generatim
2367 3009 2445 3072 ob
2489 3010 2823 3092 oppositio-

353 3131 493 3176 nem
542 3110 619 3175 ad
667 3110 940 3176 diversas
986 3112 1270 3188 virtutes,
1319 3112 1420 3175 vel
1472 3131 1578 3193 per
1625 3111 2076 3193 oppositionem
2123 3112 2391 3173 extreme
2438 3110 2518 3173 ad
2564 3110 2818 3174 eandem

353 3215 674 3291 virtutem,
706 3215 807 3278 vel
836 3234 941 3298 per
984 3215 1294 3280 diversam
1340 3214 1800 3278 deformitatem
1836 3213 2051 3277 contra
2084 3230 2275 3275 unam
2313 3213 2633 3289 virtutem,
2669 3213 2820 3277 haec

355 3317 565 3380 omnia
595 3317 915 3383 discuntur
946 3319 1008 3381 in
1039 3319 1321 3381 tractatu
1352 3316 1425 3380 de
1457 3315 1798 3379 virtutibus
1830 3315 1894 3378 et
1926 3313 2117 3390 vitiis,
2144 3313 2309 3395 quod
2347 3316 2442 3377 est
2489 3333 2813 3398 argumen-

352 3420 494 3483 tum
525 3416 836 3484 Secundae
867 3418 1180 3483 Secundae
1201 3418 1409 3482 Partis
1446 3416 1739 3481 Summae
1762 3435 1812 3480 s.
1840 3416 2115 3480 Thomas
2146 3419 2211 3481 et
2240 3415 2445 3499 praxis
2476 3417 2816 3499 utcumque

355 3521 669 3604 supplebit
699 3540 807 3604 per
837 3520 1164 3584 decursum
1194 3520 1629 3584 Tractatuum.

445 3618 624 3692 623.
651 3622 1088 3702 Quaestionem
1119 3622 1252 3686 heic
1284 3622 1558 3686 subdunt
1580 3622 1717 3685 DD.
1743 3622 1971 3686 notatu
1999 3620 2430 3707 dignissimam
2456 3623 2520 3686 et
2553 3641 2601 3686 s.
2630 3622 2815 3706 Alph.

354 3725 542 3789 habet
572 3724 679 3788 lib.
716 3725 776 3788 5.
809 3744 868 3788 11.
904 3725 1045 3788 33.:
1079 3725 1179 3788 An
1210 3744 1280 3788 ex
1312 3723 1568 3788 diversis
1600 3725 1945 3808 praeceptis
1975 3724 2165 3807 (circa
2206 3724 2461 3790 eandem
2492 3728 2652 3807 rem)
2682 3745 2817 3808 pec-

350 3831 493 3892 cata
524 3827 763 3911 (plura)
800 3827 997 3910 specie
1028 3827 1514 3912 distinguantur.
1548 3827 1632 3891 Et
1660 3828 1813 3892 bene
1843 3828 2170 3910 respondet
2200 3846 2249 3892 s.
2284 3828 2500 3910 Alph.:
2535 3853 2571 3886 ‹<
2604 3829 2820 3892 Dicen-

348 3928 503 3993 dum
546 3948 687 3994 cum
734 3930 1066 4005 communi,
1101 3930 1266 4012 quod
1302 3929 1355 3993 si
1387 3932 1711 4012 praecepta
1750 3930 2224 4013 distinguantur
2255 3931 2505 3994 tantum
2540 3950 2610 3994 ex
2643 3932 2817 4013 parte

348 4031 783 4116 legislatorum
816 4033 919 4114 (ut
949 4035 1044 4097 est
1072 4033 1137 4096 in
1168 4032 1357 4108 farte,
1399 4031 1564 4113 quod
1595 4032 1957 4114 prohibetur
1986 4033 2122 4116 lege
2154 4031 2363 4096 divina
2395 4035 2460 4097 et
2489 4034 2813 4116 hnmana),

344 4136 599 4200 minime
635 4135 938 4200 inducunt
967 4135 1426 4200 distinctionem
1462 4133 1810 4218 specificam
1841 4135 2269 4216 peccatorum3
2303 4134 2452 4217 quia
2482 4135 2816 4202 diversitas

345 4236 780 4322 legislatorum
811 4256 932 4301 non
964 4237 1155 4302 efficit
1184 4239 1581 4320 praeceptum
1612 4255 1743 4302 esse
1775 4236 2122 4301 formaliter
2158 4237 2492 4317 diversum,
2537 4239 2642 4304 sed
2678 4242 2815 4304 tan-

348 4341 484 4406 tum
513 4341 943 4406 materialiter.
978 4339 1182 4418 SecuS,
1217 4341 1273 4405 si
1301 4342 1625 4425 praecepta
1657 4340 2126 4426 distinguantur
2157 4360 2229 4405 ex
2261 4343 2435 4424 parte
2466 4343 2690 4408 motivi
2728 4345 2806 4408 ad

348 4443 832 4527 prohibendum
881 4445 1027 4526 quia
1074 4445 1222 4509 tunc
1267 4444 1543 4509 diversae
1589 4444 1854 4508 virtutes
1899 4443 2272 4520 laeduntur;
2321 4446 2510 4528 prout
2565 4446 2619 4509 si
2665 4447 2804 4527 quis

347 4546 664 4632 frangeret
709 4547 1005 4611 ieiunium
1049 4547 1446 4630 praeceptum
1492 4548 1569 4610 ab
1606 4546 1878 4610 Ecclesia
1909 4549 1973 4610 et
2006 4546 2081 4610 ad
2128 4545 2293 4629 quod
2325 4548 2472 4612 voto
2505 4547 2692 4611 simul
2740 4567 2803 4611 se
