3529 5158
1104 368 1189 407 nn
1225 367 1433 407 1161116
1469 367 1518 408 s.
1549 366 1854 408 ALPHONSI
1894 366 2024 408 mc.
2688 352 2801 407 683

341 463 597 528 luendas
629 463 747 527 sibi
783 464 1090 548 proponit,
1124 463 1699 528 manifestissimum
1745 462 1838 539 fit,
1872 465 2075 528 totam
2109 464 2266 529 hanc
2297 463 2800 528 dissertationem

344 587 448 651 per
479 585 542 631 se
576 568 639 631 et
670 585 741 631 ex
772 566 1045 649 professo
1077 566 1374 630 directam
1414 586 1449 630 a
1481 586 1529 630 s.
1565 566 1833 630 Doctore
1879 565 2069 632 fuisse
2098 585 2222 632 non
2262 566 2512 649 quidem
2545 565 2620 629 ad
2654 583 2802 630 con·-

341 668 667 734 futandam
715 669 828 732 aut
855 668 1224 753 rigidiorum
1271 670 1383 732 aut
1416 668 1742 733 mitiorum
1778 669 2242 734 tutioristarum
2274 669 2666 745 sententiam,
2700 667 2800 730 vel

344 773 421 837 ad
465 771 909 837 defendendum
954 772 1198 836 licitum
1245 791 1430 836 usum
1476 773 1782 855 opinionis
1828 773 2164 857 probabilis
2214 773 2278 838 in
2325 792 2628 838 concursu
2674 772 2802 854 opi·

341 874 542 940 nionis
590 874 835 956 aequali
873 876 985 938 aut
1015 874 1138 938 fere
1186 875 1431 956 aequali
1463 875 1900 958 probabilitate
1930 876 2266 959 praeditae,
2306 876 2411 942 sed
2445 876 2518 939 ad
2568 894 2799 958 propu-

341 976 653 1062 gnandam
689 977 905 1041 contra
937 976 1470 1059 probabilioristas
1502 996 1639 1042 eam
1670 977 2170 1061 probabilisticae
2192 977 2508 1043 doctrinae
2533 977 2795 1061 partem,

342 1096 501 1161 quae
532 1078 753 1143 asserit
789 1080 854 1143 61
883 1077 1170 1154 defendit,
1204 1079 1447 1143 licitum
1478 1098 1609 1144 esse
1640 1098 1827 1144 usum
1863 1079 2168 1163 opinionis
2198 1080 2539 1162 probabilis
2569 1080 2634 1144 in
2665 1096 2803 1143 con-

342 1203 529 1249 cursu
558 1185 747 1247 etiam
766 1182 1218 1262 probabilioris
1266 1203 1375 1266 pro
1423 1184 1577 1269 lege.

434 1286 539 1349 80.
588 1283 876 1350 Ceterum
923 1288 1255 1368 postquam
1303 1305 1350 1349 6.
1400 1286 1635 1350 Doctor
1678 1287 1980 1369 appositis
2027 1286 2587 1351 Dissertationibus
2632 1303 2802 1349 6661-

342 1374 774 1440 munissimam
806 1374 1169 1449 doctrinam,
1203 1394 1392 1457 quam
1426 1374 1629 1439 fuerat
1660 1375 1996 1458 amplexus,
2032 1375 2383 1440 defenderat
2418 1378 2554 1440 tum
2587 1375 2806 1439 contra

342 1482 624 1548 mitiores
655 1481 1029 1557 tutioristas
1069 1484 1208 1546 tum
1239 1483 1455 1546 contra
1484 1482 2020 1565 probabilioristas
2053 1484 2359 1564 quatenus
2391 1482 2457 1545 111
2487 1481 2804 1565 negabant

341 1585 587 1649 licitum
634 1603 818 1649 usum
865 1584 1169 1667 opinionis
1217 1583 1409 1647 solide
1454 1584 1792 1665 probabilis
1830 1584 2022 1648 etiam
2059 1584 2122 1647 in
2169 1602 2470 1648 concursu
2517 1581 2805 1665 probabi-

340 1688 540 1763 lioris,
570 1687 729 1751 illud
760 1706 957 1751 unum
988 1687 1237 1751 demum
1267 1688 1603 1768 supererat,
1638 1688 1710 1749 ut
1739 1685 2123 1767 praedictam
2155 1704 2544 1751 communem
2576 1685 2807 1750 doctri-

340 1809 492 1853 nam
537 1788 886 1854 defenderet
925 1789 1115 1853 etiam
1160 1791 1377 1852 contra
1421 1787 1955 1870 probabilioristas
1992 1790 2299 1871 quatenus
2330 1787 2802 1864 contendebant,

342 1891 703 1956 sectandam
751 1910 881 1956 esse
920 1890 1218 1956 tutiorem
1264 1890 1509 1972 quando
1559 1891 1764 1974 opinio
1814 1909 1925 1973 pro
1969 1890 2260 1955 libertate
2306 1890 2393 1955 sit
2438 1908 2629 1972 aeque
2668 1909 2805 1972 pro-

343 1994 573 2059 babilis
605 2012 675 2059 ac
714 1994 920 2077 opinio
960 2013 1070 2076 pro
1103 1994 1258 2078 lege.

437 2096 509 2160 Id
555 2114 700 2161 vero
740 2116 789 2160 s.
822 2097 1057 2161 Doctor
1089 2116 1418 2181 aggressus
1448 2098 1544 2162 est
1574 2099 1636 2161 et
1668 2097 1985 2179 praestitit
2013 2097 2077 2161 in
2107 2097 2561 2162 Dissertatione
2598 2096 2807 2161 italice

344 2199 693 2281 conscripta
718 2198 1095 2273 ann.1762.,
1122 2218 1280 2280 (11166
1310 2198 1525 2263 deinde
1549 2217 1726 2263 versa
1747 2198 1941 2263 latine
1972 2199 2244 2264 cernitur
2270 2200 2335 2263 in
2360 2199 2626 2264 editione
2658 2198 2808 2262 Bas-

344 2301 589 2367 sanensi
619 2299 996 2384 Theologiae
1041 2299 1301 2365 Moralis
1348 2320 1487 2364 ann.
1528 2300 1718 2365 1773.
1752 2302 1816 2364 61
1863 2300 2068 2383 quoad
2113 2301 2535 2366 substantiam
2570 2301 2806 2365 inserta

345 2403 561 2469 deinde
604 2402 727 2466 fuit
764 2402 1037 2466 eiusdem
1070 2402 1445 2488 Theologiae
1475 2403 1854 2468 editionibus
1885 2422 2079 2485 usque
2113 2403 2189 2467 ad
2228 2406 2610 2486 postremam
2657 2403 2807 2467 Bas-

348 2525 668 2572 sanensem
717 2524 857 2570 ann.
897 2504 1087 2569 1785.

436 2609 536 2687 Et,
571 2610 645 2672 ut
674 2607 940 2683 videtur,
975 2608 1301 2673 maluisset
1330 2609 1578 2691 quidem
1612 2628 1660 2673 s.
1687 2609 1942 2683 Doctor,
1970 2611 2044 2674 ut
2073 2628 2236 2675 nova
2268 2610 2418 2676 haec
2448 2609 2804 2674 dissertatio

346 2712 718 2778 insereretur
762 2711 1065 2775 tractatui
1110 2710 1185 2773 de
1239 2709 1633 2775 Conscientia
1678 2711 1741 2775 in
1791 2710 2058 2777 editione
2105 2712 2500 2796 Theologiae,
2539 2730 2698 2794 quae
2746 2712 2808 2775 in

346 2817 549 2881 lucem
596 2812 871 2896 prodivit
913 2832 1053 2876 ann.
1107 2813 1297 2877 1763.
1346 2811 1464 2877 Sed
1509 2832 1651 2878 cum
1692 2833 1847 2896 opus
1895 2814 2415 2899 typographicum
2450 2833 2574 2879 non
2620 2813 2806 2879 modo

348 2918 498 2981 tunc
542 2915 923 2990 inchoatum,
963 2913 1068 2979 sed
1104 2915 1352 2999 longius
1385 2917 1774 2999 protractum
1820 2916 1948 2981 iam
1979 2920 2159 2992 esset,
2194 2917 2565 2981 desiderium
2597 2936 2646 2981 S.
2686 2916 2808 2979 Do-

348 3019 538 3085 ctoris
584 3017 812 3099 expleri
856 3018 1006 3081 tunc
1053 3036 1173 3082 666
1222 3018 1429 3101 potuit
1477 3021 1542 3082 et
1586 3020 1806 3100 quinta
1851 3019 1961 3083 illa
2009 3019 2215 3083 Editio
2265 3019 2640 3101 Theologiae
2687 3037 2808 3080 uon

350 3121 543 3185 aliam
572 3119 1069 3184 dissertationem
1099 3120 1370 3203 praefert
1399 3119 1472 3183 de
1518 3121 1742 3185 morali
1789 3122 2145 3203 systemate,
2180 3139 2369 3200 quam
2401 3138 2559 3201 quae
2591 3119 2809 3183 contra

349 3221 706 3288 tutioristas
751 3222 1097 3305 conscripta
1142 3222 1269 3286 iam
1315 3221 1455 3285 inde
1500 3223 1578 3285 ab
1626 3241 1766 3285 6116.
1821 3221 2010 3285 1753.
2060 3221 2122 3285 in
2179 3221 2463 3296 secunda,
2511 3220 2697 3284 tertia
2747 3221 2812 3284 et

349 3327 577 3408 quarta
625 3323 998 3409 Theologiae
1046 3323 1314 3388 editione
1357 3323 1701 3407 legebatur.

439 3427 546 3492 81.
570 3425 750 3492 Novo
782 3445 964 3510 porro
996 3426 1141 3491 huic
1173 3425 1464 3509 opuscolo
1497 3425 1705 3490 italice
1736 3426 2083 3508 conscripto
2108 3446 2157 3490 s.
2185 3427 2420 3492 Doctor
2447 3427 2610 3491 111166
2643 3444 2812 3509 prae-

345 3531 481 3595 fixit
516 3529 805 3594 titulum:
841 3526 1048 3593 Breve
1079 3527 1525 3593 dassertazione
1557 3526 1819 3591 dell'uso
1850 3525 2166 3591 moderato
2207 3527 2332 3591 dell
2340 3527 2645 3607 ‘opinione
2664 3547 2815 3608 pro-

350 3632 551 3697 babile
576 3658 638 3696 ».
658 3633 831 3697 Duas
862 3634 1075 3696 autem
1107 3632 1497 3712 quaestiones
1524 3631 1610 3695 ibi
1635 3630 1992 3696 tractandas
2025 3650 2074 3695 s.
2101 3632 2336 3697 Doctor
2369 3632 2485 3697 sibi
2519 3632 2805 3708 assumit,

351 3737 647 3801 scribens:
680 3759 717 3793 «
750 3735 886 3799 Due
933 3752 1083 3798 sono
1131 3734 1188 3798 le
1220 3734 1549 3814 questioni,
1590 3734 1699 3797 che
1730 3733 2110 3798 intendiamo
2149 3735 2212 3798 di
2258 3735 2601 3799 esaminare
2647 3734 2811 3798 nella

350 3838 630 3922 presente
662 3835 1120 3901 dissertazione.
1146 3835 1236 3898 La
1260 3835 1478 3919 prima,
1499 3854 1563 3899 se
1595 3835 1685 3899 sia
1716 3835 1902 3900 lecito
1935 3836 2247 3919 seguitare
2276 3836 2610 3919 l‘opinione
2633 3854 2813 3899 meno

352 3940 687 4024 probabile.
723 3938 813 4002 La
854 3937 1135 4011 seconda‚
1170 3957 1234 4001 se
1270 3937 1522 4002 essendo
1561 3937 1678 4002 due
1728 3938 2001 4020 opinioni
2034 3941 2289 4021 opposte
2337 3939 2728 4023 egualmente
2778 3958 2812 4002 6

352 4043 535 4126 quasi
565 4042 959 4127 egualmente
987 4040 1313 4123 probabili,
1346 4040 1438 4105 sia
1468 4040 1653 4104 lecito
1686 4040 1929 4124 seguire
1959 4040 2023 4104 la
2053 4058 2233 4105 meno
2272 4042 2414 4106 tuta
2453 4066 2515 4104 ».

440 4148 529 4211 At
555 4146 781 4210 harum
821 4143 1006 4227 prior,
1040 4160 1229 4224 quam
1261 4142 1618 4207 brevissime
1648 4162 1698 4207 s.
1734 4143 1969 4208 Doctor
2000 4143 2262 4226 expedit,
2297 4144 2500 4225 reipsa
2533 4161 2658 4208 non
2690 4143 2818 4207 alio

350 4250 610 4331 spectat,
645 4247 766 4312 nisi
798 4246 872 4311 ad
907 4244 1327 4327 depellendam
1365 4246 1761 4322 calumniam,
1798 4264 1987 4328 quam
2017 4246 2358 4331 impingere
2390 4246 2818 4329 probabiliori-

351 4353 484 4417 stae
517 4350 801 4416 solebant
833 4349 1131 4432 benignae
1179 4348 1519 4412 sententiae
1558 4367 1594 4411 a
1642 4367 1692 4411 s,
1725 4348 2044 4431 Alphonso
2094 4367 2232 4413 ann.
2277 4350 2469 4413 1749.
2503 4350 2567 4414 61
2619 4348 2813 4413 1755.

349 4453 477 4518 iam
523 4452 974 4537 propugnatae.
1016 4451 1105 4515 De
1152 4470 1277 4533 qua
1322 4450 1633 4515 calumnia
1680 4470 1727 4515 s.
1769 4451 2004 4515 Doctor
2048 4449 2113 4514 in
2160 4450 2280 4514 fine
2310 4451 2565 4516 huiusce
2613 4471 2809 4517 novae

356 4553 811 4620 dissertationis
836 4551 1076 4617 scribit:
1104 4577 1139 4609 α
1162 4553 1380 4617 Lascio
1412 4554 1514 4636 poi
1546 4553 1654 4635 qui
1678 4552 1741 4617 di
1771 4552 2122 4635 rispondere
2155 4552 2231 4616 ad
2263 4552 2421 4617 altre
2454 4553 2820 4629 obbiezioni,
