3529 5158
866 354 1353 395 PROPOSITIONUM
1390 353 1840 395 nAuNATARUn.
1880 354 1958 394 AB
1999 353 2176 392 Anax.
2217 352 2346 392 vm.
2714 353 2818 393 xm

462 459 566 516 17.
620 456 751 515 Per
796 454 979 514 illam
1026 454 1286 530 praxim
1342 469 1493 512 mox
1539 452 1953 530 absolvendi,
2003 452 2164 511 ordo
2213 452 2669 527 poenitentiae
2717 457 2822 513 est

371 561 697 605 inversus.

459 637 562 695 18.
614 632 1042 693 Consuetudo
1093 632 1411 692 moderna
1455 632 1677 707 quoad
1723 630 2374 691 administrationem
2422 631 2820 691 sacramenti

372 722 853 800 Poenitentiae,
887 720 1150 781 etiamsi
1197 738 1340 780 eam
1379 720 1815 797 plurimorum
1850 720 2197 779 hominum
2230 723 2565 779 sustentet
2595 726 2821 779 aucto-

370 813 535 873 ritas
565 814 635 872 et
665 811 860 871 multi
893 810 1211 886 temporis
1256 809 1670 870 diuturnitas
1706 809 2072 884 confirmet,
2108 808 2546 868 nihilominus
2577 808 2663 868 ab
2696 810 2821 868 Ec-

373 901 571 963 clesia
602 919 732 961 non
765 899 1054 961 habetur
1089 916 1210 975 pro
1241 918 1388 975 usu,
1421 899 1541 960 sed
1576 899 1815 959 abusu.

461 995 565 1052 19.
599 991 820 1051 Homo
865 989 1066 1050 debet
1100 1006 1300 1065 agere
1345 992 1489 1049 tota
1521 989 1665 1048 vit-a
1707 988 2195 1063 poenitentiam
2229 1004 2350 1063 pro
2382 990 2654 1063 peccato
2686 987 2818 1046 ori-

376 1080 602 1157 ginali.

462 1173 566 1230 20.
595 1167 1064 1230 confessiones
1094 1167 1276 1243 apud
1297 1166 1644 1245 religiosos
1676 1167 1910 1244 factae,
1947 1167 2300 1241 pleraeque
2324 1165 2433 1226 vel
2457 1166 2822 1241 sacrilegae

375 1262 531 1319 sunt
560 1258 668 1318 vel
708 1256 1064 1317 invalidae.

462 1349 566 1407 21.
599 1346 1055 1406 Parocbianus
1084 1349 1311 1422 potest
1332 1345 1657 1421 suspicari
1682 1345 1764 1405 de
1800 1343 2353 1419 mendicantibus,
2387 1344 2501 1418 qui
2536 1345 2818 1404 eleemo-

374 1437 557 1513 synis
592 1435 1056 1496 communibus
1086 1435 1353 1511 vivunt,
1387 1435 1469 1495 de
1515 1434 1919 1510 imponenda
1949 1432 2150 1493 nimis
2181 1432 2315 1492 levi
2348 1436 2419 1493 et
2447 1432 2821 1507 incongrua

373 1525 786 1601 poenitentia
829 1541 949 1585 seu
1001 1524 1481 1604 satisfactione,
1531 1525 1616 1584 ob
1662 1531 2014 1599 quaestum
2062 1538 2183 1582 seu
2227 1522 2486 1581 lucrum
2535 1521 2819 1581 subsidii

375 1614 778 1690 temporalis.

464 1705 569 1762 22.
620 1703 942 1779 Sacrilegi
989 1708 1151 1763 sunt
1197 1703 1556 1777 iudicandi,
1608 1702 1723 1778 qui
1773 1702 1881 1759 ius
1911 1700 1994 1759 ad
2037 1700 2578 1759 Communiouem
2614 1698 2825 1774 perci-

376 1793 685 1868 piendam
720 1792 1187 1868 praetendunt,
1234 1794 1593 1866 antequam
1642 1790 2044 1865 condignam
2078 1788 2160 1847 de
2208 1787 2472 1848 delictis
2503 1788 2645 1847 suis
2675 1803 2826 1862 poe·

376 1882 729 1942 nitentiam
765 1882 1048 1958 egerint.

465 1973 570 2030 23.
600 1970 923 2031 Similiter
945 1970 1212 2031 arcendi
1246 1973 1407 2029 sunt
1436 1988 1476 2029 a
1506 1986 1693 2029 sacra
1727 1968 2224 2044 Communione,
2258 1965 2505 2041 quibus
2529 1965 2823 2026 nondum

376 2060 554 2120 inest
588 2077 771 2120 amor
801 2060 931 2120 Dei
960 2058 1362 2135 purissimus
1392 2062 1463 2119 et
1492 2059 1710 2119 omnis
1742 2058 2088 2118 mixtionis
2119 2072 2375 2131 expers,

465 2151 570 2209 24.
605 2149 876 2209 Oblatio
908 2148 977 2208 in
1010 2149 1279 2225 temple,
1306 2164 1479 2223 quae
1512 2148 1715 2208 fiebat
1745 2165 1788 2207 a
1823 2148 2020 2208 beata
2044 2146 2327 2221 Virgine
2359 2146 2574 2204 Maria
2606 2144 2674 2203 in
2712 2143 2821 2203 die

375 2238 857 2314 purificationis
904 2255 1062 2297 suae
1109 2254 1226 2313 per
1272 2237 1438 2297 duos
1486 2238 1707 2313 pullos
1744 2236 2219 2311 columbarum,
2260 2251 2468 2292 unum
2517 2234 2588 2293 in
2637 2234 2823 2293 holo-

375 2332 677 2390 caustum
710 2331 780 2388 et
810 2327 1090 2388 alterum
1142 2344 1264 2403 pro
1311 2326 1622 2403 peccatis,
1654 2326 2060 2386 sufficienter
2090 2326 2401 2396 testatur,
2437 2323 2617 2397 quod
2651 2323 2820 2381 indi-

376 2416 598 2494 guerit
634 2416 1095 2492 purificatione
1125 2420 1195 2475 et
1240 2414 1419 2491 quod
1466 2415 1644 2474 filius
1681 2415 1821 2491 (qui
1862 2411 2291 2489 offerebatur)
2324 2412 2524 2471 etiam
2559 2412 2823 2471 macula

379 2505 609 2567 matris
640 2506 1013 2566 maculatus
1048 2509 1246 2584 esset,
1285 2504 1652 2565 secundum
1689 2504 1895 2564 verba
1931 2503 2121 2578 legis.

464 2599 570 2657 25.
588 2595 717 2656 Dei
742 2595 966 2656 Patris
990 2594 1285 2656 sedentis
1303 2595 1731 2655 simulacrum
1752 2594 1942 2654 nefas
1952 2600 2057 2653 est
2081 2592 2448 2651 christiano
2475 2592 2542 2649 in
2571 2591 2823 2666 templo

380 2685 716 2745 collocare.

469 2775 571 2833 26.
606 2774 803 2852 Laus,
838 2790 1009 2849 quae
1047 2772 1347 2833 defertur
1380 2773 1648 2849 Mariae,
1690 2777 1769 2831 ut
1804 2772 2075 2848 Mariae,
2115 2788 2294 2831 vana
2324 2774 2446 2831 est.

466 2864 569 2923 27.
607 2862 843 2923 Valuit
873 2862 1236 2939 aliquando
1266 2862 1655 2937 Baptismus
1686 2861 1813 2921 sub
1843 2861 1970 2921 hac
1999 2860 2211 2920 forma
2242 2860 2558 2919 collatus:
2597 2861 2675 2918 In
2709 2876 2826 2919 no·

380 2953 552 3012 mine
586 2952 811 3012 Patris
841 2955 989 3028 etc„
1024 2951 1509 3027 praetermissis
1536 2951 1711 3010 illis:
1756 2951 1898 3027 Ego
1931 2954 1999 3011 te
2036 2949 2327 3025 baptiza

465 3043 570 3101 28.
604 3042 807 3102 Valet
838 3041 1224 3116 Baptismus
1254 3040 1539 3100 collatus
1570 3058 1610 3100 a
1647 3039 1975 3117 ministro,
2016 3039 2132 3114 qui
2165 3056 2426 3098 omnem
2459 3038 2664 3098 ritum
2711 3055 2824 3097 ex-

378 3137 639 3190 ternum
687 3130 1096 3206 formamque
1134 3130 1517 3206 baptizandi
1566 3130 1901 3207 observat,
1942 3130 2130 3189 intus
2160 3145 2320 3188 vero
2354 3128 2422 3186 in
2457 3128 2653 3188 corde
2702 3143 2824 3185 suo

378 3219 555 3295 apud
591 3236 662 3280 se
695 3219 999 3280 resolvit·
1034 3220 1185 3279 Non
1216 3218 1493 3279 intendo
1530 3219 1712 3293 quod
1743 3217 1907 3278 facit
1938 3217 2257 3278 Ecclesia.

466 3311 572 3369 29.
607 3309 855 3370 Futilis
885 3313 957 3369 et
985 3309 1187 3370 toties
1232 3309 1553 3369 convulsa
1596 3311 1701 3368 est
1732 3308 2011 3367 assertio
2044 3307 2127 3366 de
2174 3305 2520 3365 Pontificis
2568 3303 2823 3363 romani

379 3415 580 3473 snpra
616 3398 988 3458 Concilium
1023 3398 1516 3458 oecumenicum
1562 3396 1966 3457 auctoritate
1995 3400 2200 3471 atque
2233 3395 2302 3453 in
2335 3393 2490 3453 fidei
2527 3393 2823 3470 questio-

380 3487 577 3547 nibus
606 3487 1040 3548 decernendis
1075 3486 1577 3547 infallibilitate.

467 3579 572 3637 30.
603 3576 739 3638 Ubi
769 3577 923 3652 quis
956 3576 1288 3637 invenerit
1309 3575 1723 3636 doctrinam
1707 3593 1774 3634 in
1811 3574 2202 3651 Augustino
2239 3575 2414 3634 clare
2448 3573 2823 3649 fundatam,

382 3665 557 3726 illam
595 3666 903 3727 absolute
934 3669 1157 3742 potest
1201 3670 1427 3726 tenere
1460 3668 1529 3725 et
1561 3666 1814 3743 docere,
1854 3681 1989 3724 non
2037 3663 2451 3738 respiciendo
2498 3662 2583 3723 ad
2615 3662 2820 3721 ullam

384 3755 723 3817 Pontificis
756 3756 1031 3817 bullam.

467 3845 572 3904 31.
604 3845 809 3905 Bulla
855 3844 1113 3905 Urbani
1162 3845 1357 3904 VIII.
1393 3844 1481 3903 In
1528 3842 1824 3903 eminenti
1868 3845 1973 3903 est
2018 3841 2439 3916 subreptitia.

467 3933 833 3994 Damnatac
866 3940 923 3993 et
961 3933 1320 4009 prohibitae
1366 3937 1689 4009 tanquam
1726 3930 2139 4007 temerariae,
2173 3930 2622 4003 scandalosae,
2657 3928 2827 3987 male

385 4025 713 4101 sonantes,
771 4022 1150 4100 iniuriosae,
1209 4023 1465 4082 haeresi
1520 4022 1880 4100 proximae,
1937 4019 2262 4080 haeresim
2320 4017 2674 4092 sapienteS,
2730 4032 2833 4075 er-

386 4127 636 4189 roneae,
686 4111 1146 4172 schismaticae
1191 4115 1261 4172 et
1306 4112 1680 4172 baereticae
1725 4109 2117 4186 respective.
