3529 5158
313 447 416 524 [55]
859 463 1256 504 resonam-m.
1294 463 1540 506 cnassa.
1579 464 1819 509 smum.
1861 466 2235 509 flammans
2702 456 2773 511 53

316 581 700 643 quamquam
733 561 1009 644 alioquin
1040 565 1283 626 reatum
1320 562 1734 646 negligentiae
1781 563 2180 628 dimetiamur
2217 584 2286 629 ex
2324 566 2635 648 gravitate
2666 567 2773 644 rei,

317 667 389 729 nt
412 664 601 747 paulo
637 668 784 728 ante
808 664 1094 728 diximus,
1113 664 1409 743 Quocirca
1432 665 1565 728 fieri
1589 668 1815 747 potest,
1841 669 1914 729 ut
1951 666 2146 731 levior
2169 667 2253 731 sit
2275 669 2502 743 reatuS,
2530 671 2774 750 quando

318 768 762 852 gravissimum
800 769 894 831 est
930 767 1245 845 damnum,
1286 787 1472 849 quam
1509 787 1651 831 cum
1688 768 1822 832 leve
1853 768 2150 833 damnum
2181 771 2594 852 consequitur.

406 870 643 933 Verum
680 868 822 934 hinc
854 869 1026 933 aliud
1061 870 1529 934 consectarium.
1555 870 1730 934 Alias
1768 870 1926 934 enim
1967 871 2252 945 diximus,
2293 876 2534 937 reatum
2575 894 2780 956 pecca-

316 976 525 1036 torum
556 973 622 1035 in
645 990 835 1036 causa
856 989 980 1035 non
1003 975 1142 1037 tum
1172 972 1473 1045 contrahi,
1500 971 1745 1054 quando
1785 972 2067 1053 sequitur
2096 973 2365 1049 effectus,
2392 975 2499 1038 sed
2530 978 2776 1057 quando

315 1093 499 1138 causa
525 1074 919 1157 culpabiliter
935 1075 1204 1157 ponitur.
1224 1074 1305 1138 Et
1326 1074 1467 1138 inde
1488 1074 1621 1138 fieri
1643 1074 1930 1147 diximus,
1949 1075 2194 1137 reatum
2211 1075 2512 1153 contrahi,
2532 1079 2777 1161 etiamsi

314 1177 569 1241 effectus
616 1196 740 1241 non
777 1179 1092 1258 sequatur,
1127 1180 1201 1240 ut
1246 1179 1418 1259 patet
1447 1177 1512 1241 in
1550 1177 1827 1259 exemplo
1863 1177 2053 1251 illius,
2087 1177 2195 1258 qui
2239 1197 2542 1244 venenum
2589 1181 2775 1246 alicui

313 1282 514 1362 parat,
536 1279 703 1361 quod
726 1282 937 1343 tamen
960 1280 1059 1344 vel
1083 1298 1204 1344 non
1230 1280 1498 1343 sumitur
1519 1280 1617 1343 vel
1641 1299 1764 1344 non
1787 1280 2072 1345 nocet.1d
2095 1280 2300 1363 ipsum
2324 1281 2397 1346 (le
2420 1282 2774 1365 ignorantia

317 1382 676 1446 dicendum:
716 1382 1000 1447 videlicet
1036 1384 1356 1465 peccatum
1392 1383 1799 1458 contrahitur,
1836 1383 2079 1464 quando
2112 1388 2322 1447 reatus
2360 1384 2776 1469 negligentiae

312 1484 669 1558 incurritur,
698 1502 821 1548 non
852 1502 995 1549 vero
1031 1484 1279 1566 quando
1317 1485 1596 1565 sequitur
1625 1504 1697 1549 ex
1726 1485 2081 1568 ignorantia
2120 1486 2345 1567 aliquis
2369 1487 2638 1563 effectuS,
2666 1490 2776 1571 qui

314 1587 489 1651 nobis
527 1605 599 1650 ea
638 1585 712 1651 de
743 1605 929 1651 causa
961 1586 1188 1651 dicitur
1224 1587 1632 1651 voluntarius.
1658 1588 1920 1669 Propter
1956 1588 2211 1651 eandem
2243 1589 2546 1653 rationem
2578 1590 2775 1654 dicen-

319 1688 465 1752 dum
499 1691 615 1764 est,
642 1689 872 1752 incurri
902 1692 1165 1763 reatum,
1193 1689 1441 1753 etiamsi
1478 1689 1573 1752 illi
1597 1689 1867 1766 effectuS,
1895 1689 2041 1770 quia
2079 1710 2136 1752 v.
2161 1710 2255 1772 gr.
2282 1709 2404 1753 non
2441 1710 2505 1754 se
2544 1692 2777 1756 obtulit

313 1792 572 1867 occasio,
612 1810 735 1855 non
782 1794 1139 1873 sequantur.
1180 1791 1344 1875 Ergo
1391 1791 1799 1855 confessarius
1847 1811 1902 1853 v.
1947 1811 2040 1874 gr.
2089 1791 2430 1873 episcopua,
2478 1792 2770 1869 medicus,

315 1894 678 1969 advocatuS,
718 1894 900 1958 iudex
938 1897 1053 1958 etc.
1096 1913 1288 1975 aeque
1325 1894 1413 1957 rei
1450 1895 1614 1967 sunt,
1649 1893 1701 1957 si
1746 1892 2043 1975 culpabili
2079 1893 2432 1976 ignorantia
2463 1894 2769 1973 laborant,

310 1999 439 2062 sive
477 1996 763 2061 accidant
794 2015 1026 2061 errores
1058 2015 1128 2060 ac
1165 1996 1391 2059 damna
1429 1996 1557 2059 sive
1588 2014 1711 2060 non
1742 1995 2042 2059 accidant.

397 2096 521 2171 55.
556 2099 655 2164 Ad
687 2099 1171 2183 cognoscendam
1207 2099 1394 2162 huius
1424 2100 1634 2162 reatus
1662 2097 1953 2174 indolem,
1992 2098 2170 2162 iuvat
2207 2100 2522 2180 praeterea
2558 2098 2774 2164 distin-

308 2223 496 2288 guere
534 2203 758 2285 duplex
796 2202 1187 2286 ignorantiae
1223 2220 1418 2284 genus
1455 2219 1597 2264 cum
1633 2220 1683 2264 s.
1709 2200 1950 2264 Thoma
1974 2199 2048 2262 dc
2085 2199 2270 2262 Malo
2307 2220 2364 2281 q.
2393 2202 2454 2264 3.
2482 2220 2537 2264 a.
2565 2202 2626 2266 8.
2652 2200 2773 2281 Qui

309 2307 553 2388 inquit:
587 2331 623 2363 «
649 2304 1032 2390 Ignorantia,
1067 2322 1173 2386 per
1207 2303 1655 2386 negligentiam
1685 2302 2048 2384 contingens
2080 2302 2434 2366 voluntaria
2465 2304 2774 2368 iudicatur

307 2409 533 2485 solum,
574 2408 631 2471 si
662 2426 784 2471 non
816 2406 1083 2489 applicet
1115 2406 1391 2469 animum
1428 2405 1506 2468 ad
1544 2403 2037 2488 cognoscendum
2074 2422 2166 2479 ea,
2205 2422 2364 2484 quae
2408 2422 2772 2487 cognoscere

306 2510 485 2575 debet
533 2509 635 2574 vel
665 2508 1035 2590 simpliciter
1064 2512 1125 2571 et
1156 2506 1494 2571 secundum
1529 2526 1704 2570 omne
1738 2510 1975 2586 tempus
2011 2504 2198 2586 (unde
2233 2506 2588 2591 ignorantia
2617 2507 2772 2571 iuris

306 2613 382 2677 ad
404 2612 858 2696 negligentiam
882 2611 1237 2694 reputatur)
1260 2610 1357 2673 vel
1396 2610 1459 2673 in
1483 2610 1691 2691 aliquo
1725 2629 1891 2686 casu,
1921 2612 1993 2673 ut
2023 2628 2165 2673 cum
2196 2609 2434 2674 emittit
2469 2611 2770 2694 sagittam

308 2716 375 2778 in
416 2715 624 2796 aliquo
670 2714 829 2788 loco,
870 2714 978 2778 ubi
1022 2713 1300 2778 homines
1347 2713 1548 2778 solent
1585 2713 1848 2776 transire
1885 2739 1947 2775 ».
1987 2711 2110 2777 Ubi
2147 2712 2556 2796 distinguitur
2600 2714 2773 2796 igno-

309 2817 518 2881 rantia
542 2817 640 2880 vel
679 2817 839 2880 circa
877 2836 968 2890 ea,
996 2835 1154 2898 quae
1185 2815 1520 2879 secundum
1553 2835 1731 2880 omne
1769 2817 2014 2897 tempus
2038 2815 2177 2896 (nos
2207 2815 2405 2880 dicere
2442 2835 2769 2899 possumus

310 2917 531 2983 habitu
576 2919 679 2984 vel
708 2917 1143 3001 habitualiter)
1167 2916 1411 2981 scienda
1447 2921 1614 2994 sunt,
1641 2917 1739 2982 vel
1775 2918 1936 2981 circa
1972 2937 2064 2993 ea,
2091 2935 2248 2998 quae
2283 2919 2604 3000 speciatim
2641 2939 2771 3000 per-

309 3023 510 3087 tinent
544 3022 622 3085 ad
660 3021 1158 3085 circumstantias
1192 3021 1451 3084 actionis
1482 3021 1874 3103 particularis
1911 3020 2243 3103 ponendae.

392 3126 637 3209 Duplex
661 3126 777 3189 hoc
799 3125 1188 3209 ignorantiae
1210 3143 1406 3207 genus
1420 3123 1731 3206 designari
1746 3123 2131 3187 commodius
2153 3123 2215 3185 in
2233 3142 2361 3186 rem
2387 3127 2767 3206 praesentem

308 3229 535 3310 poterit
583 3229 664 3290 1¹¹¹
700 3247 806 3310 per
842 3226 1262 3311 ignorantiam
1292 3225 1695 3298 habitualem,
1733 3226 1819 3287 2¹¹¹
1853 3243 1959 3306 per
1987 3223 2406 3306 ignorantiam
2439 3223 2766 3300 actualem,

310 3331 404 3394 vel
435 3330 562 3394 alio
592 3329 779 3394 modo
817 3329 900 3391 1¹¹¹
924 3348 1029 3411 per
1058 3328 1486 3409 ifflzorantiam
1518 3328 1604 3389 2ω
1628 3346 1734 3408 per
1763 3322 2409 3397 inconsiderationem,
2434 3323 2767 3390 dummodo

310 3433 502 3496 latius
540 3433 849 3515 tantisper
885 3431 1283 3495 extendamus
1316 3429 1651 3494 secundum
1681 3428 2047 3502 membrum,
2081 3428 2156 3490 ut
2183 3427 2630 3510 complectatur
2674 3429 2769 3493 in-

306 3534 859 3599 considerationem
906 3551 1027 3597 non
1071 3532 1256 3596 modo
1288 3532 1449 3596 circa
1481 3530 1978 3596 circumstantias
2023 3530 2194 3607 facti,
2230 3529 2333 3595 sed
2372 3531 2562 3595 etiam
2608 3531 2769 3597 circa

305 3637 751 3722 obligationem
789 3634 1144 3700 advertendi
1180 3634 1258 3699 ad
1292 3635 1513 3718 legem.

394 3741 616 3821 Itaque
654 3740 709 3803 si
739 3738 814 3803 de
844 3741 1157 3821 postremo
1195 3738 1312 3802 hoc
1347 3756 1566 3821 genere
1597 3755 1799 3801 sermo
1837 3736 1939 3811 sit,
1971 3738 2180 3800 reatus
2212 3739 2362 3800 tunc
2394 3740 2644 3801 tantum
2681 3739 2768 3801 in-

308 3843 575 3906 curritur
598 3845 665 3906 et
696 3841 1059 3917 absolvitur,
1086 3859 1229 3904 cum
1260 3839 1399 3921 quis
1432 3842 1682 3903 acturus
1715 3841 1778 3903 et
1816 3839 2023 3919 aliquo
2055 3838 2239 3902 modo
2273 3839 2766 3904 animadvertens

314 3946 744 4010 necessitatem
774 3942 1200 4008 considerandi
1235 3962 1383 4019 rem,
1416 3942 1573 4006 hanc
1608 3940 2161 4006 considerationem
2209 3940 2466 4003 omittit.
2500 3940 2599 4002 Ita
2645 3959 2768 4004 me-

310 4047 480 4111 dicus
525 4048 636 4128 qui
682 4046 1068 4131 negligenter
1112 4045 1425 4109 examinat
1468 4048 1759 4109 naturam
1805 4042 2024 4113 morbi,
2073 4040 2478 4106 confessarius
2527 4043 2767 4106 statum

304 4151 672 4232 poenitentis
710 4152 826 4213 etc.

392 4254 568 4317 Dixi:
606 4252 819 4333 aliquo
856 4249 1042 4314 modo
1076 4249 1567 4313 animadvertens
1607 4247 1680 4312 ad
1720 4247 2150 4312 necessitatem
2186 4246 2628 4324 considerandi,
2662 4249 2767 4314 sed

306 4374 497 4437 neque
518 4356 638 4419 hoc
671 4371 913 4435 semper
945 4354 1039 4416 est
1071 4353 1215 4415 actu
1240 4351 1667 4416 necessarium.
1694 4348 1856 4428 Quia
1887 4348 2017 4413 fieri
2048 4351 2272 4432 potest,
2299 4351 2373 4412 ut
2404 4351 2548 4414 actu
2579 4351 2765 4416 homo

305 4457 455 4521 nihil
487 4457 780 4521 advertat
810 4456 873 4519 et
904 4457 1113 4518 tamen
1144 4471 1267 4517 non
1298 4455 1505 4518 careat
1533 4455 1711 4517 reatu
1742 4452 1873 4534 ipsc
1904 4453 2110 4516 status
2141 4470 2249 4514 seu
2281 4451 2531 4516 habitus
2563 4453 2768 4519 incon-

302 4559 689 4632 siderantiae,
710 4557 824 4638 qui
847 4556 1192 4620 contrarius
1208 4558 1302 4619 est
1324 4555 1547 4619 virtuti
1568 4553 2007 4628 studiositati-s,
2024 4553 2098 4618 de
2120 4572 2244 4634 qua
2261 4573 2310 4617 s.
2329 4552 2600 4617 Thomas
2618 4556 2678 4618 2.
2702 4557 2764 4620 2.

300 4682 358 4744 q.
401 4663 543 4727 166.
579 4681 637 4726 a.
685 4661 747 4724 1.
777 4661 842 4723 et
879 4659 940 4722 2.
973 4658 1082 4722 ubi
1111 4658 1335 4738 inquit,
1376 4676 1432 4721 a.
1471 4659 1563 4720 1.:
1605 4681 1639 4713 «
1671 4655 1950 4720 studium
1983 4656 2223 4738 proprie
2261 4656 2559 4737 importat
2591 4657 2767 4721 vehe-
