3529 5158
872 399 1360 441 Pnomsrrlozwn
1398 398 1846 439 DAMNATARUM.
1884 399 1925 438 A
1963 397 2065 438 Plo
2103 399 2182 439 VI.
2703 399 2805 438 mx

361 502 618 562 decreta
646 502 734 562 ab
764 518 900 561 una
930 501 1320 577 particulari
1351 500 1631 561 ecclesia
1669 501 1779 560 vel
1802 499 2034 576 paucis
2063 498 2447 575 pastoribus
2479 497 2799 575 profecta,

360 592 542 651 nulla
585 591 941 651 sufficienti
978 590 1379 651 auctoritate
1427 588 1726 665 suffulta,
1764 593 1926 649 nata
1960 588 2480 669 corrumpendae
2516 588 2802 665 puritati

361 679 542 741 Fidei
590 697 669 740 ac
707 680 922 740 turbis
951 679 1345 755 excitandis,
1380 680 1643 740 intrusa
1672 695 1794 754 per
1817 679 1977 747 vim,
2004 695 2041 738 e
2072 678 2320 753 quibus
2351 678 2608 738 inflicta
2639 680 2802 737 sunt

358 770 636 830 vulnera
680 769 961 829 nimium
1008 768 1227 830 adhuc
1271 769 1585 841 recentia,

444 859 701 934 Falsae,
726 858 1079 935 captiosae,
1107 857 1517 931 temerariae,
1545 858 1989 933 scandalosao,
2019 857 2087 916 in
2114 873 2420 917 romanos
2444 855 2805 916 Pontifices

532 950 602 1007 et
650 946 1008 1007 chlesiam
1057 946 1439 1022 iniuriosae,
1473 946 1740 1007 debitae
1788 946 2170 1021 apostolicis
2202 944 2804 1007 constitutionibus

530 1036 950 1097 obedientiae
995 1035 1414 1113 derogantes,
1456 1036 1939 1111 schismaticae,
1976 1035 2405 1113 perniciosae,
2441 1034 2526 1095 ad
2579 1034 2805 1094 minus

532 1142 867 1186 erroneae.

965 1317 1064 1364 DE·
1111 1318 1300 1365 PAOE·
1346 1318 1573 1365 DICTA
1619 1318 2036 1365 CLEMENTIS
2086 1319 2182 1365 11.

720 1466 899 1527 Orat.
935 1465 1165 1544 Syma.
1201 1468 1260 1545 ξ.
1297 1470 1356 1528 2.
1399 1469 1469 1526 in
1500 1474 1669 1527 nota.

446 1558 548 1616 13.
585 1556 965 1632 Propositio
1011 1558 1225 1617 relata
1271 1558 1447 1617 inter
1490 1560 1643 1617 acta
1688 1556 1962 1634 Synodi,
2011 1573 2183 1631 quae
2231 1556 2457 1616 innuit
2506 1556 2810 1617 Clemen-

358 1650 490 1707 tem
536 1646 662 1706 IX.
710 1662 941 1722 pacem
987 1646 1326 1708 Ecclesiae
1372 1646 1743 1706 reddidisse
1793 1662 1910 1721 per
1962 1646 2513 1721 approbationem
2562 1645 2806 1705 distin-

357 1735 596 1796 ctionis
618 1735 787 1795 iuris
822 1738 893 1795 et
924 1734 1080 1796 facti
1111 1736 1180 1795 in
1204 1734 1695 1810 subscriptione
1720 1733 2087 1793 formularii
2114 1735 2198 1793 ab
2226 1733 2618 1793 Alexandro
2643 1734 2802 1793 VII.

517 1824 642 1885 scri
697 1825 750 1886 ti

357 1840 1072 1991 pssalsaptdmeraria
1109 1913 1441 1974 elementi
1481 1914 1605 1972 1x.
1657 1912 2002 1972 iniuriosa.

450 2042 552 2099 14.
602 2039 949 2112 Quatenus
974 2055 1134 2098 vero
1157 2038 1220 2099 ei
1252 2038 1669 2099 distinctioni
1701 2038 2126 2114 suffragatur,
2160 2038 2457 2098 eiusdem
2507 2037 2801 2098 fautores

356 2127 671 2189 laudibus
701 2127 1080 2188 extollendo
1126 2130 1196 2187 et
1238 2143 1466 2188 eorum
1502 2127 1920 2187 adversarios
1965 2126 2448 2203 vituperando:

447 2217 843 2296 Temeraria,
890 2216 1283 2293 perniciosa,
1332 2218 1608 2303 summis
1656 2216 2096 2276 Pontificibus
2127 2216 2469 2293 iniuriosa,
2521 2216 2809 2276 schisma

537 2306 775 2366 fovens
820 2311 890 2366 et
934 2306 1284 2366 haeresim.

738 2517 838 2562 DE
884 2514 1564 2563 COAGMENTATIONE
1613 2514 1977 2561 CORPORIS
2024 2513 2432 2561 EOOLESIAE

720 2666 1005 2743 Append.
1056 2683 1121 2725 n.
1159 2667 1263 2725 28.

452 2759 558 2816 15.
578 2755 921 2832 Doctrina,
945 2772 1117 2831 quae
1140 2755 1453 2830 proponit
1476 2754 1845 2815 Ecclesiam
1867 2754 2388 2815 considerandam
2421 2756 2588 2814 volut
2606 2773 2801 2817 unum

363 2862 589 2922 corpus
626 2844 955 2921 mysticum
1011 2850 1508 2921 coagmentatum
1554 2862 1629 2903 εει·
1679 2842 1930 2903 Christo
1974 2844 2192 2922 Capite
2238 2850 2297 2904 et
2328 2845 2649 2922 ffiicba‘bvoe,
2698 2848 2806 2923 qui

362 2941 509 2995 sunt
548 2935 681 2993 eius
714 2933 987 2992 membra
1014 2951 1134 3010 per
1157 2934 1447 2993 zmilonem
1478 2932 1884 3010 ineffabilem,
1919 2950 2044 3009 qua
2074 2935 2458 2994 mirabiliter
2489 2935 2811 2995 evadimus

364 3041 503 3084 oum
542 3024 678 3101 ipso
726 3039 888 3081 unus
918 3024 1088 3082 solus
1119 3023 1425 3101 sacerdos,
1459 3040 1590 3082 una
1620 3022 1760 3082 sola
1793 3023 2069 3098 victima,
2105 3042 2268 3084 unu-3
2299 3025 2470 3083 solus
2503 3024 2811 3083 adorator

354 3112 675 3191 perfectus
699 3111 825 3171 Dei
856 3111 1078 3170 Patris
1118 3112 1184 3170 in
1210 3112 1443 3189 spiritu
1490 3119 1548 3171 et
1579 3113 1862 3186 veritate,

453 3202 811 3263 Intellecta
830 3203 959 3261 hoc
982 3217 1201 3279 sensu,
1225 3204 1305 3260 ut
1334 3200 1421 3260 ad
1451 3218 1690 3276 corpus
1729 3201 2065 3260 Ecclesiae
2103 3216 2235 3258 non
2267 3199 2653 3274 pertineant
2684 3200 2816 3258 nisi

542 3290 774 3351 fideles
819 3291 935 3365 qui
982 3293 1142 3349 sunt
1186 3289 1465 3365 perfecti
1496 3291 1883 3348 adoratores
1915 3289 1984 3346 iu
2018 3287 2262 3362 spiritu
2294 3289 2364 3346 et
2394 3286 2723 3346 veritate:

1410 3378 1787 3437 Haeretica.

1125 3572 1223 3618 DE
1273 3571 1503 3619 s'rATU
1551 3569 2058 3618 INNOOENTIAE

548 3721 650 3782 De
682 3727 849 3798 yrat.
884 3722 987 3800 ἐξ.
1025 3725 1084 3782 4.
1115 3724 1149 3781 7
1158 3763 1195 3797 .,
1222 3721 1298 3780 de
1321 3719 1603 3781 Sacram.
1638 3720 1709 3779 im
1736 3737 1871 3797 qen.
1907 3721 1945 3798 ξ
1982 3723 2065 3797 1.,
2097 3720 2173 3780 de
2202 3719 2447 3780 Poem‘ae.
2483 3719 2543 3796 ξ.
2579 3723 2639 3779 4.

458 3815 564 3874 16.
600 3811 925 3872 Doctrina
971 3809 1223 3888 Synodi
1272 3809 1355 3869 de
1400 3813 1583 3871 statu
1630 3808 1814 3870 felici
1860 3809 2304 3882 innocentiae,
2344 3810 2614 3884 qualem
2661 3826 2816 3870 eum

368 3904 829 3979 repraesentat
873 3901 944 3960 in
991 3901 1251 3961 Adamo
1298 3902 1455 3960 ante
1499 3905 1867 3976 peccatum,
1916 3899 2397 3974 complectente
2436 3914 2568 3956 non
2618 3898 2814 3957 modo

368 3991 851 4068 integritatem,
902 3991 1018 4050 sed
1062 3993 1133 4050 et
1174 3989 1502 4050 iustitiam
1550 3989 1936 4050 interiorem
1982 4005 2132 4049 cum
2165 3987 2459 4062 impulsu
2490 3985 2563 4044 in
2595 3986 2815 4046 Deum

367 4097 491 4157 per
524 4096 816 4141 amorem
849 4079 1151 4139 caritatis
1174 4083 1378 4154 atque
1407 4079 1818 4154 primaevam
1840 4076 2268 4137 sanctitatem
2298 4075 2530 4150 aliqua
2560 4074 2820 4136 ratione

370 4174 526 4246 post
556 4171 821 4245 lapsum
868 4168 1274 4246 restitutam,

460 4260 816 4333 Quatenus
862 4258 1275 4334 complexive
1329 4263 1605 4333 accepta
1648 4257 1894 4331 innuit,
1945 4258 2197 4315 statum
2245 4254 2435 4314 illum
2485 4254 2823 4330 sequelam

374 4347 582 4410 fnisse
630 4348 1012 4424 creationis,
1044 4347 1345 4408 debitum
1376 4364 1457 4407 ex
1489 4347 1783 4407 naturali
1811 4346 2157 4419 exigentia
2191 4348 2262 4405 et
2291 4345 2672 4405 conditione
2701 4345 2827 4403 hu-

375 4454 607 4500 manae
653 4442 955 4512 naturae,
988 4453 1123 4497 non
1158 4437 1529 4512 gratuitum
1566 4437 1689 4496 Dei
1737 4435 2164 4495 beneficium:

464 4528 683 4607 Falsa,
716 4527 886 4588 alias
917 4527 1232 4587 damnata
1268 4527 1337 4585 in
1368 4526 1534 4585 Baio
1557 4529 1630 4585 et
1653 4525 2059 4602 Quesnellio,
2084 4539 2378 4600 erronea,
2413 4522 2650 4583 favens
2672 4521 2828 4582 hae-

550 4618 684 4679 resi
728 4617 1139 4693 pelagianae.
