3529 5158
727 329 832 384 106
1235 338 1445 380 TRAcr.
1482 341 1520 380 1.
1559 339 1645 378 110
1681 335 1936 378 Amisus
1973 335 2272 377 numnis.
2313 335 2511 378 offm-
2547 336 2678 377 vm.
3038 322 3187 398 [113]

721 439 1085 522 pediverunt
1127 436 1493 519 interpretes
1542 453 1612 498 ac
1668 435 1992 517 theologos
2039 451 2161 498 non
2209 451 2437 515 paucos
2485 433 2578 513 (et
2608 434 2673 497 hi
2728 452 2873 499 sane
2919 434 3182 502 Patrum

722 542 1068 606 doctrinam
1117 538 1615 619 venerabantur),
1672 536 2002 619 quominus
2057 535 2432 618 explicarent
2484 536 2672 600 verba
2725 536 2930 610 Pauli,
2979 540 3182 620 quoad

725 646 963 727 partem
1013 642 1475 713 affirmativam,
1524 640 1598 703 de
1643 658 1813 704 mero
1862 639 2137 703 consilio.

816 743 950 816 113.
991 745 1413 809 Veruntamen
1448 741 1751 813 addimus,
1784 741 2186 824 praemissam
2226 760 2273 803 S.
2308 741 2783 805 Bonaventurae
2819 742 3183 827 interpreta-

726 852 958 914 tionem
1005 866 1127 912 non
1160 864 1289 910 esse
1326 844 1752 918 necessariam,
1791 843 1917 906 imo
1952 842 2341 917 sententiam,
2376 861 2534 924 quae
2563 841 2628 905 in
2661 843 2862 907 verbis
2894 844 3181 927 Apostoli

725 951 984 1034 proponi
1031 951 1426 1032 praeceptum
1458 946 1647 1009 etiam
1686 943 1891 1026 quoad
1923 946 2161 1026 partem
2195 944 2637 1008 affirmativam
2669 943 2866 1020 docet,
2886 948 3183 1028 probabi-

724 1055 943 1118 liorem
974 1052 1186 1115 videri.
1228 1049 1493 1133 Aguirre
1525 1047 1697 1129 Disp.
1743 1048 1890 1109 130.
1930 1066 1989 1109 n.
2030 1047 2175 1111 120.
2217 1047 2330 1127 (a).

813 1157 990 1219 Hanc
1020 1151 1451 1217 dissertissime
1481 1148 1659 1213 docet
1689 1168 1737 1212 s.
1773 1148 2043 1212 Thomas
2081 1150 2146 1211 et
2181 1167 2291 1211 nos
2328 1149 2495 1213 ultro
2529 1166 2664 1212 eam
2713 1150 3179 1232 amplectimur3

724 1259 871 1321 licet
902 1255 1220 1329 addamus,
1255 1251 1665 1317 necessarium
1703 1269 1853 1326 esse,
1889 1250 1962 1312 ut
1999 1249 2278 1313 doctrina
2312 1269 2358 1313 6.
2401 1249 2676 1315 Thomae
2721 1270 2842 1316 non
2890 1270 2961 1316 ex
3008 1256 3183 1335 parte

725 1359 929 1423 solum
977 1356 1081 1421 sed
1127 1356 1371 1437 integra
1417 1352 1780 1416 retineatur.

814 1461 1034 1542 Itaque
1066 1456 1231 1539 quod
1262 1476 1333 1520 ex
1363 1456 1568 1518 mente
1594 1474 1641 1518 6.
1676 1454 1952 1517 Thomae
1985 1454 2379 1536 praeceptum
2413 1454 2515 1530 sit,
2549 1454 2624 1516 ut
2653 1456 2860 1519 omnia
2891 1456 2954 1519 in
2978 1457 3182 1521 Deum

719 1563 1084 1638 referantur,
1119 1559 1294 1643 patet
1330 1577 1401 1621 ex
1437 1559 1493 1621 1.
1536 1557 1596 1619 2.
1631 1575 1689 1637 q.
1735 1557 1882 1618 100.
1903 1573 1956 1617 3.
1982 1545 2084 1617 10.
2113 1554 2187 1618 ad
2210 1556 2268 1617 2.
2289 1555 2398 1618 ubi
2431 1555 2554 1618 ait:
2580 1556 2996 1631 «Dicendum,
3015 1560 3182 1640 quod

721 1666 836 1731 sub
868 1665 1190 1747 praecepto
1224 1660 1505 1725 caritatis
1551 1658 1922 1732 continetur,
1956 1657 2039 1730 utv
2059 1656 2360 1740 diligatur
2391 1658 2558 1721 Deus
2590 1677 2662 1721 ex
2699 1660 2834 1723 toto
2867 1660 3068 1736 corde,
3104 1662 3181 1725 ad

719 1767 884 1848 quod
918 1765 1203 1848 pertinet,
1238 1765 1312 1826 ut
1344 1760 1550 1825 omnia
1597 1759 1943 1823 referantur
1988 1758 2054 1821 in
2101 1760 2301 1822 Deum
2333 1760 2398 1821 et
2425 1758 2563 1823 ideo
2602 1763 2998 1843 praeceptum
3030 1763 3183 1827 cari-

720 1869 871 1932 tatis
902 1868 1156 1949 implere
1189 1865 1374 1928 homo
1407 1881 1528 1925 non
1562 1863 1788 1943 potest,
1815 1861 1934 1923 nisi
1960 1860 2151 1923 etiam
2185 1860 2390 1924 omnia
2423 1860 2768 1926 referantur
2797 1863 2862 1925 in
2888 1864 3092 1928 Deum
3115 1890 3176 1928 >›.

718 1969 859 2033 Huc
903 1966 1115 2031 referri
1161 1966 1366 2048 potest
1402 1963 1566 2044 quod
1612 1962 1801 2025 habet
1837 1960 2086 2040 Quaest.
2126 1962 2288 2025 unic.
2324 1961 2397 2023 (Ie
2451 1960 2734 2025 Caritate
2765 1982 2819 2026 a.
2859 1965 2962 2027 11.
2998 1965 3077 2028 ad
3116 1967 3175 2028 2.

727 2094 760 2127 «
793 2067 971 2146 Quod
1004 2067 1209 2131 omnia
1234 2066 1467 2129 virtute
1490 2064 1836 2127 referantur
1859 2064 1921 2127 in
1947 2065 2168 2135 Deum,
2194 2063 2310 2126 hoc
2334 2064 2603 2144 pertinet
2634 2063 2711 2127 ad
2742 2065 3180 2146 perfectionem

721 2170 1022 2242 caritatis,
1051 2169 1127 2232 ad
1152 2187 1340 2250 quam
1366 2185 1575 2232 omnes
1601 2168 1888 2230 tenentur
1913 2192 1972 2227 ».
2000 2166 2081 2228 Et
2105 2165 2251 2228 ibid.
2280 2165 2357 2228 ad
2382 2166 2442 2227 3.
2465 2187 2479 2227 :
2508 2189 2542 2222 «
2560 2165 2932 2230 Virtualiter
2954 2168 3180 2232 referre

721 2271 956 2353 aliquid
986 2270 1051 2334 in
1081 2271 1284 2334 Deum
1316 2270 1411 2333 est
1448 2268 1689 2351 agentis
1721 2268 1971 2350 propter
2018 2266 2220 2341 finem,
2259 2266 2600 2330 ordinantis
2646 2267 2711 2330 in
2758 2268 3026 2332 Deum..
3062 2267 3180 2334 Sed

718 2373 1069 2439 virtualiter
1110 2372 1332 2436 referre
1372 2370 1578 2435 omnia
1608 2371 1673 2433 in
1698 2371 1902 2433 Deum
1938 2368 2105 2431 cadit
2141 2369 2256 2432 sub
2287 2369 2681 2450 praeceptum
2713 2369 3015 2442 caritatis,
3042 2390 3179 2433 cum

717 2475 825 2539 hoc
871 2474 1035 2539 nihil
1081 2474 1264 2537 aliud
1290 2474 1392 2545 sit,
1428 2492 1615 2552 quam
1651 2470 1875 2534 habere
1897 2464 2114 2532 'Deum
2143 2468 2435 2531 ultimum
2465 2469 2656 2547 finem
2688 2496 2748 2533 ».

793 2802 857 2854 (3)
886 2798 1024 2842 Illud
1052 2801 1247 2842 certum
1286 2799 1510 2849 videtur,
1550 2796 1683 2851 quod
1727 2796 1881 2839 verba
1911 2796 2138 2850 Apostoli
2172 2794 2286 2848 (nisi
2315 2794 2366 2837 id
2396 2796 2602 2837 tantum
2636 2793 2802 2838 velint
2827 2793 3020 2839 dicere:
3053 2795 3175 2838 „mil

708 2868 922 2918 faciatis,
953 2869 1120 2909 contra
1150 2867 1239 2908 Dei
1253 2864 1469 2918 olor-iam)
1487 2866 1763 2918 amr-tumim
1787 2867 2008 2917 accepta,
2031 2865 2111 2906 vel
2133 2867 2458 2917 praeceptum
2488 2862 2765 2906 enuntiant
2784 2863 2866 2905 vel
2886 2863 3174 2914 consilium.

708 2947 809 2978 non
840 2937 1014 2977 autem
1042 2935 1345 2986 utrumqu03
1379 2931 1557 2986 nequit
1586 2932 1719 2974 enim
1750 2931 1940 2984 duplex
1960 2944 2134 2973 660606
2154 2932 2385 2973 diversus
2407 2930 2568 2973 eidem
2596 2928 2795 2972 subesse
2825 2930 3172 2983 propositioni.

713 3000 965 3044 Videntur
993 2999 1198 3053 quidem
1227 2998 1459 3052 Theologi
1489 3001 1685 3041 veteres
1714 3009 1888 3051 reapse
1917 3010 2017 3039 000
2044 2997 2271 3050 definire,
2303 3001 2477 3040 utrum
2505 2996 2775 3040 eonsilium
2815 2997 2901 3050 sit,
2930 3009 2996 3040 30
3037 3009 3180 3052 ρηο-

710 3075 930 3121 ceptum,
958 3065 1044 3108 sed
1073 3064 1239 3108 dicere
1268 3065 1460 3118 potius:
1491 3064 1532 3106 si
1562 3064 1654 3107 hoc
1674 3067 1822 3117 paeto
1842 3063 2025 3118 accipis
2054 3064 2206 3107 verba
2234 3063 2476 3118 Apostoli,
2505 3063 2658 3106 1131166
2687 3062 2974 3115 consilium,
3005 3063 3176 3115 61,οω

709 3132 826 3186 3110,
856 3132 1010 3175 habes
1037 3135 1375 3185 praeceptum.
1407 3131 1661 3173 Nimirum
1682 3133 1821 3174 certa
1840 3130 2072 3172 doctrina
2100 3131 2340 3182 traditur,
2361 3142 2491 3183 quae
2507 3132 2671 3182 posset
2699 3129 2902 3184 quidem
2923 3129 2986 3172 iis
3007 3130 3175 3173 verbis

710 3199 956 3253 Apostoli,
984 3199 1165 3242 saltem
1193 3211 1282 3252 per
1312 3210 1363 3241 se
1391 3197 1608 3252 sumptis
1634 3198 1840 3242 seorsim
1868 3208 1900 3240 3
1929 3200 2186 3249 contextu,
2216 3195 2508 3250 significari,
2546 3207 2676 3249 quse
2706 3200 2879 3239 tamen
2905 3201 2960 3241 et
2985 3198 3177 3250 pnoei-

709 3268 845 3311 sione
876 3265 1009 3309 facts
1038 3266 1101 3308 ab
1128 3266 1233 3308 illis
1262 3266 1444 3318 verbis,
1474 3268 1613 3308 certa
1642 3267 1719 3308 est
1750 3267 1802 3308 et
1831 3264 2166 3308 demonstrari
2207 3266 2388 3317 potest.
2431 3263 2718 3306 Identidem
2759 3268 2928 3306 tamen
2959 3263 3176 3308 Thomas

709 3335 929 3377 affirmat
958 3333 1257 3386 simpliciter
1285 3337 1609 3386 praeceptum
1653 3332 1713 3374 iis
1752 3331 1920 3374 verbis
1949 3330 2196 3373 contineri
2226 3343 2281 3373 eo
2309 3331 2442 3384 quod
2472 3331 2723 3384 quaedam
2751 3331 2936 3373 relatio
2965 3343 3176 3385 operum

710 3400 763 3442 in
794 3400 885 3442 Dei
909 3399 1125 3452 gloriam
1154 3399 1222 3440 sit
1249 3402 1385 3441 certe
1412 3401 1698 3452 praecepta.
2080 3449 2085 3453 ,

788 3464 995 3507 Certum
1023 3467 1099 3506 est
1126 3464 1277 3517 enim,
1307 3477 1504 3507 0606666
1533 3477 1636 3508 6666
1666 3468 1725 3508 ut
1753 3465 1901 3508 homo
1929 3464 2125 3507 ordinet
2152 3477 2204 3507 se
2232 3477 2423 3518 suaque
2450 3463 2621 3508 010013
2648 3463 2703 3506 in
2733 3464 2894 3507 Deum
2925 3467 3178 3519 tanquam

710 3531 762 3572 in
792 3543 941 3573 suum
972 3530 1214 3572 ultimum
1244 3529 1419 3573 finem:
1451 3531 1824 3574 ordinationem
1861 3543 2069 3575 suarum
2111 3531 2368 3574 actionum
2397 3532 2452 3573 in
2481 3530 2641 3574 Deum
2671 3531 2844 3583 aliquo
2882 3542 3004 3574 vero
3030 3530 3177 3574 modo

709 3597 915 3649 1301310,
943 3597 1277 3640 necessariam
1305 3609 1409 3640 esse
1439 3604 1497 3641 ut
1526 3611 1612 3641 636
1631 3599 1921 3641 meritoriae
1941 3600 2045 3641 sint
2065 3598 2203 3641 vitae
2230 3601 2492 3641 3616το361
2524 3597 2586 3641 ad
2616 3597 2901 3649 caritatem,
2932 3609 3036 3652 qua
3056 3597 3175 3650 Deo,

709 3661 891 3704 ultimo
920 3667 1092 3705 nostro
1121 3661 1227 3715 fini,
1258 3663 1607 3718 adhaeremus,
1638 3678 1726 3718 per
1755 3678 1806 3707 se
1839 3668 2065 3717 spectare
2093 3664 2381 3707 huiusmodi
2410 3664 2804 3708 ordinationem.

788 3728 898 3770 1310
916 3740 1035 3771 vero
1056 3727 1178 3771 11360
1196 3732 1272 3772 661
1300 3730 1549 3783 doctrina,
1569 3743 1724 3784 quam
1744 3743 1782 3772 6.
1804 3728 2018 3772 Thomas
2037 3731 2243 3784 eiusque
2263 3730 2435 3773 6011013
2464 3731 2625 3784 docet,
2646 3731 2906 3774 affirmans
2925 3731 3051 3774 satis
3070 3743 3175 3776 6666

706 3794 839 3848 quod
866 3794 991 3838 11360
1020 3796 1201 3838 relatio
1229 3795 1320 3838 fiat
1346 3802 1466 3839 actu
1498 3809 1612 3839 cum
1641 3796 1920 3840 eliciendus
1949 3803 2024 3840 est
2052 3801 2201 3840 301116
2227 3798 2459 3841 caritatis
2500 3801 2652 3852 atque
2689 3797 2949 3843 affirmans
2977 3799 3032 3842 id
3062 3812 3173 3842 000-

706 3862 861 3906 tineri
893 3861 1059 3905 verbis
1087 3862 1233 3906 Pauli
1262 3863 1567 3906 affirmative
1595 3863 1832 3916 sumptis,
1862 3864 1902 3905 si
1933 3865 2108 3906 eadem
2151 3865 2550 3917 interpretemur
2579 3868 2639 3907 ut
2667 3865 3006 3920 praeceptiva..
3039 3866 3175 3908 Η360

703 3927 934 3971 doctrina
954 3928 1009 3970 in
1034 3940 1085 3971 se
1114 3929 1222 3983 ipsa
1244 3928 1515 3982 probabilis
1544 3931 1635 3980 est,
1658 3935 1717 3971 ut
1748 3928 1941 3982 patebit
1970 3941 2031 3972 ex
2060 3943 2160 3983 seq.
2192 3931 2499 3983 expositione
2517 3930 2740 3974 eiusdem
2770 3930 2906 3975 faeta
2934 3945 2966 3975 3
2986 3932 3050 3974 01.
3075 3934 3176 3974 Au-

703 3997 839 4037 ctore
869 3994 1074 4048 eiusque
1103 3995 1287 4038 notitia
1318 3994 1461 4038 utilis
1491 4007 1595 4038 6666
1624 3998 1806 4050 potest,
1837 4001 1896 4038 ut
1923 3999 2121 4038 rectum
2149 3995 2395 4039 iudicium
2423 3995 2549 4039 ferri
2581 3999 2736 4050 possit
2763 3997 2824 4040 de
2850 3998 3053 4040 actibus
3074 4010 3174 4041 me-

702 4059 895 4102 ritoriis
922 4060 1189 4103 iustorum.
1219 4061 1454 4104 Nondum
1486 4067 1652 4104 1311160
1681 4061 1935 4103 dubitatio
1965 4064 2038 4102 est
2067 4061 2283 4114 sublata,
2315 4074 2378 4103 30
2411 4061 2533 4103 talis
2562 4063 2794 4105 doctrina
2823 4075 2881 4106 63
2911 4064 2978 4106 sit
3017 4076 3174 4118 quam

703 4126 974 4178 Apostolus
1002 4126 1035 4169 1.
1068 4140 1109 4170 0.
1140 4139 1259 4179 prae
1287 4127 1445 4170 oculis
1465 4127 1662 4170 habuit.
1694 4128 1974 4180 Praeterea,
1994 4139 2063 4169 30
2083 4128 2236 4170 verba
2258 4127 2485 4180 Apostoli
2516 4141 2546 4170 3
2565 4128 2713 4171 iustis
2743 4133 2950 4172 tantum
2969 4130 3175 4184 impleri

703 4194 948 4244 possunt?
977 4193 1098 4248 quid
1126 4193 1358 4247 prohibet
1387 4201 1438 4236 et
1472 4198 1755 4247 peccatores
1786 4195 2115 4248 poenitentes,
2145 4195 2236 4249 qui
2264 4207 2314 4237 se
2344 4195 2407 4237 ad
2435 4195 2898 4240 reconciliationem
2927 4209 3048 4240 oum
3069 4197 3170 4240 Deo

702 4257 993 4311 disponunt,
1024 4272 1175 4313 opera
1203 4272 1294 4301 sus
1323 4260 1375 4300 in
1399 4259 1560 4302 Deum
1581 4259 1802 4302 referre?
1822 4272 1987 4302 nonne
2007 4259 2070 4302 ad
2089 4259 2180 4302 Dei
2198 4260 2412 4314 gloriam
2433 4260 2730 4304 reseruntur
2750 4262 2785 4303 ii
2806 4275 2978 4305 omnes
3006 4267 3171 4316 30106,

705 4324 895 4378 quibus
922 4325 958 4367 ii
986 4338 1037 4369 se
1066 4326 1342 4378 disponunt
1372 4326 1433 4366 ad
1464 4325 1914 4368 iustificationem?
1945 4329 2026 4369 An
2061 4326 2334 4370 referentes
2363 4339 2513 4381 opera
2542 4340 2635 4370 6113
2658 4328 2712 4370 10
2740 4329 2922 4382 Deum,
2950 4330 3174 4374 eliciunt

703 4395 876 4435 actum
907 4405 1054 4435 verae
1083 4392 1331 4443 caritatis,
1362 4395 1422 4433 ut
1441 4391 1628 4434 idcirco
1644 4393 1824 4435 statim
1854 4393 2197 4436 iustifioentur
2212 4394 2233 4435 Ρ
2253 4394 2395 4438 Certe
2423 4394 2647 4438 difficilis
2665 4399 2741 4439 est
2762 4395 3017 4450 doctrina,
3037 4397 3172 4451 quod

705 4458 888 4502 relatio
915 4470 1123 4512 operum
1154 4457 1205 4499 in
1236 4458 1395 4500 Deum
1425 4457 1493 4499 sit
1521 4457 1746 4501 exclusive
1771 4450 1917 4501 301116
1946 4459 2154 4501 virtutis
2181 4460 2411 4503 caritatis
2449 4460 2651 4515 proprie
2689 4461 2870 4504 diotae.
2907 4462 3168 4513 Quaedam

704 4527 897 4568 contra
921 4523 1205 4567 doctrinam
1237 4523 1473 4566 Auctoris
1504 4525 1638 4569 intra
1666 4537 2017 4579 proponemus.
2047 4526 2105 4569 E.
