3529 5158
285 289 417 366 [376]
521 305 604 345 AN
647 305 732 346 AD
771 305 1091 346 mumma
1125 305 1487 348 mamma
1511 307 1913 355 Rmumxrua
1950 309 2183 357 ALIQUA
2220 309 2507 351 mmm-mo
2621 295 2725 350 371

1342 514 1504 579 ΗΠΒ.
1545 514 1653 578 IV.

571 655 684 753 Aa}
715 654 804 719 ad
829 655 1248 738 impletionem
1266 661 1741 738 maeceptorum
1777 660 2140 742 requiratur
2169 661 2431 724 intentio

673 778 782 822 seu
829 758 1119 824 voluntas
1152 758 1430 839 faciendi
1474 760 1562 835 id,
1595 760 1762 843 quod
1776 765 2177 842 praeceptum
2208 766 2316 826 est.

387 911 484 962 LV.
512 911 660 977 Resp.
688 911 832 977 Quod
869 909 957 964 sic.
984 909 1128 964 Ratio
1165 919 1255 976 ost,
1280 908 1409 976 quia,
1435 926 1545 964 cum
1577 916 1654 965 lex
1695 913 1840 965 detur
1866 911 2159 975 hominibus,
2195 927 2290 965 non
2331 912 2489 967 brutis
2520 912 2730 978 ideoque

289 997 485 1047 humano
527 996 674 1047 modo
715 994 778 1047 sit
827 993 1070 1062 implenda
1090 1010 1105 1061 ;
1144 994 1255 1049 hinc
1310 994 1527 1061 impletio
1565 996 1722 1050 omnis
1759 996 2010 1063 praecepti
2047 995 2154 1049 sive
2201 996 2398 1050 humani
2434 996 2540 1049 sive
2577 995 2731 1050 <livini

290 1081 424 1132 (lebet
459 1093 570 1133 esse
607 1086 745 1133 actus
785 1083 1027 1133 humanus
1064 1078 1355 1133 coniunctus
1390 1094 1499 1133 cum
1539 1081 1763 1134 libertate
1802 1087 1850 1134 et
1888 1082 2144 1134 voluntate
2180 1080 2443 1147 operatam,
2472 1081 2520 1133 id
2559 1087 2651 1147 est,
2677 1087 2732 1134 ut

288 1165 393 1218 velit
419 1164 525 1218 sive
551 1163 770 1218 intendat
797 1168 956 1218 lacere
996 1167 1104 1227 boc,
1132 1165 1262 1230 quod
1301 1171 1377 1218 est
1409 1173 1734 1233 praeceptum,
1767 1179 1815 1219 v.
1843 1180 1914 1229 gr.
1943 1164 2110 1218 audire
2141 1179 2350 1227 sacrum,
2376 1164 2596 1219 ieiunare
2633 1172 2726 1218 etc.

285 1253 364 1302 Est
397 1249 709 1303 communiss.
737 1247 852 1303 Vid.
880 1250 1031 1315 Vasq.
1059 1251 1106 1301 l.
1135 1251 1183 1300 2.
1211 1264 1239 1313 q
1287 1247 1408 1301 too.
1435 1264 1479 1302 a.
1513 1251 1560 1302 9.
1589 1251 1789 1311 Suarez,
1815 1251 1992 1302 Sancti.
2023 1248 2168 1303 Mor.
2194 1250 2226 1303 l.
2251 1252 2295 1300 l.
2322 1264 2365 1302 c.
2397 1250 2477 1301 13.

366 1371 539 1445 375.
585 1375 749 1439 Bene
795 1376 977 1440 notat
1024 1373 1250 1440 Suarez
1300 1375 1374 1439 de
1422 1376 1572 1459 Ley.
1622 1377 1729 1441 lib.
1774 1378 1832 1440 2.
1883 1396 2015 1459 cap.
2056 1378 2157 1441 10.
2196 1398 2256 1442 n.
2310 1378 2367 1440 1.
2418 1378 2480 1442 et
2524 1377 2631 1441 lib.
2667 1380 2727 1443 3.

285 1497 406 1561 cap.
439 1479 544 1541 29.
587 1498 646 1541 n.
685 1479 741 1541 1.
777 1480 840 1542 et
871 1480 1014 1560 post
1059 1476 1283 1543 Suarez
1318 1477 1674 1543 Salmantio.
1710 1478 1787 1542 de
1812 1479 1962 1560 Le9.
1996 1498 2129 1561 cap.
2158 1481 2217 1543 2.
2243 1499 2303 1542 n.
2349 1481 2494 1543 139.
2521 1480 2732 1544 huius-

286 1580 441 1644 modi
477 1580 912 1661 quaestionem
959 1581 1118 1645 sicut
1168 1582 1232 1646 et
1267 1581 1598 1646 nonnullas
1636 1582 2084 1665 praecedenteS‚
2118 1582 2362 1665 proprie
2392 1583 2595 1646 solum
2626 1584 2733 1647 ha·

293 1682 419 1747 bere
462 1683 676 1748 locum
723 1684 785 1746 in
833 1685 1173 1768 praeceptis
1221 1684 1648 1755 affirmativis:
1706 1685 1852 1766 quia
1900 1685 2191 1768 negativa
2238 1688 2562 1769 praecepta
2608 1705 2731 1750 non

289 1785 503 1850 dantur
541 1785 619 1850 de
665 1785 927 1864 actibuS,
969 1786 1074 1850 sed
1121 1786 1193 1851 de
1240 1787 1568 1871 negatione
1601 1788 1777 1852 actus
1823 1787 1886 1851 et
1917 1786 2052 1851 ideo
2084 1788 2158 1851 ut
2187 1787 2582 1871 impleantur,
2609 1807 2731 1854 non

282 1888 598 1970 requirunt
629 1890 838 1952 actum
855 1888 960 1953 sed
994 1889 1406 1954 omissionem.
1435 1891 1505 1953 In
1526 1891 1854 1956 omissione
1879 1892 2090 1955 autem
2112 1908 2235 1954 non
2266 1890 2360 1955 est
2390 1894 2731 1956 necessaria

284 1991 538 2071 positiva
574 1990 868 2055 voluntas
902 1991 1248 2056 abstinendi
1280 1993 1356 2057 ab
1396 1994 1559 2057 actu.

364 2092 458 2156 Ita
506 2093 809 2178 aegrotus
841 2094 940 2157 vel
974 2093 1211 2158 otiosus
1251 2094 1558 2159 satisfacit
1588 2096 1911 2178 praecepto
1947 2094 2291 2159 abstinendi
2325 2095 2402 2159 ab
2450 2096 2734 2179 operibus

291 2196 609 2260 servilibus
641 2195 739 2260 die
769 2195 949 2273 festo,
982 2196 1130 2261 licet
1161 2217 1232 2262 ea
1264 2197 1338 2261 de
1367 2218 1433 2262 re
1458 2197 1612 2261 nihil
1637 2197 1890 2283 cogitet.
1927 2199 2060 2262 Imo
2095 2198 2339 2262 etiamsi
2372 2199 2510 2281 quis
2527 2201 2736 2265 coacte

291 2298 551 2375 omittat,
589 2298 812 2381 implet
844 2301 1258 2382 praeceptum,
1293 2302 1368 2364 ut
1397 2319 1520 2365 non
1553 2300 1822 2383 amplius
1855 2302 2172 2377 teneatur;
2207 2321 2266 2363 v.
2294 2321 2386 2385 gr.
2422 2302 2473 2365 si
2505 2301 2737 2367 ieiunet

283 2400 372 2464 vel
402 2403 649 2466 nescius
687 2401 902 2467 ieiunii
939 2402 1037 2466 vel
1069 2404 1278 2468 coacte
1316 2404 1415 2467 vel
1451 2403 1597 2484 quia
1628 2402 1924 2467 dormivit
1956 2403 2091 2467 tota
2123 2403 2238 2467 die.

1022 2576 1200 2643 Unde
1229 2576 1628 2642 resolvzmtur
1664 2576 1732 2642 lm·
1771 2577 1990 2644 Casus.

379 2736 499 2787 Lvt.
545 2737 595 2786 l.
641 2732 735 2798 Qui
773 2731 959 2787 audivit
997 2747 1188 2787 sacrum
1227 2734 1304 2788 die
1347 2737 1468 2789 testo
1521 2734 1701 2798 ebt-lue,
1742 2735 1989 2790 dormiens
2023 2741 2107 2790 aut
2153 2735 2312 2804 impos
2358 2736 2434 2790 sui
2470 2740 2735 2803 quomodo-

279 2831 475 2884 cumque
514 2827 605 2874 aut
648 2818 856 2882 nesciae,
897 2817 1012 2884 quid
1052 2822 1402 2884 aggrederetur
1452 2826 1534 2874 aut
1571 2822 1718 2874 vellet
1761 2825 1936 2887 lacere,
1977 2827 2168 2876 tenetur
2205 2829 2372 2889 postea
2410 2837 2613 2889 compos
2653 2822 2729 2876 sui

285 2905 430 2957 tactus
466 2905 647 2959 audire
687 2902 816 2957 aliud
857 2917 1062 2957 samum.
1089 2907 1287 2968 suarez,
1325 2908 1502 2959 Sancti.
1530 2906 1559 2958 l.
1587 2920 1629 2958 c.
1656 2906 1799 2958 Salas
1835 2907 1882 2958 d.
1911 2908 1962 2959 9.
1987 2920 2033 2959 ιι.
2062 2909 2146 2959 32.

367 3025 552 3093 Vides
596 3029 928 3110 praecepta.
967 3045 1095 3090 esse
1128 3027 1524 3091 affirmativa.

381 3148 521 3202 LVll.
549 3151 601 3202 2.
635 3150 697 3212 15,
724 3146 809 3214 qui
848 3146 1036 3201 audivit
1074 3161 1282 3209 sacrum,
1312 3145 1545 3200 ieiunavit
1585 3154 1675 3199 etc.
1705 3161 1909 3212 prorsus
1946 3146 2187 3199 violenter
2223 3151 2440 3210 coactus,
2463 3160 2560 3198 non
2599 3145 2738 3200 satis-

284 3230 422 3299 fecit;
448 3247 543 3287 non
582 3231 714 3287 enim
753 3231 843 3286 tuit
883 3241 1018 3286 actus
1058 3236 1296 3285 humanus
1339 3233 1531 3283 delectu
1569 3229 1852 3283 voluntarii.
1892 3231 2042 3295 Vasq.
2070 3233 2207 3282 Suar.
2236 3232 2380 3282 Azor.
2407 3228 2514 3283 Fill.
2544 3243 2589 3281 n.
2614 3231 2737 3281 232.

388 3316 515 3379 Dixi,
535 3331 779 3387 promus
799 3316 1102 3380 violentem·
1127 3316 1258 3382 quia,
1281 3315 1324 3369 si
1363 3318 1588 3377 ramulus,
1621 3329 1668 3366 v.
1707 3328 1782 3378 gr.
1807 3321 1940 3367 metu
1979 3312 2179 3376 domini,
2204 3320 2288 3367 aut
2327 3328 2449 3381 puer
2478 3320 2608 3367 metu
2634 3327 2735 3366 ma-

282 3398 421 3462 gistri
449 3416 637 3458 sacrum
663 3402 835 3456 audiat
855 3402 985 3471 (esto
1008 3417 1102 3456 non
1123 3401 1186 3456 sit
1207 3399 1475 3464 auditurae,
1496 3399 1541 3454 si
1561 3397 1789 3464 magister
1807 3401 2020 3464 abesset)
2041 3397 2100 3463 is,
2121 3397 2213 3452 etsi
2233 3413 2467 3466 perversa
2489 3401 2738 3454 voluntate

283 3484 360 3538 illa
388 3497 572 3554 peccet,
600 3495 866 3556 praecepto
894 3495 1053 3542 tamen
1078 3485 1330 3541 satisfacit.
1349 3485 1492 3539 Ratio
1518 3492 1608 3549 est,
1638 3484 1750 3551 quia
1777 3492 1936 3539 metus
1961 3498 2057 3539 non
2088 3485 2215 3540 tollit
2241 3484 2533 3540 libertatem.
2558 3487 2735 3540 Sanch.

276 3567 310 3621 l.
336 3586 377 3624 c.
402 3573 499 3626 Sal.
529 3576 561 3627 l.
589 3588 633 3627 c.
662 3575 836 3643 Laym.
865 3576 895 3626 Ι.
930 3576 977 3625 2.
1009 3582 1040 3626 t.
1078 3572 1123 3625 4.
1149 3587 1192 3625 c.
1233 3575 1273 3624 Ι.
1303 3586 1348 3624 n.
1387 3573 1465 3624 12.

365 3674 545 3749 376.
575 3679 718 3743 Hoc
755 3678 1033 3763 intellige
1079 3678 1313 3761 pariter
1344 3676 1418 3742 de
1451 3675 1857 3753 affirmativ03
1891 3675 1965 3741 de
2010 3676 2302 3761 negativo
2337 3674 2637 3759 intellige,
2686 3674 2738 3739 si

283 3798 398 3845 non
421 3781 610 3847 modo
648 3785 825 3847 actus
855 3799 976 3846 non
1012 3780 1133 3844 fuit
1157 3779 1567 3856 voluntarius,
1609 3779 1713 3842 sed
1736 3779 1860 3842 fuit
1896 3781 2111 3842 contra
2136 3777 2544 3842 voluntatem.
2570 3776 2739 3841 Haeo

286 3884 442 3947 enim
473 3885 776 3949 voluntas
816 3884 948 3966 ipsa
979 3884 1304 3966 peccatum
1342 3882 1437 3945 est
1475 3883 1537 3944 et
1568 3881 1979 3965 transgressio
2024 3879 2199 3962 legis,

377 4019 550 4072 LVlll.
580 4020 633 4071 3.
668 4016 897 4072 Recitans
936 4009 1096 4071 Horas
1132 4020 1240 4070 sola
1279 4014 1546 4070 intentione
1587 4015 1777 4079 legendi
1817 4016 1893 4068 vel
1930 4011 2226 4074 addiscendi,
2254 4026 2349 4064 non
2387 4008 2637 4073 satislacit‚
2669 4009 2738 4063 uti

279 4115 362 4155 nee
387 4102 488 4167 ille,
511 4103 602 4169 qui
629 4101 768 4160 vadit
792 4105 854 4160 ad
880 4117 1074 4162 sacrum
1095 4109 1300 4168 tuntum,
1320 4107 1372 4157 ut
1397 4103 1569 4158 oeulos
1592 4108 1774 4168 pascat,
1795 4113 1906 4153 cum
1931 4097 2027 4152 alio
2050 4099 2357 4162 colloquatur
2386 4098 2462 4149 vel
2491 4101 2741 4161 exspectet

278 4185 496 4242 amicum.
524 4189 683 4244 Cat-d.
710 4189 773 4242 de
809 4190 944 4253 Lugo
982 4190 1015 4240 l.
1044 4204 1085 4242 c.
1113 4203 1160 4242 n.
1188 4189 1271 4241 23.

357 4313 537 4380 Nihil
579 4313 953 4379 addendum.
995 4313 1211 4379 Solum
1259 4314 1528 4390 adverte,
1579 4312 1695 4376 hoo
1740 4309 1923 4394 pacto
1971 4308 2166 4372 solere
2210 4307 2513 4390 quosdam
2551 4327 2608 4372 v.
2642 4327 2735 4391 gr.

273 4419 552 4500 experiri,
582 4419 927 4500 anoequam
949 4418 1214 4501 primam
1245 4417 1505 4481 Missam
1535 4415 1745 4480 dicant
1778 4414 1891 4477 aut
1920 4410 2272 4495 pontificale
2295 4410 2602 4475 celebrent
2624 4412 2739 4473 etc.

279 4523 388 4585 aut
424 4521 896 4586 concionentur.
