3529 5158
666 318 773 373 588
1052 328 1266 372 maor.
1306 330 1385 369 ιν.
1424 329 1512 369 mr
1550 326 1859 370 Pnocams.
1898 326 2095 369 cunr
2133 329 2171 367 1.
2210 325 2354 368 nnn.
2394 325 2484 366 111.
2524 324 2660 364 Am.
2699 325 2764 366 11.
2983 309 3128 386 [669]

675 428 1013 511 perfecerit,
1039 445 1160 491 non
1186 424 1436 502 sufficit,
1463 425 1791 489 sitantum
1822 423 2109 507 copulam
2132 421 2529 497 confiteatur;
2556 422 2707 486 tunc
2728 422 2893 487 enim
2916 442 3127 489 omnes

675 531 850 593 actus
889 529 1189 609 tanquam
1235 527 1529 591 distincta
1575 528 1826 609 peccata
1871 525 2093 589 debent
2137 524 2460 607 explicari3
2509 524 2656 605 quia
2704 542 2846 588 cum
2891 526 2957 589 in
2999 526 3128 591 illis

674 631 941 703 sistitur,
975 631 1178 711 quivis
1226 630 1402 694 actus
1434 630 1622 693 habet
1660 629 1722 693 in
1772 647 1835 692 se
1881 616 2190 692 malitiam
2237 646 2416 691 suam
2453 630 3015 692 consummatam...
3049 628 3130 693 Et

670 734 832 798 idem
865 733 1189 798 dicendum
1220 731 1294 796 de
1325 751 1417 809 eo,
1457 733 1567 814 qui
1604 732 1883 796 animum
1928 730 2150 794 habuit
2184 730 2434 795 tantum
2474 730 2718 794 hostem
2767 731 3130 795 vulnerandi

667 837 734 901 et
776 835 992 901 deinde
1050 836 1145 900 ira
1200 854 1488 900 accensus
1544 834 1786 909 occidit,
1841 833 1897 896 is
1949 832 2072 898 duo
2127 834 2377 915 peccata
2431 833 2772 897 committit
2802 858 2864 896 ».
2913 832 3127 916 Neque

667 939 876 1003 tamen
924 939 1284 1003 accusantes
1338 936 1646 1019 copulam,
1694 936 1761 999 in
1807 936 1981 1018 praxi
2034 936 2217 999 erunt
2259 934 2703 1019 interrogandi,
2751 955 2900 999 num
2948 938 3127 1000 actus

669 1040 952 1123 praevios
999 1040 1329 1104 habuerint
1385 1038 1515 1103 sine
1569 1037 1913 1101 intentione
1959 1036 2103 1113 etc.;
2161 1038 2386 1120 quippe
2431 1039 2843 1102 communiter
2885 1038 2946 1102 id
2991 1038 3129 1103 fieri

668 1162 788 1208 non
836 1143 1015 1217 solet,
1064 1162 1174 1206 nec
1219 1141 1349 1206 sine
1393 1160 1583 1205 causa
1629 1140 2037 1204 confessarius
2083 1140 2288 1203 minus
2334 1141 2687 1205 communia
2734 1140 2915 1205 debet
2943 1141 3130 1205 inter·

672 1264 910 1329 rogare.
961 1243 1027 1308 Si
1073 1244 1390 1327 poenitens
1438 1244 1609 1326 prius
1655 1244 1769 1307 hos
1815 1243 1993 1306 actus
2039 1242 2137 1305 vel
2182 1260 2490 1306 semones
2542 1242 2944 1307 confiteretur
2987 1246 3125 1319 etc.,

671 1348 818 1409 tunc
866 1346 1104 1410 occasio
1153 1348 1313 1410 esset
1358 1344 1640 1421 scitandi,
1681 1363 1758 1408 an
1792 1344 2070 1408 animum
2115 1343 2404 1407 habuerit
2447 1345 2764 1426 praeterea
2812 1344 2929 1407 etc.

763 1448 1004 1512 Tertio:
1056 1467 1104 1512 s.
1139 1447 1497 1530 Alphonsus
1543 1467 1603 1510 n.
1637 1448 1744 1510 42.
1796 1447 1974 1511 affert
2004 1446 2160 1510 hanc
2193 1446 2536 1510 doctrinam
2567 1446 2728 1511 Viva
2760 1445 2837 1509 de
2873 1444 3126 1510 Poeni-t.

670 1550 777 1613 lib.
815 1552 874 1615 5.
912 1552 1029 1614 art.
1067 1550 1126 1613 6.
1162 1570 1223 1614 n.
1274 1550 1365 1613 6.:
1406 1574 1441 1607 «
1480 1548 1685 1613 Media
1732 1547 1811 1613 ad
1841 1548 2026 1612 finem
2055 1549 2365 1612 intentum
2392 1548 2489 1613 vel
2519 1550 2667 1613 sunt
2696 1550 3123 1628 indifferentia,

674 1654 747 1717 ut
778 1671 994 1735 parare
1028 1671 1202 1716 arma
1249 1652 1327 1717 ad
1373 1650 1771 1717 occidendum
1801 1650 2132 1726 hominem,
2174 1650 2272 1714 vel
2317 1653 2465 1714 sunt
2492 1652 2661 1714 mala
2692 1652 2969 1715 eiusdem
2997 1670 3127 1734 spe-

666 1755 780 1819 ciei
817 1774 960 1819 cum
989 1754 1129 1831 fine,
1163 1755 1238 1818 ut
1268 1757 1476 1819 tactus
1508 1753 1701 1817 relate
1749 1752 1826 1816 ad
1873 1753 2224 1836 copulam...
2260 1751 2323 1816 Si
2371 1753 2510 1817 finis
2540 1772 2662 1818 non
2694 1754 2781 1817 sit
2812 1754 3124 1831 obtentus,

679 1858 926 1939 oportet
957 1858 1258 1939 explicare
1289 1875 1361 1920 ea
1392 1855 1614 1931 media,
1649 1856 1778 1919 sive
1808 1854 2218 1919 indifferentia
2248 1855 2377 1919 sive
2414 1856 2600 1933 mala,
2634 1857 2842 1938 posita
2887 1875 3024 1921 esse
3054 1856 3128 1919 ad

669 1959 853 2022 finem
902 1959 1395 2040 peccaminosum
1443 1957 1882 2033 obtinendum;
1932 1957 2079 2037 quia
2123 1957 2269 2021 illae
2302 1958 2574 2023 actiones
2620 1960 2906 2023 externae
2937 1958 3127 2023 infor-

670 2061 925 2124 mantur
958 2079 993 2124 a
1025 2060 1270 2124 malitia
1300 2060 1440 2123 finis
1479 2084 1539 2122 ».
1574 2059 1777 2138 Quam
1814 2059 2159 2123 doctrinam
2197 2078 2245 2122 s.
2279 2060 2464 2142 Alph.
2497 2060 2723 2124 ibidem
2756 2062 3000 2144 probat.

754 2162 843 2227 At
879 2163 1042 2227 enim
1080 2162 1144 2226 id
1175 2162 1247 2226 de
1278 2162 1495 2227 mediis
1526 2162 1590 2226 in
1623 2161 2001 2226 confessione
2031 2161 2518 2237 manifestandis,
2552 2181 2711 2244 qnae
2741 2164 2908 2227 mala
2953 2167 3119 2239 sunt,

674 2266 1068 2331 verissimum
1100 2260 1230 2331 esse
1262 2265 1519 2350 negabit
1561 2283 1777 2330 nemo:
1812 2263 2099 2346 quocirca
2145 2264 2425 2328 confiteri
2461 2264 2709 2329 deberet
2744 2268 2879 2329 tum
2905 2283 3126 2347 propo—

674 2370 869 2434 situm
894 2369 1156 2434 actionis
1181 2368 1556 2451 principalis,
1583 2369 1718 2431 tum
1738 2368 1918 2431 actus
1937 2385 2041 2449 per
2057 2385 2121 2431 se
2145 2367 2364 2443 malos,
2399 2386 2555 2448 quos
2569 2369 2874 2432 exercuit:
2898 2367 3124 2450 quippe

671 2472 781 2553 qui
812 2473 1001 2554 prout
1032 2474 1209 2535 actus
1241 2471 1570 2535 exteriores
1602 2470 1770 2545 sunt,
1802 2468 2113 2532 malitiam
2143 2468 2376 2533 habent
2404 2469 2523 2533 sibi
2552 2469 2826 2533 insitam.

760 2574 846 2638 At
878 2573 1043 2655 quod
1076 2572 1251 2637 addit
1283 2571 1354 2636 de
1388 2571 1606 2636 mediis
1652 2571 2141 2636 indifferentibus
2187 2571 2569 2650 confitendis,
2615 2571 2678 2636 id
2724 2572 2885 2638 nulli
2930 2573 3129 2640 solido

676 2676 1078 2740 fundamento
1111 2675 1420 2740 innititur.
1471 2674 1783 2756 Quidquid
1829 2675 1993 2739 enim
2022 2675 2176 2738 mali
2207 2675 2389 2739 estin
2418 2675 2497 2740 iis
2530 2676 2791 2751 actibuS,
2831 2678 2994 2742 satis
3039 2698 3132 2743 ex·

678 2797 958 2860 pressum
991 2779 1178 2842 estin
1210 2778 1344 2860 ipso
1394 2777 1730 2859 proposito,
1763 2777 1931 2857 quod
1976 2777 2294 2859 poenitens
2340 2777 2728 2843 confiteatur.
2776 2779 3015 2844 Eadem
3060 2781 3132 2845 de

670 2899 860 2946 causa
890 2880 1037 2944 licet
1067 2901 1125 2945 V.
1159 2900 1253 2964 gr.
1288 2880 1607 2962 peccatum
1639 2879 1885 2944 dicatur
1914 2880 2214 2956 studium,
2248 2881 2425 2944 cuius
2456 2882 2663 2964 gratia
2693 2883 2832 2963 quis
2864 2882 3128 2948 Missam

671 2982 912 3047 omittit
957 2983 1055 3047 vel
1100 2982 1241 3048 vult
1278 2981 1583 3057 omittere,
1616 2982 1830 3045 tenent
1874 3000 2095 3046 comm.
2145 2982 2303 3058 DD.,
2352 2982 2886 3048 circumstantiam
2935 2985 3129 3049 studii

668 3104 791 3150 non
822 3104 953 3151 esse
991 3084 1465 3168 exprimendam.
1506 3082 1647 3147 Vid.
1681 3084 1885 3148 Diana
1916 3086 2068 3149 tom.
2113 3084 2169 3147 1.
2206 3085 2284 3148 tr.
2329 3085 2388 3147 7.
2419 3085 2600 3149 resol.
2636 3086 2875 3150 59.-60.

761 3184 929 3258 889.
971 3189 1150 3254 Alter
1179 3188 1421 3266 moduS,
1461 3205 1584 3268 quo
1617 3187 1827 3269 plures
1850 3187 2098 3271 physice
2136 3188 2312 3252 actus
2349 3207 2545 3252 unum
2573 3190 2898 3271 peccatum
2926 3209 3130 3255 mora·

669 3292 812 3355 liter
845 3291 1258 3368 constituunt,
1299 3293 1448 3354 tunc
1494 3290 1778 3366 habetur,
1828 3291 1900 3353 ut
1938 3290 2028 3354 ait
2059 3309 2108 3353 s.
2147 3289 2333 3372 Alph.
2367 3311 2426 3354 ιι.
2460 3291 2590 3367 41.,
2624 3292 2873 3373 quando
2919 3294 3126 3376 plures

666 3395 844 3457 actus
878 3393 1150 3456 eiusdem
1185 3393 1411 3471 speciei
1455 3411 1527 3455 ex
1572 3390 1787 3456 eodem
1833 3391 2072 3473 impetu
2102 3391 2461 3473 procedant:
2510 3393 2666 3475 puta
2695 3412 2840 3458 cum
2869 3395 3009 3476 quis
3054 3414 3126 3458 ex

669 3494 880 3559 eodem
913 3495 1154 3576 impetu
1184 3494 1413 3576 pluries
1445 3493 1773 3575 percutiat,
1808 3492 2036 3574 pluries
2071 3493 2395 3558 inhoneste
2425 3494 2669 3578 tangat,
2694 3495 2956 3561 eundem
2975 3494 3126 3560 San-

666 3601 839 3664 ctum
887 3598 984 3662 vel
1014 3598 1244 3680 pluries
1290 3596 1419 3661 dies
1451 3603 1696 3662 sanctos
1728 3596 2132 3680 blasphemet,
2166 3598 2395 3680 pluries
2433 3599 2705 3680 aliquem
2750 3600 3125 3665 convitietur

662 3702 762 3767 vel
791 3699 988 3765 eidem
1019 3699 1308 3765 detrahat
1337 3701 1452 3764 etc.
1486 3699 1677 3764 Addit
1699 3700 2065 3764 Tamburini
2086 3698 2285 3765 Meth.
2330 3699 2607 3779 Confess.
2638 3702 2747 3765 lib.
2784 3704 2843 3766 2.
2883 3721 3019 3786 cap.
3065 3705 3120 3767 1.

669 3823 730 3869 ιι.
767 3805 870 3867 52.
920 3805 1062 3886 post
1108 3802 1285 3887 Lugo
1318 3801 1471 3884 disp.
1511 3801 1613 3864 16.
1651 3821 1711 3864 ιι.
1755 3801 1904 3865 561.
1942 3801 2218 3883 aliosque
2265 3802 2343 3866 ab
2389 3802 2600 3867 eodem
2647 3802 2828 3887 Lugo
2873 3804 3122 3882 citatos,

673 3926 869 3972 unum
902 3907 1222 3989 peccatum
1253 3903 1660 3979 committere,
1694 3903 1802 3984 qui
1839 3903 1902 3967 in
1934 3903 2147 3968 eodem
2177 3905 2416 3987 impetu
2445 3905 2677 3987 pluries
2708 3906 2965 3971 eandem
2993 3926 3123 3972 rem

665 4011 822 4076 falso
854 4011 1019 4077 iuret
1052 4015 1164 4077 aut
1200 4009 1669 4094 promissionem
1699 4008 1982 4091 pluribus
2027 4010 2393 4075 iuramentis
2425 4009 2739 4076 firmatam
2770 4013 2964 4078 violet
3007 4016 3116 4076 aut

667 4114 898 4196 pluries
929 4114 1157 4180 iterato
1189 4116 1337 4179 voto
1374 4113 1744 4194 promissam
1775 4114 1890 4176 etc.

756 4216 972 4281 Monet
1010 4217 1218 4280 tamen
1251 4217 1402 4282 bene
1448 4234 1496 4279 s.
1531 4215 1715 4298 Alph.
1764 4235 1824 4279 n.
1864 4215 2001 4279 44.:
2044 4234 2205 4290 eum,
2240 4215 2348 4297 qui
2378 4216 2627 4280 centum
2674 4235 2896 4282 aureos
2927 4216 3124 4281 furari

663 4318 949 4394 intendit,
1001 4318 1104 4382 sed
1150 4318 1421 4382 centenis
1460 4318 1696 4383 vicibus
1740 4316 2069 4382 moraliter
2103 4318 2467 4400 interruptis
2498 4336 2602 4382 eos
2631 4319 2954 4401 surripiat,
3001 4337 3124 4383 non

670 4437 868 4484 unum
891 4422 1213 4500 peccatum
1235 4420 1641 4497 committere,
1669 4420 1776 4485 sed
1799 4421 2081 4500 totidem,
2116 4423 2272 4502 quot
2301 4423 2450 4485 sunt
2480 4421 2774 4503 partialis
2795 4421 2909 4485 illa
2931 4421 3126 4487 furta.

666 4522 755 4586 At
786 4519 1229 4602 dispiciendum
1266 4524 1630 4602 superesset,
1670 4522 1917 4603 quando
1955 4523 2118 4587 vices
2153 4525 2283 4588 sint
2316 4522 2640 4586 moraliter
2669 4523 3078 4607 interruptae.
