3529 5158
411 329 559 405 [353]
722 345 873 394 Qum
915 346 1001 386 nn
1035 344 1422 388 mmmmm
1461 349 1500 387 A
1538 346 1692 390 noco
1727 349 2071 391 PnAncnP‘rr
2107 351 2186 390 m-
2222 348 2569 392 com-nAmo
2765 337 2873 394 355

504 437 684 512 352.
719 440 837 506 Sed
867 443 942 506 ut
980 442 1058 506 ad
1089 462 1220 507 rem
1250 445 1654 521 revertamur,
1694 446 1969 510 rationes
1999 446 2184 510 huius
2216 447 2554 511 sententiae
2584 448 2874 514 Auctoris

411 561 543 609 non
572 543 916 608 arriserunt
953 545 1256 609 omnibus.
1298 544 1503 610 Unam
1541 545 1809 610 indicavi
1838 568 1897 611 n.
1933 549 2113 611 351.:
2151 548 2360 625 aliam,
2411 568 2568 630 quae
2606 550 2668 613 in
2700 551 2874 615 illam

409 646 654 722 recidit,
706 646 958 712 adhibet
1006 648 1254 713 Lessius
1300 649 1407 713 lib.
1441 650 1502 712 4.
1551 668 1684 732 cap.
1726 652 1787 714 2.
1823 671 1882 715 n.
1919 653 2046 728 58„
2090 652 2256 734 quod
2283 671 2499 734 nempe
2531 672 2601 716 ea
2632 653 2730 718 die
2761 655 2877 719 iste

414 769 543 814 non
581 751 868 814 teneatur
916 751 1221 816 abstinere
1254 770 1289 815 a
1321 753 1589 816 secunda
1627 754 1988 819 refectione:
2023 772 2201 837 posse
2238 774 2384 838 ergo
2416 775 2577 820 nunc
2606 757 2874 835 ientare;

412 852 573 933 quia
596 853 878 934 quisquis
902 854 1112 935 potest
1142 854 1237 918 bis
1267 855 1600 931 comedere,
1619 874 1742 919 non
1776 859 2022 920 tenetur
2053 875 2123 921 ea
2156 857 2254 921 die
2285 860 2609 941 praecepto
2641 859 2873 924 ieiunii.

418 955 502 1020 Et
539 955 679 1021 dein
702 956 974 1020 remittit
1007 954 1085 1020 ad
1121 955 1265 1021 dub.
1307 957 1390 1035 3.,
1441 957 1548 1021 11111
1594 960 1799 1023 tamen
1850 959 2004 1022 nihil
2052 959 2222 1023 aliud
2270 960 2475 1038 habet,
2509 961 2627 1024 nisi
2673 961 2875 1045 legem

410 1057 635 1122 ieiunii
682 1076 806 1123 non
855 1058 1132 1143 obligare
1179 1059 1256 1123 ad
1294 1059 1726 1124 abstinendum
1763 1080 1802 1125 a
1847 1061 2035 1124 tertia
2066 1061 2460 1137 comestione,
2501 1063 2555 1125 si
2586 1064 2871 1144 secunda,

411 1160 546 1226 sive
577 1161 745 1226 licite
777 1161 912 1226 sive
944 1162 1183 1238 illicite,
1222 1165 1472 1245 sumpta
1503 1162 1710 1227 fuerit.
1900 1165 1905 1172 “

507 1262 625 1328 Sed
648 1283 772 1328 non
794 1264 1165 1347 respondent
1196 1264 1346 1328 haec
1378 1265 1728 1342 obiectioni,
1755 1265 1920 1347 quod
1950 1266 2013 1329 in
2039 1266 2194 1343 loce,
2221 1266 2329 1329 ubi
2361 1285 2443 1344 es,
2478 1267 2614 1351 lege
2646 1268 2872 1332 teneris

412 1386 525 1431 nec
558 1368 811 1430 excusat
851 1366 1245 1450 privilegium
1277 1366 1417 1442 loci,
1465 1367 1530 1430 in
1561 1384 1682 1448 quo
1724 1367 1995 1431 nondum
2026 1368 2303 1432 exsistis:
2336 1369 2429 1432 ita
2459 1368 2732 1450 quidam.

505 1468 791 1534 Afferunt
821 1468 1075 1550 quidam
1112 1470 1326 1533 contra
1364 1470 1480 1533 hoc
1515 1469 1989 1534 similitudinem
2019 1470 2208 1547 1111115,
2243 1472 2351 1552 qui
2382 1472 2517 1549 scit,
2554 1491 2616 1535 se
2655 1491 2726 1535 ea
2773 1473 2871 1537 die

408 1570 869 1634 laboraturum.
897 1569 1131 1634 Verum
1153 1571 1367 1654 negari
1404 1573 1612 1654 potest
1637 1572 1900 1653 paritas;
1936 1591 2080 1636 nam
2103 1573 2269 1654 quod
2299 1575 2631 1637 necessitas
2656 1577 2871 1656 postea

406 1672 744 1737 laborandi
774 1675 1019 1737 excuset
1053 1692 1219 1735 nunc
1244 1691 1279 1737 a
1310 1673 1563 1751 ieiuni0,
1588 1692 1796 1738 omnes
1821 1677 2052 1739 norunt
2073 1693 2270 1756 neque
2294 1676 2607 1740 excusatio
2632 1676 2867 1759 incipit,

408 1775 662 1857 quando
699 1775 917 1857 incipit
948 1775 1158 1839 labor:
1187 1776 1254 1839 at
1283 1774 1347 1839 in
1382 1775 1505 1839 alio
1541 1793 1688 1839 casu
1720 1776 2022 1860 obligatio
2055 1780 2204 1840 tunc
2236 1776 2439 1840 solum
2471 1781 2688 1852 cessat,
2730 1797 2871 1843 cum

408 1878 630 1962 pedem
661 1877 937 1942 extrahis
969 1896 1000 1941 e
1032 1876 1375 1952 territorio:
1412 1896 1585 1942 secus
1618 1896 1829 1959 posses
1859 1879 1987 1942 iam
2018 1878 2152 1942 heic
2183 1883 2247 1943 et
2270 1898 2430 1943 nunc
2460 1898 2673 1944 carnes
2704 1900 2874 1946 man-

407 1980 656 2044 ducare.
683 1979 770 2043 At
795 1979 1021 2043 melius
1037 1978 1309 2043 Sanchez
1343 1978 1726 2043 deMatrim.
1759 1980 1868 2043 lib.
1895 1982 1956 2043 3.
1983 1981 2137 2063 disp.
2181 1982 2278 2045 18.
2306 2001 2365 2044 11.
2388 1983 2491 2045 22.
2526 1983 2870 2066 respondet,

409 2102 536 2148 non
573 2082 756 2147 licere
787 2082 950 2146 vesci
1005 2082 1312 2160 carnibuS,
1361 2083 1510 2164 quia
1541 2083 1793 2147 dividua
1824 2086 1919 2147 est
1949 2084 2244 2158 materia:
2280 2103 2454 2149 secus
2485 2104 2628 2149 vero
2667 2085 2872 2167 quoad

411 2185 665 2250 unicam
700 2185 1175 2249 comestionem:
1207 2204 1350 2248 cum
1396 2185 1610 2267 itaque
1638 2185 1895 2249 moralis
1941 2185 2246 2249 certitudo
2281 2186 2462 2264 adsit,
2495 2189 2559 2250 te
2591 2206 2713 2251 non
2744 2189 2872 2252 fore

409 2288 772 2373 obligatum
801 2287 918 2352 hac
954 2287 1052 2352 die
1085 2288 1161 2352 ad
1196 2289 1440 2352 unicam
1472 2288 1931 2362 comestionem,
1981 2289 2128 2370 quia
2159 2308 2408 2371 vespere
2439 2290 2684 2354 solutus
2731 2291 2868 2369 eris,

404 2410 520 2455 nec
537 2409 718 2454 mane
734 2389 857 2454 eris
894 2390 1230 2474 obligatus
1257 2392 1491 2454 Demus
1508 2407 1654 2473 ergo
1672 2390 2175 2472 probabilitatem
2209 2392 2480 2454 auctoris
2511 2392 2870 2470 sententiae,

406 2512 605 2576 quam
634 2494 805 2558 tenet
835 2493 1079 2575 praeter
1115 2492 1273 2557 alios
1304 2492 1497 2557 etiam
1533 2492 1892 2557 Filliuccius
1922 2495 2106 2556 tract.
2152 2493 2255 2556 27.
2292 2496 2451 2575 part.
2486 2496 2546 2556 2.
2582 2514 2639 2557 11.
2681 2496 2825 2558 109.

517 2637 759 2690 XXXVI.
787 2638 835 2689 6.
865 2634 1126 2688 Probabile
1154 2635 1297 2688 etiam
1325 2642 1398 2688 651
1436 2642 1484 2687 61
1510 2634 1559 2687 in
1598 2634 1895 2688 conscientia
1934 2649 2178 2697 5661111161,
2206 2637 2335 2700 quod
2374 2638 2516 2689 docet
2554 2639 2729 2690 Sancti.
2759 2640 2789 2689 1.
2823 2639 2872 2690 3.

403 2722 474 2778 de
498 2720 745 2777 Macrim.
773 2722 820 2773 d.
853 2722 929 2774 18.
957 2727 1006 2773 61
1039 2722 1080 2771 1.
1109 2720 1252 2775 Mor.
1274 2734 1315 2772 6.
1353 2722 1428 2772 12.
1451 2725 1621 2773 contra
1650 2721 1829 2772 Navar.
1857 2722 1998 2772 Suar.
2022 2720 2322 2784 peregrinos,
2352 2729 2610 2786 antequam
2638 2722 2876 2774 excedant

401 2805 612 2875 proprio
637 2803 906 2870 territorio,
928 2817 1022 2857 non
1051 2802 1205 2856 teneri
1227 2801 1432 2870 implere
1462 2810 1741 2871 praecepta,
1769 2817 1896 2868 quae
1924 2802 1991 2854 ibi
2020 2806 2407 2870 deprehendunt,
2429 2819 2475 2857 v.
2497 2819 2570 2870 gr.
2598 2818 2695 2858 non
2722 2806 2875 2858 teneri

401 2905 519 2945 611111
557 2903 697 2943 mane
735 2887 904 2941 audire
942 2902 1133 2941 sacrum
1171 2887 1250 2940 1116
1288 2892 1431 2950 resto,
1458 2887 1540 2953 qui
1577 2895 1690 2940 ante
1731 2887 1989 2955 prandium
2032 2894 2267 2941 venturus
2305 2888 2368 2940 sit
2408 2889 2522 2954 alic,
2550 2889 2633 2942 ubi
2674 2904 2768 2941 non
2808 2890 2871 2943 sit

401 2980 612 3039 (estunu
649 2974 782 3040 quia,
823 2972 865 3026 si
906 2972 1161 3025 mansisset
1197 2972 1245 3026 in
1289 2976 1412 3036 1666,
1460 2972 1544 3025 ubi
1584 2980 1900 3040 pracceptum
1947 2972 2210 3035 obligabat,
2250 2978 2440 3037 poterat
2487 2973 2677 3025 differre
2728 2976 2787 3025 ad
2827 2973 2873 3026 id

400 3067 629 3125 tempus:
660 3059 854 3123 quando
881 3063 1048 3110 autem
1077 3057 1301 3123 pervenit
1326 3059 1385 3110 ad
1413 3056 1557 3109 alium
1585 3058 1763 3120 locum,
1794 3055 1970 3108 desinit
1995 3055 2217 3117 obligari.
2247 3058 2341 3107 Nec
2380 3058 2559 3115 obstat,
2585 3058 2713 3120 quod
2745 3072 2877 3120 prae-

402 3146 584 3199 videns
606 3143 1002 3211 impedimentum
1037 3150 1258 3196 teneatur
1285 3142 1601 3210 praevenire3
1631 3141 1744 3206 quia
1784 3140 1832 3193 111
1862 3149 1972 3192 111116
2002 3149 2183 3193 tantum
2216 3154 2382 3192 verum
2424 3148 2513 3199 651,
2541 3144 2751 3204 quando,
2784 3156 2877 3193 1116-

405 3235 556 3283 116616
581 3228 633 3283 vi
658 3227 923 3295 praecepti,
952 3227 1063 3293 quis
1094 3233 1171 3282 est
1195 3225 1551 3293 impediendus,
1585 3224 1662 3277 bic
1692 3231 1858 3277 autem
1886 3227 1945 3275 ab
1972 3223 2269 3286 obligatione
2295 3223 2556 3290 praecepti,
2587 3223 2876 3277 absolvitur.

405 3313 671 3370 Contraria
698 3321 857 3368 tamen
885 3311 1141 3377 sententia,
1164 3319 1390 3376 tanquam
1416 3309 1569 3374 magis
1597 3309 1692 3376 pia,
1713 3308 1908 3361 suaderi
1935 3314 2112 3375 potest,
2136 3307 2228 3361 nisi
2253 3307 2369 3373 quid
2391 3310 2568 3360 obstet.
2589 3311 2807 3361 Sancbez
2829 3310 2874 3361 1.

413 3397 619 3455 Μοναῑ.
644 3415 684 3452 6.
715 3401 795 3451 12.
830 3406 878 3451 61
905 3397 987 3450 lib.
1017 3399 1065 3450 3.
1095 3396 1159 3450 de
1185 3395 1429 3453 Matrim.
1457 3394 1581 3461 disp.
1617 3396 1693 3446 18.
1727 3409 1774 3445 11.
1804 3396 1886 3446 21.

505 3518 680 3593 353.
715 3520 775 3585 S.
816 3521 1193 3603 Alphonsus,
1230 3517 1307 3581 ad
1340 3518 1399 3581 h.
1433 3518 1475 3580 1.
1504 3517 1795 3580 Auctoris
1826 3535 1885 3578 n.
1927 3515 2071 3579 157.
2106 3516 2350 3598 excipit,
2386 3516 2505 3580 nisi
2537 3535 2661 3580 una
2684 3512 2878 3581 Missa

402 3625 502 3690 ibi
539 3624 802 3702 dicatur,
845 3621 1094 3705 quando
1127 3621 1270 3685 ades
1303 3620 1549 3702 aliaque
1577 3619 1666 3683 ibi
1695 3636 1818 3683 non
1852 3618 1934 3681 sit
1966 3620 2029 3683 et
2060 3619 2123 3683 in
2157 3637 2294 3684 eam
2326 3638 2454 3684 rem
2487 3619 2720 3704 allegat
2752 3619 2881 3684 Sal·

407 3726 849 3803 manticenseS,
903 3724 1011 3806 qui
1060 3722 1135 3787 de
1165 3723 1318 3805 Lcy.
1353 3742 1485 3805 cap.
1520 3723 1581 3786 3.
1615 3741 1674 3785 n.
1710 3720 1815 3785 66.
1865 3722 2022 3785 116116
2052 3721 2397 3786 doctrinam
2429 3723 2604 3786 velut
2648 3725 2881 3786 certam

401 3830 704 3905 tradunt:
751 3852 787 3886 «
825 3827 977 3909 quia
1034 3827 1270 3909 (aiunt)
1317 3826 1491 3890 nulla
1539 3827 1634 3888 est
1677 3824 1841 3889 ratio
1888 3825 2300 3889 excusationis
2331 3848 2391 3886 ».
2442 3825 2561 3887 Ast
2613 3824 2720 3886 alii
2766 3824 2883 3887 hoc

401 3933 755 4017 negabunt.
789 3929 1036 4013 Quippe
1069 3929 1226 4005 ideo,
1254 3928 1308 3992 si
1339 3948 1500 3992 nunc
1525 3927 1786 3991 Missam
1806 3927 1982 3991 illam
2016 3927 2261 3990 unicam
2287 3944 2407 3989 non
2426 3925 2622 3999 audis,
2650 3944 2881 4007 peccas,

391 4035 557 4119 quia
588 4033 678 4098 sic
710 4035 773 4097 te
810 4031 1078 4096 coniieis
1117 4032 1180 4095 in
1215 4030 1651 4095 necessitatem
1680 4047 1804 4093 non
1844 4028 2130 4092 audiendi
2160 4026 2438 4101 Missam,
2475 4026 2623 4089 dum
2668 4026 2888 4090 nihilo-

401 4137 623 4203 minus
656 4133 960 4219 obligatio
990 4135 1221 4198 manet.
1255 4135 1341 4197 At
1377 4132 1495 4196 hoc
1532 4150 1653 4197 non
1685 4131 2013 4214 contingit,
2058 4131 2111 4193 si
2149 4129 2288 4193 dein
2319 4132 2521 4193 cessat
2552 4128 2884 4213 obligatio:

404 4241 649 4324 quippe
673 4241 824 4303 tunc
847 4238 1052 4302 cessat
1084 4236 1247 4301 ratio
1281 4236 1449 4299 illius
1472 4235 1727 4318 peccati.
1761 4234 2014 4297 Paucis:
2048 4232 2189 4297 Non
2222 4234 2433 4297 teneor
2463 4232 2723 4297 Missam
2755 4233 2887 4296 heic

410 4344 489 4408 et
515 4359 682 4406 nunc
704 4339 939 4415 audire,
962 4338 1206 4420 quando
1231 4340 1343 4401 aut
1367 4338 1492 4401 alia
1515 4337 1652 4414 erit,
1679 4339 1793 4400 aut
1817 4336 1940 4399 alia
1965 4335 2037 4400 de
2061 4354 2249 4400 causa
2272 4335 2540 4400 cessabit
2565 4335 2885 4419 obligatio.

508 4446 678 4509 Bene
711 4442 775 4507 in
818 4443 977 4506 hanc
1023 4460 1153 4506 rem
1184 4441 1504 4525 Laymann
1543 4441 1649 4504 lib.
1694 4442 1750 4503 1.
1794 4442 1871 4503 11.
1921 4442 1983 4502 4.
2018 4459 2149 4522 cap.
2191 4441 2291 4501 11.
2332 4460 2392 4502 11.
2421 4440 2480 4502 6.
2518 4439 2769 4503 adhibet
2815 4440 2892 4502 si-

415 4546 854 4615 militudinem
897 4544 1212 4621 debitoriS,
1259 4544 1361 4607 cui
1405 4561 1579 4607 mora
1614 4542 1758 4606 anni
1791 4541 2058 4623 praefixa
2096 4542 2181 4605 sit
2218 4540 2294 4604 ad
2345 4540 2670 4605 solvendos
2717 4538 2888 4603 mille
