3529 5158
368 296 511 372 [141]
1014 311 1097 351 An
1134 310 1533 352 conseminia
1569 300 1864 353 3311011111
1902 311 2167 353 onmem·
2727 302 2836 356 135

369 409 680 492 quomodo
713 408 1143 491 (conscientia)
1172 409 1346 493 liget,
1382 408 1698 473 sciendum
1722 409 1836 486 est,
1871 409 2036 490 quod
2069 408 2309 490 Ζίρατίο,
2342 409 2762 493 metaphorice
2794 431 2831 475 a

368 511 794 595 corporalibus
818 511 897 576 ad
927 511 1279 593 spiritualia
1310 511 1582 593 sumpta,
1608 511 2001 575 necess-itatis
2031 511 2484 590 impositionem
2507 513 2828 595 importat.

370 615 480 678 Π10
516 614 702 692 0111111,
744 614 852 696 (1111
888 614 1124 698 ligatus
1163 615 1274 691 est,
1316 614 1747 677 necessitatem
1786 614 1976 677 habet
2012 614 2386 679 consistendi
2423 615 2488 679 in
2525 615 2682 690 1000,
2725 617 2833 680 ubi

368 717 604 801 ligatus
642 717 740 781 est
769 718 834 780 et
865 714 1144 779 aufertur
1175 715 1232 778 ei
1270 717 1547 798 potestas
1587 714 1664 779 ad
1702 715 1829 779 alia
1866 715 2210 780 divertendi
2241 741 2304 779 ».

455 819 743 901 Explicat
764 818 999 894 deinde,
1018 835 1177 899 quae
1206 818 1538 882 necessitas
1564 818 1878 883 voluntati
1909 818 2109 901 possit
2129 818 2399 901 imponi:
2426 819 2592 883 «Est
2623 820 2834 883 autem

369 920 592 1004 duplex
626 919 980 998 necessitas,
1015 938 1173 1001 quae
1207 918 1283 983 ab
1317 920 1440 984 alio
1474 921 1695 1004 agente
1725 920 1964 1004 imponi
1993 921 2218 1003 potest.
2248 920 2386 986 Una
2418 921 2668 1003 quidem
2701 941 2834 984 coa-

368 1024 611 1097 ctionis,
651 1042 759 1106 per
806 1042 995 1104 quam
1027 1021 1226 1086 omnis
1271 1021 1551 1086 absolute
1596 1041 1839 1088 necesse
1884 1023 2074 1087 habet
2109 1023 2308 1088 facere
2355 1025 2491 1100 hoc,
2541 1024 2619 1088 ad
2666 1024 2830 1106 quod

367 1125 817 1190 determinatur
862 1144 934 1189 ex
980 1124 1222 1189 actione
1259 1125 1535 1210 agentis;
1579 1125 1734 1189 alias
1766 1125 2004 1191 coactio
2051 1144 2173 1191 non
2221 1126 2464 1209 proprie
2503 1126 2828 1204 diceretur,

368 1228 469 1292 sed
512 1228 720 1312 magis
765 1226 1062 1292 inductio.
1103 1227 1248 1291 Alia
1295 1246 1438 1292 vero
1486 1229 1583 1293 est
1616 1229 1953 1292 necessitas
1999 1229 2443 1306 conditionata,
2478 1229 2713 1293 scilicet
2759 1249 2829 1293 ex

367 1331 500 1395 finis
533 1329 993 1414 suppositione3
1035 1329 1199 1394 sicut
1232 1330 1577 1413 imponitur
1613 1331 1800 1395 alicui
1845 1332 2196 1409 necessitas,
2237 1333 2330 1409 ut,
2365 1333 2419 1395 si
2448 1351 2571 1397 non
2617 1332 2832 1396 fecerit

365 1434 495 1511 hoc,
529 1453 655 1498 non
688 1432 1102 1514 consequatur
1134 1452 1320 1497 suum
1350 1433 1712 1516 praemium.
1754 1434 1966 1499 Prima
1998 1435 2246 1517 quidem
2286 1436 2636 1514 necessitaS,
2671 1454 2831 1517 quae

364 1538 455 1600 est
485 1536 848 1614 coactionis,
889 1553 1010 1601 non
1049 1535 1217 1600 cadit
1245 1536 1309 1599 in
1341 1536 1618 1601 motibus
1667 1537 2033 1614 voluntatis,
2068 1538 2173 1602 sed
2211 1538 2417 1602 solum
2446 1538 2510 1601 in
2549 1556 2831 1621 corpora-

362 1642 521 1706 libus
568 1641 790 1715 rebus3
829 1657 898 1705 eo
938 1640 1103 1722 quod
1150 1640 1445 1706 voluntas
1492 1641 1865 1705 naturaliter
1903 1643 1998 1705 est
2036 1661 2073 1705 a
2120 1643 2436 1706 coactione
2480 1642 2695 1705 libera.
2732 1640 2832 1706 Se·

360 1744 559 1808 cunda
606 1743 941 1808 necessitas
986 1743 1303 1807 voluntati
1348 1744 1585 1826 imponi
1630 1745 1856 1826 potest,
1904 1746 1981 1807 ut
2016 1744 2252 1808 scilicet
2285 1745 2700 1808 necessarium
2746 1745 2832 1809 sit

364 1847 473 1910 hoc
520 1846 770 1929 eligere,
820 1846 874 1910 si
920 1846 1037 1910 hoc
1067 1845 1297 1910 bonum
1348 1845 1569 1910 debeat
1614 1845 1926 1928 consequi,
1962 1847 2061 1910 vel
2098 1847 2151 1911 si
2188 1847 2305 1911 hoc
2341 1847 2579 1911 malum
2611 1847 2833 1911 debeat

364 1949 559 2013 Vitare
591 1973 656 2011 ³».

446 2050 736 2133 Explicat
766 2048 1002 2126 deinde,
1030 2048 1340 2131 quomodo
1364 2050 1683 2113 vinculum
1712 2050 2075 2132 imponatur
2097 2071 2204 2135 per
2228 2052 2624 2135 praeceptum
2656 2070 2831 2134 supe-

360 2152 567 2216 rioris:
602 2176 639 2210 «
664 2150 843 2215 Sicut
874 2152 1085 2215 autem
1109 2152 1443 2216 necessitas
1465 2152 1801 2217 coactionis
1833 2153 2175 2236 imponitur
2199 2155 2380 2219 rebus
2405 2154 2829 2237 corporalibus

362 2274 464 2337 per
501 2254 784 2336 aliquam
816 2253 1151 2318 actionem:
1185 2254 1277 2317 ita
1313 2255 1645 2320 necessitas
1678 2255 2104 2319 conditionata
2133 2255 2476 2338 imponitur
2512 2255 2826 2320 voluntati

361 2377 462 2439 per
495 2357 778 2439 aliquam
810 2355 1135 2421 actionem.
1169 2356 1352 2421 Actio
1400 2358 1631 2434 autem,
1668 2376 1792 2441 qua
1829 2357 2122 2422 voluntas
2160 2360 2466 2435 movetur,
2501 2361 2596 2422 est
2641 2360 2827 2441 impe-
2863 2350 2871 2358 ’

357 2460 517 2524 1111111
566 2460 842 2544 regentis
887 2461 950 2523 et
996 2458 1464 2543 gubernantis..
1508 2460 1609 2525 Ita
1638 2461 1802 2525 enim
1849 2461 2149 2526 se·habet
2192 2460 2524 2544 imperium
2563 2459 2828 2524 alicuius

358 2561 766 2648 gubernantis
817 2560 894 2626 ad
939 2559 1265 2646 ligandum
1311 2562 1375 2626 in
1428 2562 1611 2627 rebus
1661 2563 2031 2628 voluntariis
2077 2563 2189 2628 illo
2235 2562 2420 2629 modo
2481 2561 2822 2647 ligationiS,

354 2668 463 2749 qui
500 2665 819 2730 voluntati
866 2665 1137 2730 accidere
1161 2666 1385 2748 potest,
1413 2666 1577 2731 sicut
1613 2686 1676 2730 se
1713 2667 1902 2732 habet
1948 2667 2111 2732 actio
2144 2666 2483 2751 corporalis
2521 2666 2599 2730 ad
2631 2665 2828 2750 ligan-

354 2770 501 2834 dum
536 2788 634 2834 res
672 2769 1023 2853 corporales
1054 2768 1419 2834 necessitate
1449 2769 1786 2834 coactionis
1819 2795 1881 2833 ».

442 2871 609 2935 Hinc
633 2889 777 2935 vero
800 2871 1133 2934 necessitas
1159 2870 1591 2953 applicationis
1615 2872 1924 2956 praecepti
1953 2890 2059 2956 per
2091 2872 2563 2937 conscientiam:
2591 2897 2625 2930 «
2642 2873 2824 2936 Actio

352 2977 571 3040 autem
601 2973 941 3056 corporalis
974 2972 1216 3057 agentis
1252 2993 1574 3055 nunquam
1611 2975 1853 3038 inducit
1883 2976 2312 3040 necessitatem
2344 2975 2408 3038 in
2444 2996 2576 3040 rem
2611 2976 2820 3050 aliam,

351 3078 471 3142 nisi
510 3096 621 3160 per
651 3078 1003 3140 contactu-m
1032 3075 1371 3141 coactionis
1409 3076 1605 3159 ipsius
1646 3077 1723 3140 ad
1754 3096 1905 3154 rem,
1940 3077 2003 3140 in
2042 3096 2166 3158 qua
2199 3077 2353 3159 agit.
2390 3077 2565 3140 Unde
2598 3096 2706 3139 nec
2753 3097 2824 3140 011

352 3180 616 3263 imperio
636 3178 901 3242 alicuius
924 3177 1114 3263 Regis
1132 3178 1230 3243 vel
1256 3178 1510 3243 Domini
1532 3179 1772 3262 ligatur
1790 3177 2036 3259 aliquiS,
2057 3178 2179 3240 nisi
2194 3176 2526 3258 imperium
2549 3178 2828 3256 attingunt

352 3283 557 3358 illum,
598 3282 700 3345 cui
730 3281 1092 3363 imperatur.
1120 3281 1402 3364 Attingit
1434 3282 1643 3345 autem
1667 3280 1875 3363 ipsum
1899 3299 2005 3362 per
2043 3279 2384 3343 scientiam.
2413 3277 2589 3343 Unde
2611 3277 2823 3340 nullus

351 3386 595 3472 ligatur
631 3405 740 3468 per
776 3387 1171 3469 praeceptum
1205 3383 1458 3466 aliquod
1488 3383 1608 3447 nisi
1639 3382 1950 3447 mediante
1986 3383 2244 3447 seientia
2282 3382 2453 3446 illius
2492 3382 2820 3464 praecepti,

350 3491 413 3553 01
455 3489 601 3554 ideo
650 3487 776 3564 ille,
822 3486 932 3569 qui
979 3506 1100 3553 non
1147 3488 1244 3551 est
1288 3505 1481 3569 capax
1536 3485 1818 3562 notitiae,
1869 3487 2194 3568 praecepto
2253 3503 2374 3550 non
2430 3483 2667 3569 ligatur
2714 3503 2823 3548 nec

351 3590 582 3673 aliquis
620 3589 918 3673 ignorans
949 3589 1275 3672 praecepta
1312 3588 1446 3664 Dei,
1486 3587 1724 3672 ligatur
1757 3588 1835 3651 ad
1867 3590 2262 3671 praeceptum
2299 3587 2668 3654 faciendum.
2703 3587 2822 3650 nisi

348 3694 665 3775 quatenus
713 3691 959 3755 tenetur
1005 3691 1159 3755 scire
1205 3692 1620 3774 praeceptum.
1671 3688 1736 3754 Si
1785 3691 1996 3755 autem
2043 3710 2164 3755 non
2213 3692 2459 3754 tenetur
2513 3689 2666 3753 scire
2713 3708 2823 3753 nec

348 3796 522 3873 sciat,
580 3794 756 3858 nullo
803 3793 986 3858 modo
1035 3813 1106 3858 ex
1154 3795 1479 3876 praecepto
1527 3794 1764 3877 ligatur
1792 3819 1852 3857 ».

434 3896 724 3978 Denique
779 3895 1063 3977 explicat,
1114 3894 1275 3959 unde
1320 3895 1383 3960 111
1431 3895 1748 3959 vinculum
1809 3896 2082 3978 profluat
2129 3896 2221 3959 vis
2268 3895 2539 3979 ligandi.
2582 3921 2615 3951 «
2649 3892 2826 3956 Sicut

346 4003 559 4064 autem
611 3999 675 4062 in
726 3997 1151 4079 corporalibus
1189 4016 1377 4082 agens
1424 3999 1740 4080 corporale
1787 4017 1910 4063 non
1958 3997 2094 4082 agit
2138 3997 2258 4061 nisi
2300 4016 2407 4080 per
2443 3997 2821 4073 contactum,

344 4102 435 4166 ita
463 4102 529 4165 in
573 4098 1013 4184 spiritualibus
1060 4100 1454 4182 praeceptum
1502 4118 1622 4163 non
1670 4100 1851 4184 ligat,
1886 4100 2006 4164 nisi
2045 4118 2149 4182 per
2188 4097 2531 4162 scientiam.
2564 4097 2647 4161 Et
2683 4095 2820 4161 ideo

343 4204 509 4267 sicut
554 4202 775 4267 eadem
810 4202 906 4264 est
935 4201 1049 4278 vis,
1083 4221 1208 4283 qua
1245 4203 1453 4266 tactus
1502 4203 1637 4286 agit
1668 4204 1732 4266 et
1762 4221 1889 4283 (1113
1934 4202 2136 4266 virtus
2169 4202 2412 4287 agentis
2460 4202 2627 4286 agitz
2678 4221 2822 4264 cum

346 4307 554 4369 tactus
587 4322 717 4369 non
750 4302 905 4385 agat
934 4303 1055 4368 nisi
1090 4322 1160 4367 ex
1194 4304 1426 4367 virtute
1460 4303 1702 4388 agentis
1735 4306 1799 4367 et
1830 4304 2030 4368 virtus
2071 4304 2312 4389 agentis
2360 4304 2480 4368 nisi
2513 4304 2822 4367 mediante

344 4410 555 4471 tactu:
592 4406 690 4470 ita
730 4402 947 4468 eadem
984 4405 1185 4469 virtus
1223 4407 1335 4482 est,
1371 4426 1493 4488 (1113
1533 4409 1928 4490 praeceptum
1971 4408 2136 4492 ligat
2181 4409 2246 4471 et
2289 4428 2415 4490 qua
2447 4406 2821 4473 conscientia

341 4508 531 4594 ligat3
554 4527 707 4573 cum
733 4509 1130 4590 praeceptum
1153 4527 1276 4572 non
1301 4509 1475 4593 liget,
1495 4509 1615 4572 nisi
1640 4528 1745 4591 per
1770 4511 2067 4575 virtutem
2093 4511 2384 4576 scientiae
2407 4531 2517 4575 nec
2542 4510 2818 4584 scientia,
