3529 5158
339 344 452 419 [44]
906 358 1290 400 rononama
1327 358 1707 402 pausamus.
1746 360 1913 404 rmus
1949 362 2027 401 m
2064 359 2247 402 raom
2733 349 2806 402 59

342 457 453 519 aut
497 454 760 519 minima
806 455 1132 538 particula.
1166 455 1237 519 Id
1287 457 1455 521 valet
1501 455 1692 521 etiam
1724 458 1780 522 si
1825 457 2150 543 negotium
2198 458 2282 521 sit
2327 456 2704 535 huiusmodi,
2737 457 2804 521 in

338 575 462 638 quo
508 555 650 638 quis
698 558 984 621 teneatur
1044 557 1117 622 de
1163 558 1347 641 culpa
1391 557 1726 623 levissima.
1774 560 1940 624 Nam
2004 563 2067 624 et
2111 560 2174 623 in
2222 578 2293 623 eo
2341 557 2548 623 studio
2596 560 2804 641 plures

337 658 569 744 gradus
600 659 863 743 reperire
908 660 1004 724 est
1036 662 1099 724 et
1146 660 1359 725 omitti
1389 661 1707 744 quidpiam
1755 665 1982 746 potest,
2017 663 2178 745 quod
2214 662 2633 744 comparative
2669 663 2804 726 leve

335 762 552 827 haberi
597 762 838 827 debeat.

424 864 590 928 Hinc
618 863 796 939 infer,
829 882 951 927 non
987 883 1165 947 posse
1196 865 1413 930 statim
1448 866 1728 930 damnari
1760 887 1870 932 ceu
1905 866 2271 950 sacrilegam
2319 867 2430 929 aut
2461 863 2803 929 invalidam

334 964 800 1041 confessionem,
832 983 905 1029 ex
928 984 1001 1030 eo
1048 966 1213 1046 quod
1261 968 1339 1030 ob
1386 968 1664 1049 aliquam
1693 968 2143 1053 negligentiam
2176 967 2410 1031 oblitus
2443 966 2582 1048 quis
2614 966 2806 1031 fuerit

333 1067 591 1150 aliquod
636 1068 979 1151 peccatum.
1012 1067 1175 1131 Hinc
1219 1068 1374 1133 levis
1421 1088 1665 1151 quoque
1713 1088 1844 1134 esse
1877 1071 2086 1152 potest
2133 1068 2517 1153 negligentia
2548 1066 2803 1151 parochi

330 1192 394 1235 v.
428 1192 522 1257 gr.
558 1171 623 1235 in
653 1171 1032 1253 inquirendis
1064 1171 1520 1254 impedimentis
1566 1173 1951 1237 matrimonii
1991 1172 2274 1248 alicuius,
2315 1172 2379 1236 in
2419 1171 2802 1236 addiscendis

330 1274 581 1338 casibus
626 1274 1055 1351 conscientiae,
1103 1273 1256 1337 item
1302 1274 1366 1337 in
1413 1274 1649 1340 medico
1698 1275 1907 1356 quoad
1954 1275 2299 1339 curandum
2351 1274 2687 1350 infirmum,
2737 1272 2800 1336 in

329 1375 534 1440 iudice
580 1375 682 1438 vel
727 1374 1036 1439 causidico
1084 1375 1245 1439 circa
1290 1393 1426 1440 reos
1474 1379 1587 1441 aut
1633 1377 1905 1441 clientes.

437 1568 621 1621 xvm.
648 1564 857 1620 Ratione
892 1564 1073 1619 obiecti
1109 1580 1196 1620 seu
1232 1566 1302 1620 rei
1339 1566 1591 1631 ignoratae
1631 1568 1725 1621 alia
1767 1576 1842 1622 est
1879 1568 2152 1632 ignorantia
2191 1583 2340 1629 1111116,
2368 1567 2463 1622 alia
2501 1582 2661 1629 new,
2704 1567 2799 1621 alia

331 1666 540 1705 rosnae.
571 1649 695 1705 luris
731 1649 945 1717 quidem,
969 1652 1162 1722 quando
1199 1657 1283 1704 ant
1320 1651 1576 1715 ignoratur
1611 1652 1880 1716 generatim
1919 1655 2001 1705 lex
2040 1667 2125 1706 seu
2166 1660 2480 1718 praeceptum
2525 1658 2612 1704 aut
2649 1650 2797 1703 etiam

329 1751 428 1790 non
463 1741 674 1797 constat,
701 1749 817 1787 num
856 1748 1000 1787 casus
1035 1733 1275 1800 quispiam
1314 1735 1530 1799 generali
1567 1736 1729 1801 aliqua
1756 1738 1863 1799 lege
1902 1737 2347 1801 comprehendatur
2372 1734 2642 1799 etquidem
2671 1733 2796 1787 iuris

330 1819 607 1884 ignorantia
645 1817 895 1872 subdividi
932 1820 1059 1872 solet
1097 1824 1239 1885 prout
1277 1824 1506 1871 versatur
1534 1822 1612 1871 vcl
1655 1818 1788 1872 circa
1827 1819 1905 1871 ius
1943 1834 2202 1872 anunm-2
2245 1820 2324 1872 vel
2363 1818 2493 1872 circa
2535 1832 2802 1871 posu-mm

330 1917 543 1955 mvmuu
571 1910 653 1955 aut
679 1916 919 1954 numisma
946 1907 995 1954 et
1015 1905 1107 1954 hoc
1133 1900 1292 1968 ipsum
1320 1903 1397 1955 vel
1425 1916 1839 1956 ECCLESlASTICUM
1869 1906 1944 1956 vel
1971 1918 2135 1956 οινιιε
2163 1909 2256 1957 etc.
2279 1904 2413 1957 Facti
2442 1918 2576 1967 vern,
2599 1905 2797 1969 quando

329 1987 526 2051 ignoras
550 2000 647 2039 non
668 1984 864 2052 quidem
883 1984 957 2038 rei
982 1993 1131 2051 prout
1156 2000 1263 2039 eam
1289 1985 1633 2052 apprehendis,
1655 1986 1878 2040 habitum
1904 1989 1964 2040 ad
1992 1987 2164 2051 legem,
2191 1988 2278 2040 sed
2305 1986 2379 2039 rei
2404 1986 2454 2039 in
2481 2002 2534 2040 se
2554 1994 2802 2053 spectatae

330 2069 745 2125 circumstantiam
783 2068 995 2134 aliquam
1033 2076 1116 2122 aut
1154 2069 1299 2122 etiam
1339 2069 1658 2123 substantiam
1698 2086 1785 2124 seu
1826 2078 2065 2124 naturam.
2105 2073 2294 2124 Poenae
2334 2070 2558 2137 denique,
2601 2073 2798 2138 quando

332 2155 508 2221 nescis,
535 2153 730 2208 crimini
756 2153 965 2220 cuipiam
995 2152 1292 2220 peculiarem
1330 2154 1541 2220 aliquam
1581 2168 1788 2220 poenam
1828 2169 1936 2209 csse
1975 2170 2037 2208 ex
2075 2154 2182 2207 iure
2221 2157 2479 2208 adnexam.

414 2289 548 2364 44.
592 2293 992 2379 Ignorantiae
1037 2292 1192 2356 iuris
1238 2293 1302 2357 et
1346 2293 1499 2357 facti
1562 2293 1919 2377 exemplum
1966 2294 2154 2358 habes
2202 2313 2274 2358 ex
2320 2314 2369 2358 s.
2417 2295 2676 2371 Thoma,
2727 2294 2801 2357 de

336 2396 518 2461 Malo
550 2416 611 2478 q.
648 2396 709 2458 3.
746 2414 801 2459 a.
837 2396 896 2458 8.
940 2418 975 2452 «
1008 2393 1072 2459 Si
1103 2394 1167 2458 in
1215 2394 1426 2459 eodem
1475 2397 1619 2459 actu
1654 2394 1888 2476 aliquid
1937 2395 2020 2460 sit
2055 2396 2415 2481 ignoratum
2464 2398 2526 2460 et
2565 2396 2800 2477 aliquid

334 2502 584 2578 scitum,
634 2499 843 2583 potest
904 2517 1033 2563 esse
1080 2497 1509 2562 voluntarium
1556 2498 1865 2581 quantum
1919 2499 1997 2562 ad
2043 2498 2126 2574 id,
2176 2498 2342 2581 quod
2388 2500 2482 2562 est
2529 2497 2797 2576 scitum;

335 2622 575 2687 semper
610 2605 821 2667 tamen
854 2602 950 2665 est
978 2600 1474 2665 involuntarium
1520 2604 1827 2683 quantum
1862 2602 1938 2665 ad
1983 2602 2047 2665 id
2093 2602 2260 2683 quod
2290 2604 2386 2666 est
2416 2601 2796 2686 ignoratum,

338 2706 465 2770 sive
509 2705 833 2789 ignoretur
877 2701 1240 2767 deformitas
1287 2704 1466 2767 actus
1513 2703 1696 2785 (puta
1742 2722 1885 2767 cum
1932 2704 2159 2786 aliquis
2206 2703 2403 2768 nescit
2448 2703 2800 2768 fornicatio-

337 2828 471 2873 nem
518 2826 647 2873 esse
693 2808 1036 2889 peccatum,
1086 2806 1437 2870 voluntarie
1483 2806 1731 2888 quidem
1779 2807 1930 2871 facit
1976 2807 2466 2882 fornicationem,
2516 2806 2620 2870 sed
2675 2824 2798 2870 non

334 2909 685 2976 voluntarie
730 2909 881 2973 facit
926 2911 1297 2992 peccatum),
1326 2909 1455 2973 sive
1500 2910 1823 2993 ignoretur
1869 2910 2338 2974 circumstantia
2387 2910 2582 2985 actuS,
2633 2907 2797 2972 sicut

334 3033 469 3078 cum
502 3012 733 3095 aliquis
782 3011 1017 3076 accedit
1055 3012 1133 3075 ad
1178 3011 1519 3088 mulierem,
1555 3031 1746 3092 quam
1792 3011 1985 3076 credit
2031 3030 2162 3076 esse
2210 3031 2408 3088 suam,
2445 3009 2796 3074 voluntarie

334 3116 582 3197 quidem
629 3113 866 3178 accedit
911 3113 986 3177 ad
1035 3113 1377 3189 mulierem,
1418 3114 1522 3182 sed
1567 3132 1692 3178 non
1738 3114 2092 3177 voluntarie
2138 3114 2216 3176 ad
2262 3131 2387 3177 non
2434 3131 2615 3175 suam
2647 3136 2707 3172 ».

415 3216 715 3298 Exempla
762 3215 1153 3299 ignorantiae
1185 3215 1529 3300 generatim
1574 3215 1729 3279 iuris
1778 3217 1890 3277 aut
1935 3214 2086 3276 facti
2132 3215 2281 3277 sunt
2326 3212 2561 3294 passim
2594 3210 2798 3274 obvia.

334 3318 627 3384 Sexcenta
658 3334 907 3398 quoque
952 3319 1231 3399 exempla
1263 3320 1605 3399 suppetunt
1651 3315 2061 3401 ignorantiae,
2088 3333 2164 3379 an
2199 3314 2425 3396 aliquis
2459 3330 2638 3378 casus
2665 3313 2802 3398 lege

334 3419 888 3503 comprehendatur
933 3421 995 3482 et
1041 3420 1193 3483 haec
1236 3419 1595 3502 ignorantia
1642 3437 1764 3482 non
1813 3418 2115 3500 reperitur
2161 3417 2365 3482 solum
2411 3417 2477 3480 in
2522 3415 2798 3492 rudibus,

337 3522 439 3586 sed
485 3522 675 3586 etiam
708 3521 774 3584 in
820 3520 969 3585 viris
1000 3520 1201 3586 doctis
1249 3522 1311 3586 et
1356 3520 1497 3585 inde
1544 3520 1637 3597 fit,
1671 3523 1747 3585 ut
1791 3519 1912 3604 ipsi
1960 3520 2022 3585 in
2055 3521 2261 3586 varias
2308 3521 2536 3585 abeant
2567 3520 2803 3585 senten-

336 3623 472 3700 tias,
511 3625 577 3688 et
608 3624 674 3686 in
705 3620 847 3686 istis
884 3622 1129 3687 casibus
1176 3641 1356 3705 saepe
1402 3622 1702 3687 habemus
1734 3641 1931 3707 genus
1976 3622 2133 3688 illud
2165 3623 2559 3708 ignorantiae
2606 3621 2804 3686 invin-

336 3725 549 3802 cibilis,
584 3742 747 3806 quae
795 3725 937 3805 post
982 3723 1295 3788 adhibitas
1340 3724 1698 3809 diligentias
1744 3725 1960 3808 repelli
2005 3744 2129 3790 non
2178 3727 2406 3808 potest.

417 3827 611 3892 Ratio
660 3826 893 3901 autem,
942 3844 1051 3889 cur
1095 3825 1520 3910 distinguatur
1579 3826 1937 3912 ignorantia
1983 3846 2093 3909 pro
2157 3828 2348 3892 variis
2394 3828 2627 3891 iurium
2673 3846 2804 3910 spe—

335 3929 556 4006 ciebuS,
608 3946 685 3992 ea
731 3927 845 4002 est,
881 3927 1027 4008 quia
1073 3927 1355 4011 deinceps
1400 3929 1705 4012 disputari
1751 3929 1931 4005 solet,
1968 3947 2046 3992 an
2079 3928 2436 4012 ignorantia
2484 3930 2671 3993 huius
2705 3929 2805 3993 vel

336 4031 498 4096 illius
520 4030 682 4094 iuris
717 4030 994 4094 excusari
1025 4030 1222 4112 possit
1253 4032 1317 4095 et
1349 4050 1507 4112 quae
1531 4031 1777 4096 facilius
1802 4032 1993 4112 queat
2017 4033 2131 4095 aut
2162 4031 2478 4096 difficilius
2502 4030 2799 4096 excusari.

432 4133 616 4212 Quod
663 4133 907 4215 spectat
953 4131 1030 4195 ad
1089 4133 1509 4216 ignorantiam
1554 4134 1724 4208 facti,
1775 4134 2178 4199 manifestum
2242 4137 2356 4208 est,
2405 4135 2571 4216 quod
2616 4134 2802 4201 modo

337 4233 662 4318 ignoratur
707 4232 862 4296 facti
908 4234 1279 4310 substantia,
1329 4237 1511 4303 modo
1560 4237 1768 4300 solum
1814 4237 2305 4303 circumstantia.
2355 4239 2616 4323 Ignoras
2665 4240 2805 4304 sub-

340 4336 629 4400 stantiale
655 4355 715 4398 v.
743 4353 837 4417 gr.
864 4334 918 4397 si
947 4337 1132 4416 putas
1165 4336 1509 4420 sclopetum
1540 4358 1812 4404 vacuum
1844 4342 1907 4405 et
1939 4341 2120 4423 quasi
2151 4361 2259 4424 per
2289 4341 2496 4407 iocum
2528 4343 2803 4424 explodis

340 4436 399 4500 iu
443 4438 641 4502 alium
690 4437 758 4499 et
804 4435 893 4498 sic
939 4436 1179 4514 occidis,
1219 4439 1319 4503 vel
1365 4440 1419 4504 si
1450 4443 1637 4523 putas
1684 4444 1746 4506 te
1779 4443 1958 4508 ferire
1996 4445 2270 4510 belluam
2316 4446 2381 4509 et
2428 4444 2652 4509 occidis
2699 4445 2807 4509 ho-

342 4539 584 4605 minem.
636 4539 907 4620 Ignoras
952 4537 1501 4618 circumstantiam,
1549 4543 1604 4607 si
1648 4546 1886 4610 nescias
1934 4567 1991 4611 v.
2031 4568 2123 4631 gr.
2160 4564 2302 4611 eum
2348 4566 2534 4627 quem
2580 4546 2806 4610 occidis
