3529 5158
717 399 911 440 vam
1579 396 1793 438 snmus
1827 393 2295 436 CBRONOLOGICA

803 594 908 650 41.
948 500 1247 663 Iten11?ti‹}i
1277 604 1355 649 eo
1389 587 1571 663 qnod
1601 587 1932 663 subditur,
1967 585 2369 645 scholasticos
2398 586 2530 645 suis
2575 585 3035 646 subtilitatibus
3065 587 3166 646 in·-

694 681 896 756 flatos
942 679 1247 738 inveaeisse
1303 677 1665 737 thesaur-um
1719 676 1883 735 male
1938 676 2322 734 intellectum
2370 674 2741 735 meritorum
2805 673 3048 735 olm-isti
3107 680 3166 734 et

712 768 1087 827 Sanctorum
1112 773 1171 827 ct
1194 767 1408 826 clarae
1432 766 1676 825 notioni
1699 764 2119 824 absolutionis
2144 781 2186 823 a
2199 780 2412 841 poena
2442 765 2746 824 canonica
2769 763 3166 824 substituisse

707 855 1034 933 confusam
1065 862 1124 915 et
1145 855 1399 933 salsam
1430 854 1880 931 applicationis
1917 854 2312 928 meritorum,

799 946 1007 1018 Quasi
1038 944 1338 1006 thesauri
1371 943 1726 1013 Ecclesiae,
1766 943 1945 1002 unde
1979 943 2164 1017 Papa
2194 942 2315 1001 dat
2346 941 2824 1021 indulgentias,
2860 959 2992 1003 non
3024 943 3166 1003 sint

707 1034 945 1095 merita
976 1033 1228 1095 Christi
1260 1040 1330 1093 et
1363 1034 1790 1092 Sanctorum:

799 1123 1015 1198 Falsa,
1049 1122 1420 1197 temeraria,
1442 1122 1691 1183 Christi
1726 1125 1795 1181 et
1819 1121 2215 1182 Sanctorum
2247 1119 2507 1180 meritis
2539 1119 2880 1197 iniuriosa,
2906 1119 3162 1180 dudum

890 1212 960 1272 in
997 1211 1280 1272 articulo
1319 1213 1424 1271 17.
1465 1210 1742 1271 Lutheri
1778 1210 2110 1269 damnata.

803 1438 909 1495 42.
944 1437 1137 1513 Item,
1174 1437 1243 1495 in
1275 1451 1352 1495 eo
1385 1434 1564 1510 quod
1596 1434 2005 1513 superaddit,
2045 1434 2388 1493 luctuosius
2433 1433 2639 1493 adhuc
2675 1451 2801 1494 csse
2833 1435 2995 1510 quod
3031 1434 3161 1493 chi-

714 1525 988 1585 maerica
1020 1526 1212 1584 istaec
1249 1523 1593 1601 applicatio
1628 1523 1973 1600 transferri
2010 1524 2209 1583 volita
2239 1523 2325 1581 sit
2356 1523 2426 1582 iu
2456 1523 2800 1600 defunctos,

802 1615 1020 1691 Falsa,
1068 1613 1439 1687 temeraria,
1489 1612 1747 1687 piarum
1796 1613 2057 1673 aurium
2088 1612 2434 1689 offensiva,
2468 1613 2539 1672 in
2587 1627 2894 1672 romanos
2927 1611 3161 1673 Ponti-

888 1704 1043 1763 fices
1072 1706 1144 1763 et
1172 1704 1245 1763 in
1276 1702 1536 1778 praxim
1585 1705 1655 1762 et
1685 1718 1951 1762 sensum
1987 1701 2391 1762 universalis
2423 1701 2762 1762 Ecclesiae
2811 1700 3153 1779 iniuriosa,

888 1793 1214 1853 inducens
1246 1791 1316 1850 in
1351 1807 1637 1851 errorem
1671 1791 2056 1852 haereticali
2091 1794 2252 1850 nota
2297 1790 2368 1849 in
2403 1791 2605 1851 Petro
2642 1790 2726 1849 de
2759 1789 2964 1850 Osma
3009 1807 3163 1850 con·

889 1882 1117 1955 fixum,
1152 1883 1395 1941 iterum
1426 1880 1814 1940 damnatum
1847 1880 1917 1939 in
1949 1884 2074 1941 art.
2116 1881 2222 1938 22.
2256 1879 2557 1941 Lutheri.

1069 1970 1238 2029 Ibid.

802 2104 904 2163 43.
940 2105 1021 2163 In
1053 2120 1130 2164 eo
1153 2104 1415 2164 demum
1451 2103 1630 2180 quod
1655 2104 2235 2179 impudentissime
2266 2104 2613 2164 invehitur
2645 2103 2714 2163 in
2749 2105 3030 2165 tabellas
3055 2104 3158 2163 in-

709 2191 1224 2270 dulgentiarum,
1257 2193 1499 2253 altaria
1532 2193 1961 2269 privilegiata
1992 2196 2139 2268 etc„

800 2281 1193 2360 Temeraria,
1241 2283 1503 2358 piarum
1548 2282 1811 2343 aurium
1872 2282 2218 2361 offensiva,
2281 2281 2687 2361 scandalosa,
2744 2282 2817 2341 in
2864 2299 3159 2343 summos

891 2372 1248 2433 Pontifices
1279 2376 1483 2448 atque
1514 2372 1583 2431 in
1610 2372 1869 2448 praxim
1903 2376 2047 2432 tota
2078 2371 2380 2432 Ecclesia
2410 2368 2898 2446 frequentatam
2925 2375 3159 2432 contu-

892 2461 1182 2522 meliosa.

1394 2691 1491 2736 DE
1549 2689 2120 2737 RESERVATIONE
2180 2690 2477 2739 CASUUM

1072 2866 1172 2925 De
1204 2866 1448 2925 Posuit.
1485 2866 1543 2943 ξ.
1582 2868 1685 2926 19.

797 2959 900 3015 44.
935 2955 1314 3031 Propositio
1350 2954 1596 3031 Synodi
1638 2971 1961 3028 asserens,
2001 2958 2483 3018 reservationem
2514 2977 2772 3020 casuum
2805 2979 2970 3020 nunc
3005 2969 3155 3023 tem·

698 3046 878 3123 poris
909 3046 1090 3104 aliud
1121 3062 1247 3104 non
1279 3061 1424 3118 csse,
1458 3062 1644 3120 quam
1690 3043 2109 3120 improvidum
2145 3046 2414 3122 liyamcu
2434 3066 2563 3125 pro
2610 3049 3025 3122 inferior-ibus
3055 3070 3159 3112 sa-

700 3134 1051 3194 cerdotibus
1104 3139 1163 3193 et
1223 3150 1445 3192 sonum
1496 3150 1680 3193 sensu
1727 3150 1992 3192 vacuum
2038 3153 2162 3211 pro
2199 3137 2496 3211 poeniten
2505 3137 2670 3197 tibus
2718 3141 2985 3200 assaeaetis
3031 3159 3158 3202 nou

707 3225 1044 3284 admodum
1080 3239 1306 3283 curare
1339 3222 1498 3282 hanc
1528 3222 2032 3299 reservationem,

790 3315 1007 3384 Falsa,
1055 3312 1427 3385 temeraria,
1478 3312 1649 3372 male
1694 3328 1958 3386 sonans,
1993 3314 2385 3392 perniciosa,
2415 3314 2714 3377 Concilio
2745 3316 3140 3379 Tridentino

882 3401 1235 3476 contraria,
1276 3401 1636 3476 superioris
1664 3401 2114 3464 hierarchicae
2143 3405 2499 3480 potestatis
2534 3405 2808 3466 laesiva.

1064 3536 1233 3596 Ibid.

799 3629 901 3687 45.
952 3627 1122 3685 Item
1173 3623 1255 3683 de
1308 3640 1443 3701 spe,
1493 3642 1691 3700 quam
1740 3627 2038 3686 ostendit
2084 3625 2244 3702 fore,
2297 3633 2366 3686 ut
2422 3628 2769 3706 reformato
2817 3630 3050 3690 rituali
3101 3637 3158 3692 et

708 3716 927 3774 ordine
958 3713 1412 3788 Pocnitcutiae,
1448 3715 1693 3774 nullum
1727 3715 2001 3791 amplius
2037 3716 2237 3775 locum
2286 3717 2616 3778 habiturae
2637 3719 2767 3778 siut
2799 3719 3158 3780 huiusmodi

708 3804 1175 3878 reservatioues,

796 3894 1026 3970 Prout,
1055 3895 1318 3953 attenta
1341 3893 1781 3968 generalitate
1806 3893 2179 3971 verborum,
2206 3894 2452 3972 innuit,
2478 3912 2598 3971 per
2618 3897 3155 3959 reformationem

705 3981 967 4042 ritualis
1013 3985 1081 4042 et
1127 3980 1382 4040 ordinis
1429 3982 1896 4041 Poenitentiae
1943 3982 2188 4044 factam
2235 3984 2321 4043 ab
2368 3985 2700 4063 Episcopo
2735 3987 2843 4046 vel
2881 3987 3153 4063 Synodo

702 4071 948 4131 aboleri
982 4087 1176 4145 posse
1224 4087 1434 4147 casu-5,
1484 4087 1653 4146 quos
1684 4070 2076 4131 Tridentina
2125 4073 2434 4149 synodus
2467 4074 2650 4151 (sess.
2690 4078 2793 4135 14.
2822 4093 2876 4135 c.
2909 4078 2992 4152 7.)
3039 4076 3154 4137 de·

702 4160 911 4219 clarat
944 4160 1300 4220 Pontifices
1332 4160 1653 4219 maximos
1694 4159 1994 4234 potuisse
2025 4178 2146 4236 pro
2179 4179 2489 4237 suprema
2521 4168 2855 4240 potestate
2903 4165 3033 4226 sibi
3082 4167 3152 4225 in

703 4248 1019 4308 universa
1051 4249 1348 4309 Ecclesia
1378 4248 1627 4308 tradita
1657 4248 1976 4323 peculiari
2013 4266 2136 4311 sno
2173 4251 2421 4313 iudicio
2453 4269 2828 4313 reservare:

793 4338 1167 4413 Propositio
1218 4337 1399 4410 falsa,
1450 4337 1820 4411 temeraria,
1873 4339 2171 4399 Concilio
2204 4341 2595 4402 Tridentino
2632 4348 2702 4402 et
2747 4357 3154 4402 summorum

705 4427 1103 4486 Pontificum
1153 4425 1534 4486 auctoritati
1584 4425 1910 4501 derogans
1956 4435 2026 4489 et·
2071 4430 2410 4491 iniuriosa.
