3529 5158
753 350 863 405 392
1265 364 1476 405 TRAc'r.
1517 365 1605 404 111.
1652 363 1736 403 ms
1776 364 2053 407 morene.
2094 364 2294 407 effu-r
2332 364 2412 406 ιν.
2450 365 2590 404 nun.
2629 364 2709 404 Ν.
3074 348 3217 424 [400]

757 461 930 525 addit
978 464 1211 538 autem,
1260 480 1324 526 se
1370 462 1434 526 id
1483 461 1794 526 affirmare
1839 482 1981 526 cum
2029 462 2229 526 Diana
2277 463 2493 525 contra
2539 458 2766 524 Suarez
2814 460 2878 523 et
2923 458 3209 526 Sanchez.

756 562 989 627 Verum
1021 564 1137 627 hac
1168 564 1229 627 in
1258 584 1320 628 re
1345 563 1435 645 (in
1469 563 1700 628 iudicio
1730 564 1805 628 de
1843 562 2068 629 Suarez
2102 566 2165 628 et
2201 563 2500 645 Sanchez)
2531 563 2769 626 Auctor
2799 561 3089 645 deceptus
3121 566 3211 627 est

754 682 789 727 a
824 664 1048 739 Diana,
1075 666 1183 748 qui
1208 667 1410 749 reipsa
1442 666 1600 731 falso
1632 668 1675 730 l.
1710 686 1761 730 c.
1797 669 1860 731 et
1891 669 2021 732 tom
2057 668 2117 730 3.
2153 669 2334 730 tract.
2372 668 2431 729 2.
2464 665 2646 730 resol.
2688 666 2785 728 15.
2813 686 2874 729 n.
2915 667 2996 741 1.,
3022 666 3205 731 talem

750 768 1124 831 sententiam
1180 767 1405 833 Suarez
1470 789 1540 833 ac
1602 768 1871 834 Sanchez
1937 770 2201 854 affingit,
2251 767 2429 851 quasi
2479 768 2749 842 teneant,
2799 786 3040 850 semper
3085 788 3208 833 esse

751 869 1044 935 debitam.

839 974 924 1037 At
948 973 1175 1039 Suarez
1201 974 1274 1037 de
1315 974 1466 1057 Ley.
1502 976 1607 1039 lib.
1633 976 1691 1038 6.
1720 995 1852 1057 cap.
1888 976 1986 1038 18.
2017 995 2074 1039 11.
2115 977 2208 1038 19.
2237 975 2698 1039 distinctionem
2732 973 3206 1057 dispensationis

747 1074 969 1152 iustae,
1021 1078 1082 1139 in
1130 1076 1404 1140 debitam
1436 1080 1499 1141 et
1530 1095 1652 1140 non
1683 1077 1957 1141 debitam
1991 1078 2077 1141 sic
2123 1077 2556 1142 dissertissime
2588 1076 2816 1141 tradit:
2863 1100 2900 1133 ‹
2934 1074 3205 1139 Secunda

748 1177 969 1242 divisio
995 1178 1535 1262 dispensationis..
1563 1180 1737 1244 estin
1753 1180 2178 1243 volzmtariam
2200 1183 2263 1244 et
2292 1181 2729 1251 neeessariam,
2756 1197 2867 1243 seu
2890 1179 2955 1241 in
2978 1179 3207 1243 iustam

749 1298 820 1342 ac
843 1279 1135 1356 debitam,
1164 1281 1261 1345 vel
1287 1300 1409 1345 non
1435 1281 1707 1346 debitam
1739 1283 1886 1346 licet
1911 1283 2143 1346 iustam
2172 1307 2229 1347 ».
2251 1283 2331 1346 Et
2350 1282 2545 1346 allata
2563 1283 2871 1345 sententia
2896 1282 3203 1346 contraria

746 1379 1030 1445 Silvestri
1061 1401 1134 1447 ac
1161 1384 1605 1449 nonnullorum
1636 1383 2135 1463 Canonistarum,
2172 1385 2382 1449 subdit
2415 1406 2473 1449 n.
2511 1386 2646 1448 20.:
2675 1383 2775 1447 Sit
2797 1402 2946 1465 erqo
2977 1388 3206 1447 certzom

744 1502 866 1547 non
908 1503 1150 1549 omnem
1189 1486 1728 1569 dispensationem,
1757 1506 1915 1569 quae
1944 1490 2149 1569 potest
2178 1488 2348 1552 licite
2380 1487 2647 1563 concedi,
2676 1505 2806 1552 esse
2831 1486 3109 1550 debitam
3137 1506 3203 1550 ex

742 1586 982 1651 iustitia
1022 1588 1116 1652 vel
1154 1592 1500 1671 praecepte,
1537 1589 1871 1671 aliquando
1906 1591 2113 1654 tamen
2148 1608 2327 1672 posse
2360 1616 2419 1653 ».
2462 1589 2675 1654 Gratis
2699 1608 2846 1674 ergo
2881 1588 3202 1674 affingitur

740 1689 834 1753 illi
867 1690 1165 1767 doctrina,
1201 1691 1377 1756 cuius
1412 1693 1762 1774 oppositam
1795 1691 1947 1756 dicit
1983 1696 2232 1755 certa-m.

831 1791 1097 1856 Sanchez
1133 1795 1346 1857 autem
1369 1793 1444 1856 de
1477 1793 1769 1857 stlatrim.
1802 1794 1911 1857 lib.
1938 1796 1998 1858 3.
2034 1795 2187 1877 disp.
2221 1797 2323 1859 10.
2352 1816 2410 1858 n.
2446 1796 2529 1871 3.,
2566 1795 2671 1858 ubi
2703 1794 2839 1879 agit
2862 1793 2938 1857 de
2969 1793 3202 1877 dispen-

741 1895 980 1958 satione
1029 1914 1065 1958 a
1111 1896 1703 1976 proclamationibus
1751 1896 2161 1972 Matrimonii,
2226 1897 2482 1961 disserte
2529 1897 2784 1961 scribit:
2838 1921 2875 1954 ι
2924 1895 3198 1960 Secunda

739 1996 1066 2071 sententia,
1115 1998 1219 2059 cui
1261 1995 1588 2070 adhaereO,
1621 2000 1811 2074 tenet,
1846 2017 1966 2063 non
2007 2017 2263 2081 semper,
2298 2000 2628 2064 exsistente
2659 2001 2827 2064 iusta
2857 2017 3071 2077 causa,
3120 1999 3201 2062 di-

742 2098 1198 2180 spensationem
1245 2118 1376 2164 esse
1424 2100 1715 2177 debitam,
1767 2101 1870 2165 sed
1918 2102 2286 2183 quandoque
2323 2121 2454 2166 esse
2501 2101 2792 2179 debitam,
2827 2102 3195 2184 quandoque

741 2201 953 2264 autem
989 2202 1259 2284 gratiam
1287 2229 1346 2264 ».
1387 2202 1468 2265 Et
1513 2203 1662 2267 haec
1695 2203 2049 2287 allegantur
2080 2224 2151 2267 ex
2184 2205 2333 2287 ipsis
2371 2205 2543 2276 locis,
2577 2224 2737 2286 quae
2769 2204 3126 2289 allegantur
3162 2224 3193 2266 a

741 2302 976 2377 Diana:
1012 2303 1119 2385 qui
1157 2306 1480 2387 propterea
1511 2324 1681 2369 mero
1713 2306 2048 2369 memoriae
2080 2306 2322 2370 defectu
2358 2308 2569 2389 lapsus
2602 2307 2721 2370 dici
2756 2306 2956 2370 debet.

826 2405 1042 2468 Innuit
1080 2409 1292 2470 autem
1329 2406 1425 2484 A.,
1469 2405 1988 2489 dispensationem
2019 2408 2293 2473 debitam
2326 2410 2695 2492 quandoque
2726 2427 2857 2474 esse
2893 2411 2956 2473 et
2987 2429 3193 2474 nume-

737 2507 864 2569 rari
903 2508 1102 2571 solent
1135 2508 1239 2571 isti
1271 2528 1470 2573 casus,

917 2611 982 2672 1⁰
1015 2611 1238 2674 Debita
1287 2631 1416 2676 esse
1454 2615 1661 2695 potest
1707 2632 1779 2676 ex
1827 2615 1990 2678 mris
2024 2619 2375 2694 praecepto,
2417 2616 2512 2679 uti
2543 2617 2787 2696 quoties
2820 2615 3189 2700 assignando

733 2711 1010 2791 aliquam
1040 2730 1292 2775 causam
1318 2713 1813 2796 dispensationis
1850 2716 2052 2779 utitur
2077 2719 2277 2781 verbis
2302 2719 2724 2802 praeceptiviS,
2761 2718 3102 2784 ordinando
3122 2722 3190 2782 ut

730 2812 845 2875 tali
884 2812 1210 2877 exsistente
1258 2834 1444 2878 causa
1477 2816 1848 2880 concedatur
1879 2818 2276 2901 dispensatio.
2313 2820 2411 2885 Sic
2443 2823 2689 2885 tenetur
2720 2820 3061 2904 Episcopus
3109 2822 3190 2886 di-

728 2934 1016 2998 spensare
1032 2935 1173 2980 cum
1191 2918 1520 2996 clerico,ne
1543 2919 1810 2984 resideat
1826 2922 2067 2985 ratione
2085 2924 2455 3000 studiorum,
2475 2944 2544 2989 ex
2569 2944 2702 3007 cap.
2731 2922 2889 2988 Cum
2904 2945 3067 2988 exeo
3084 2927 3183 2989 34.

726 3016 801 3080 dc
837 3016 1162 3083 Electione
1199 3020 1261 3084 in
1295 3021 1355 3084 6.
1391 3022 1462 3085 Id
1501 3041 1645 3087 vero
1679 3025 1945 3089 maxime
1984 3025 2114 3089 fieri
2148 3028 2307 3091 solet
2339 3028 2401 3092 in
2434 3028 2998 3111 dispensationibus
3029 3029 3183 3092 circa

724 3139 954 3202 poenas
985 3125 1128 3205 post
1159 3123 1528 3209 condignam
1560 3126 2068 3191 satisfactionem.
2105 3129 2205 3193 Ita
2236 3130 2300 3194 in
2325 3149 2455 3195 can.
2492 3130 2766 3195 Domino
2817 3130 3048 3195 Sancto
3081 3133 3180 3195 28.

726 3223 871 3286 dist.
922 3225 1026 3288 54.
1077 3226 1472 3309 praecipitur,
1523 3230 1596 3292 ut
1641 3248 1747 3310 per
1795 3229 2315 3313 dispensationem
2354 3234 2727 3299 restituatur
2762 3236 2900 3300 loco
2933 3254 3047 3298 suo
3079 3235 3181 3317 qui

724 3325 996 3390 deiectus
1030 3327 1108 3390 ab
1140 3346 1211 3392 eo
1246 3328 1324 3393 ob
1354 3330 1582 3394 crimen
1615 3331 1820 3395 fuerat
1851 3336 1914 3396 et
1944 3334 2389 3415 poenitentiam
2414 3340 2646 3420 egerat.

903 3429 970 3491 2ο
1007 3430 1224 3495 Potest
1262 3450 1392 3496 esse
1439 3432 1646 3498 debita
1694 3435 2072 3518 dispensatio
2106 3457 2212 3520 per
2236 3444 2641 3519 praeceptum
2668 3441 2748 3505 ab
2786 3440 3066 3518 homine,-
3114 3445 3180 3507 ut

722 3530 782 3590 in
817 3529 1398 3612 dispensationibus,
1420 3554 1576 3616 quas
1598 3538 1877 3602 concedit
1899 3539 2202 3617 Pontifex,
2240 3542 2561 3607 remittens
2592 3561 2811 3608 causas
2844 3544 3178 3610 ordinariis

722 3631 819 3694 vel
867 3631 1129 3698 discreto
1163 3633 1571 3715 Confessari0‚
1613 3640 1936 3714 mandans,
1984 3643 2058 3705 ut
2096 3642 2423 3724 dispenset,
2474 3645 2528 3708 si
2573 3664 2779 3728 preces
2814 3647 3065 3711 veritati
3094 3648 3178 3711 ni-

719 3735 969 3810 tantur;
997 3737 1145 3801 tunc
1171 3739 1334 3802 enim
1362 3739 1622 3822 impleta
1654 3742 2024 3819 conditione,
2059 3731 2435 3827 dispensatio
2468 3747 2675 3812 debita
2707 3753 2821 3813 est.

778 3878 784 3883 -
897 3839 967 3902 3⁰
999 3839 1088 3904 Ex
1120 3843 1346 3905 natura
1377 3843 1464 3906 rei
1496 3843 1704 3924 potest
1735 3862 1865 3908 esse
1898 3845 2105 3910 debita
2131 3847 2203 3909 de
2235 3849 2483 3912 iustitia
2507 3850 2904 3934 dispensatio,
2932 3852 3172 3934 quando

718 3943 811 4004 est
845 3945 1182 4008 necessaria
1210 3945 1285 4008 ad
1311 3963 1636 4010 commune
1671 3947 1921 4024 bonum,
1956 3949 2053 4012 vel
2088 3949 2413 4014 vitandum
2446 3952 2761 4035 publicum
2794 3954 3169 4026 scandalum,

717 4044 813 4107 vel
859 4046 1008 4126 quid
1056 4047 1274 4111 simile.
1327 4049 1426 4112 Ita
1465 4048 1671 4112 debita
1721 4052 1816 4113 est
1862 4050 2242 4134 dispensatio
2291 4053 2353 4117 in
2401 4055 2785 4132 Interstitiis,
2821 4058 2875 4121 si
2914 4058 2976 4122 id
3000 4055 3172 4120 valde

714 4145 890 4209 cedat
925 4148 984 4210 in
1026 4148 1365 4214 utilitatem
1399 4170 1469 4214 ac
1494 4152 1695 4216 multo
1731 4153 1930 4236 magis
1966 4155 2018 4217 si
2050 4155 2113 4218 in
2147 4157 2581 4221 necessitatem
2611 4157 2939 4223 Ecclesiae.
2974 4159 3169 4223 Diana

710 4248 862 4310 tom.
913 4253 973 4311 3.
1027 4252 1101 4312 tr.
1145 4252 1203 4314 2.
1254 4271 1368 4314 res.
1427 4255 1525 4315 15.
1563 4275 1619 4317 n.
1675 4255 1734 4318 6.
1788 4255 1922 4334 Quo
1962 4260 2244 4339 spectant
2274 4257 2383 4321 illa
2431 4259 2769 4342 Augustini
2818 4262 2882 4325 in
2914 4281 3042 4345 cap.
3089 4260 3177 4326 Ut

711 4353 1190 4418 constitueretur
1224 4359 1328 4420 25.
1363 4357 1508 4423 dist.
1545 4363 1686 4437 50.;
1730 4386 1764 4419 «
1792 4362 2021 4426 Verum
2058 4363 2116 4426 in
2152 4364 2509 4429 huiusmodi
2539 4367 2742 4431 causis
2774 4366 3169 4449 (admittendi

715 4452 922 4534 lapsos
961 4455 1210 4521 clericos
1249 4460 1418 4542 etc),
1453 4460 1561 4524 ubi
1593 4481 1699 4544 per
1729 4483 1950 4548 graves
1983 4465 2433 4530 dissensionum
2475 4468 2791 4545 scissuras,
2826 4489 2950 4535 non
2984 4470 3168 4533 huius

713 4555 826 4618 aut
861 4554 1030 4620 illius
1063 4558 1329 4624 hominis
1363 4564 1458 4626 est
1488 4565 1848 4646 periculum,
1886 4567 1992 4631 sed
2038 4568 2407 4651 populorum
2443 4573 2683 4655 strages
2716 4571 2938 4648 iacent,
2974 4573 3171 4637 detra·
