3529 5158
725 365 797 419 22
1177 378 1389 420 macr.
1428 380 1466 419 1.
1504 379 1590 418 nn
1624 376 1883 420 Aoi-mus
1918 376 2212 422 nuusms.
2249 376 2448 418 CAPUT
2483 375 2550 418 11.
2587 363 2637 432 ἓ.
2676 363 2726 416 2.
3072 360 3180 436 [28]

727 475 1039 541 luntarius
1072 477 1258 559 atque
1288 476 1587 559 imputari
1617 476 1775 539 mihi
1804 475 2020 558 possit.
2049 474 2172 540 Ubi
2201 474 2265 537 in
2296 472 2510 556 primis
2541 471 2886 538 notandum
2916 473 3032 545 est,
3064 491 3189 538 non

732 599 862 644 esse
908 599 1248 644 sermonem
1295 580 1368 643 (19
1414 579 1653 652 effectu,
1687 597 1871 659 quem
1902 577 2041 660 quis
2071 576 2380 653 intendat3
2415 578 2564 641 tunc
2594 574 2758 640 enim
2806 574 3045 638 dicetur
3090 575 3190 640 hic

731 681 981 745 effectus
1011 682 1075 746 in
1106 701 1170 746 se
1204 680 1612 753 voluntarius,
1647 701 1704 744 v.
1737 701 1831 764 gr.
1864 698 2075 762 puero,
2109 680 2237 762 qui,
2270 682 2344 743 ut
2391 678 2623 743 otietur
2653 696 2901 760 vespere
2949 677 3046 740 vel
3093 677 3190 742 die

660 786 663 789 ’
730 784 1093 857 vacationis,
1127 784 1275 847 data
1322 801 1507 866 opera
1552 782 1713 848 elabi
1745 802 1852 865 per
1897 782 2064 846 viam
2110 782 2260 846 sinit
2289 781 2592 853 libellum,
2624 780 2733 862 qui
2779 780 3058 845 continet
3103 780 3190 844 di-

730 888 973 950 ctatum
1000 886 1195 950 latine
1225 885 1606 949 vertendum.
1634 886 1705 948 In
1736 884 1902 949 hisce
1934 888 1997 949 et
2027 884 2334 949 similibus
2364 884 2616 948 effectus
2645 882 2851 947 induit
2884 884 3192 948 rationem

730 989 891 1061 finis,
924 989 1033 1071 qui
1062 992 1274 1053 movet
1303 988 1383 1052 ad
1422 987 1735 1071 seligenda
1764 987 2001 1063 media3
2035 987 2177 1050 finis
2215 988 2427 1051 autem
2457 986 2521 1050 in
2554 1006 2618 1052 se
2650 988 2713 1050 et
2749 1005 2856 1068 per
2902 1004 2966 1051 se
2997 986 3194 1050 inten-

731 1092 919 1156 ditur.
936 1092 1167 1175 Agitur
1196 1109 1341 1174 ergo
1374 1089 1447 1154 de
1479 1090 1717 1167 effectu,
1745 1090 1852 1171 qui
1884 1108 2005 1154 non
2037 1092 2132 1153 est
2162 1089 2303 1152 finis
2332 1107 2586 1153 movens
2618 1089 2696 1152 ad
2728 1088 3057 1171 agendum,
3084 1089 3193 1170 qui

732 1196 942 1258 tamen
988 1212 1059 1256 ex
1105 1192 1348 1256 actione
1393 1192 1692 1273 sequitur,
1725 1192 1872 1255 licet
1917 1209 2039 1256 non
2085 1193 2422 1272 quaeratur
2451 1190 2565 1273 (a).
2601 1190 2702 1254 Ita
2746 1190 3021 1254 medicus
3066 1209 3191 1255 non

730 1295 998 1360 intendit
1041 1294 1452 1368 incommoda,
1486 1314 1644 1376 quac
1691 1313 1873 1378 aeger
1919 1293 2198 1375 patiatur
2243 1314 2314 1356 ex
2359 1292 2678 1357 medicinis
2715 1292 3055 1357 necessario
3095 1312 3196 1357 su-

731 1397 970 1463 mendis
1000 1399 1249 1479 propter
1280 1396 1635 1474 sanitatem,
1660 1415 1771 1460 nec
1800 1396 2126 1479 chirurgus
2149 1397 2482 1478 amputans
2505 1414 2762 1460 manum
2791 1395 3061 1461 intendit
3092 1395 3197 1460 (10-

733 1503 949 1573 lorem,
980 1500 1087 1581 qui
1117 1500 1278 1563 forte
1309 1500 1590 1580 sequitur
1620 1498 2135 1581 amputationem.

821 1602 1052 1687 Agitur
1080 1602 1291 1683 itaque
1321 1601 1396 1666 de
1427 1602 1667 1675 effectu,
1700 1602 1809 1683 qui
1840 1601 1924 1665 sit
1954 1604 2197 1683 praeter
2225 1602 2655 1679 intentionem,
2690 1602 2818 1667 sive
2857 1604 3055 1667 bonus
3087 1603 3194 1667 ille

735 1706 817 1770 sit
850 1704 978 1768 sive
1007 1704 1231 1767 malus.
1265 1704 1356 1767 De
1387 1705 1549 1769 bono
1580 1705 1790 1768 tamen
1823 1704 1995 1768 nulla
2028 1705 2122 1769 est
2153 1706 2265 1768 aut
2297 1724 2426 1769 esse
2457 1706 2665 1787 potest
2694 1706 3011 1786 quaesti03
3046 1706 3196 1787 quia

731 1827 855 1873 non
901 1807 1109 1889 potest
1147 1806 1427 1871 accedere
1473 1805 1719 1870 bonitas
1752 1806 1941 1884 actui,
1976 1806 2030 1870 si
2063 1807 2356 1871 voluntas
2385 1826 2507 1871 non
2547 1806 2630 1871 sit
2660 1807 2843 1881 bona,
2876 1827 3095 1890 nempe
3141 1808 3196 1872 si

733 1911 797 1973 in
829 1909 987 1972 illud
1016 1910 1248 1974 bonum
1278 1927 1399 1972 11011
1433 1908 1648 1972 tendat
1678 1926 1848 1972 more
1894 1909 2201 1973 humano:
2236 1910 2447 1974 nullus
2478 1912 2691 1973 autem
2721 1912 2817 1974 est
2847 1910 3197 1975 voluntatis

733 2011 945 2075 motus
969 2029 1115 2093 erga
1145 2010 1228 2087 id,
1255 2009 1420 2090 quod
1446 2009 1667 2073 accidit
1689 2012 1932 2092 praeter
1953 2010 2178 2076 intenti
2220 2031 2361 2076 nem
2385 2031 2494 2076 seu
2516 2014 2760 2094 praeter
2780 2013 3194 2079 voluntatem.

734 2111 1058 2195 Superesse
1088 2111 1285 2195 igitur
1317 2112 1519 2175 solum
1551 2113 1758 2194 potest
1798 2112 2081 2192 quaestio
2113 2113 2188 2178 de
2217 2115 2384 2179 malo
2418 2114 2657 2186 effectu,
2691 2114 2765 2179 de
2796 2133 2919 2196 quo
2967 2116 3197 2198 specia-

732 2214 851 2278 tim
896 2214 1235 2295 quaeritur,
1276 2214 1670 2294 quandonam
1716 2214 1956 2279 ratione
2002 2215 2174 2280 illius
2219 2216 2490 2294 effectuS‚
2541 2236 2725 2298 quem
2769 2237 2891 2282 non
2938 2218 3195 2284 intendo

734 2315 1003 2396 quidem,
1045 2318 1403 2381 secuturum
1450 2318 1656 2380 tamen
1704 2335 1778 2380 ex
1825 2319 1966 2381 actu
2008 2335 2144 2382 meo
2191 2317 2402 2399 aliquo
2449 2319 2632 2384 modo
2680 2319 2827 2398 scio,
2860 2323 3073 2384 tenear
3118 2321 3198 2384 ab

736 2419 880 2481 actu
915 2418 1241 2492 abstinere,
1275 2438 1350 2483 ne
1381 2418 1632 2483 effectus
1662 2418 1769 2483 ille
1802 2422 2117 2501 sequatur.

822 2517 950 2591 28.
984 2522 1151 2600 Tres⁹
1185 2523 1259 2586 ut
1305 2521 1591 2596 diximus,
1624 2523 1827 2588 solent
1873 2523 2253 2590 conditiones
2292 2524 2540 2607 requiri,
2573 2528 2647 2592 ut
2679 2526 2929 2593 effectus
2961 2528 3067 2594 ille
3097 2548 3198 2594 me

732 2622 1012 2687 cohibere
1044 2624 1263 2688 debeat
1293 2624 1372 2686 ab
1404 2625 1644 2689 actione
1676 2628 1739 2689 et
1771 2627 1845 2689 ut
1875 2646 2014 2690 reus
2047 2645 2312 2699 censear,
2346 2628 2398 2692 si
2430 2647 2552 2694 non
2584 2628 2952 2694 abstineam.

822 2723 1066 2787 Primae
1112 2724 1481 2789 conditionis
1526 2726 1687 2790 ratio
1734 2729 2198 2810 generalissima
2230 2732 2343 2802 est,
2376 2730 2542 2812 quod
2580 2729 2745 2793 nihil
2787 2732 2876 2795 sit
2917 2731 3197 2807 volitum,

734 2825 890 2904 quin
918 2826 1007 2887 sit
1019 2828 1497 2907 praecoquit-mn
1541 2846 1652 2891 nec
1697 2829 1830 2892 ulla
1877 2830 2177 2913 obligatio
2210 2851 2425 2914 urgere
2470 2834 2679 2914 potest
2725 2833 3072 2899 abstinendi
3120 2838 3198 2901 ab

734 2929 878 2992 actu
912 2930 1160 3011 propter
1196 2929 1555 3011 quampiam
1601 2930 1927 3003 rationem,
1960 2932 2012 2995 si
2059 2933 2217 2996 hanc
2262 2933 2567 2998 rationem
2612 2935 2852 3019 ignoro.
2885 2935 2985 3001 Sic
3031 2938 3202 3004 enim

734 3050 874 3095 reus
904 3050 1099 3096 essem
1129 3031 1423 3103 criminis,
1455 3031 1621 3113 quod
1665 3031 2047 3116 impossibile
2091 3034 2248 3098 mihi
2292 3036 2387 3098 est
2419 3036 2647 3101 vitare:
2681 3037 2745 3101 id
2777 3041 2988 3103 autem
3019 3061 3199 3124 repu-

733 3136 889 3218 gnat
934 3135 1162 3200 rationi
1193 3155 1265 3199 ex
1295 3153 1492 3216 aequo
1525 3137 1589 3199 et
1619 3135 1999 3200 revelationi.
2032 3134 2210 3214 Quod
2240 3138 2452 3202 autem
2491 3138 2744 3204 dicitur:
2765 3143 3051 3219 potuerit
3091 3143 3203 3207 ad-

734 3240 988 3310 vertere,
1036 3237 1335 3322 intellige,
1369 3236 1576 3319 inquit
1619 3237 1869 3302 Medina
1914 3238 1977 3301 in
2029 3239 2086 3301 1.
2131 3241 2190 3302 2.
2224 3258 2282 3320 q.
2319 3239 2377 3302 6.
2422 3243 2538 3304 art.
2583 3243 2641 3305 8.
2684 3244 3032 3324 potentiam
3076 3264 3201 3311 nou

733 3359 896 3403 mere
914 3339 1244 3420 physicam
1274 3339 1379 3405 sed
1401 3338 1719 3414 moralem,
1745 3359 1905 3422 quae
1937 3341 2106 3406 nulla
2131 3343 2245 3414 est,
2271 3341 2391 3406 nisi
2422 3343 2647 3408 saltem
2676 3344 2738 3407 in
2764 3346 3019 3411 confuso
3053 3348 3196 3412 sub-

735 3441 971 3504 oriatur
1001 3441 1301 3523 cogitatio
1334 3441 1407 3505 de
1437 3443 1805 3506 necessitate
1837 3444 2275 3508 considerandi.
2305 3444 2393 3508 Ut
2414 3446 2598 3522 enim,
2624 3447 2829 3528 inquit
2854 3446 3194 3514 Caietanus

734 3542 797 3605 in
834 3542 891 3604 1.
926 3543 985 3604 2.
1020 3561 1078 3622 q.
1114 3543 1173 3604 6.
1209 3545 1325 3605 art.
1362 3544 1443 3616 8.,
1477 3544 1738 3624 quilibet
1781 3544 1843 3606 in
1876 3563 1940 3607 se
1971 3545 2103 3625 ipso
2136 3546 2445 3627 experitur
2474 3566 2596 3612 non
2631 3566 2759 3612 esse
2790 3549 2854 3612 in
2886 3553 3203 3632 potestate

734 3664 844 3708 sua
879 3644 1043 3726 quod
1074 3644 1424 3709 recordetur
1456 3645 1703 3728 (etiam)
1728 3663 1960 3719 eorum,
1987 3665 2143 3727 quae
2175 3648 2580 3720 habitualiter
2603 3651 2916 3728 meminit:
2945 3663 3200 3739 propter

731 3747 895 3829 quod
919 3746 1391 3812 inconsideratio
1417 3747 1586 3826 haec,
1613 3767 1756 3811 cum
1788 3768 1908 3811 non
1934 3748 2016 3813 sit
2048 3749 2468 3815 concomitans
2492 3771 2601 3816 nec
2625 3772 3021 3837 consequenS‚
3048 3759 3200 3839 quia

730 3869 853 3915 non
878 3853 973 3915 est
996 3849 1244 3915 omnino
1276 3850 1340 3913 in
1372 3852 1683 3932 potestate
1714 3852 1948 3923 nostra,
1973 3851 2235 3916 locanda
2259 3854 2354 3917 est
2385 3853 2499 3916 sub
2524 3854 2945 3935 antecedente;
2974 3864 3200 3924 causat

729 3953 892 4017 enim
931 3951 1422 4018 involuntarium
1463 3952 1826 4034 simpliciter
1866 3955 1928 4016 et
1966 3952 2102 4035 ipsa
2144 3954 2317 4017 nullo
2362 3955 2547 4019 modo
2590 3958 2685 4019 est
2730 3957 2928 4022 volita
2975 3962 3038 4024 et
3084 3981 3194 4045 per

730 4057 845 4119 hoc
891 4059 1141 4120 excusat
1188 4075 1308 4120 non
1341 4055 1544 4119 solum
1577 4075 1611 4118 a
1644 4058 1917 4138 peccato,
1953 4055 2056 4119 sed
2091 4075 2126 4120 a
2158 4057 2429 4121 censuris
2476 4059 2592 4122 etc.
2627 4056 2884 4137 Quando
2919 4079 3063 4126 vero
3113 4062 3198 4126 ef-

732 4157 927 4220 fectus
974 4161 1294 4222 censeatur
1338 4158 1614 4241 potuisse
1661 4157 2020 4239 praevideri,
2061 4159 2283 4222 melius
2330 4160 2704 4224 tractabitur
2751 4161 2858 4225 ubi
2904 4162 2976 4228 de
3024 4164 3201 4249 igno·

730 4259 956 4321 rautia.
982 4259 1340 4324 Generatim
1370 4260 1489 4322 huc
1520 4262 1727 4341 potest
1758 4280 1920 4325 nunc
1950 4260 2172 4325 adduci
2202 4262 2418 4345 regula
2449 4283 2498 4328 s.
2525 4264 2799 4329 Thomae
2829 4266 2886 4329 1.
2915 4267 2975 4329 2.
3001 4286 3062 4348 q.
3092 4269 3202 4332 20.

813 4503 873 4554 (ει)
905 4503 1218 4557 Supponitur
1258 4504 1457 4556 idcirco,
1490 4505 1653 4548 teneri
1684 4518 1773 4548 nos
1801 4505 1896 4548 sub
1922 4507 2074 4551 certis
2115 4507 2491 4551 conditionibus
2517 4507 2784 4563 impedire,
2816 4522 2880 4553 no
2909 4523 2970 4554 ex
2999 4513 3201 4558 actione

730 4575 904 4614 nostra
933 4569 1018 4614 vel
1046 4570 1312 4614 omissione
1343 4572 1536 4615 malum
1567 4571 1773 4626 aliquod
1803 4576 2064 4627 sequatur.
2097 4574 2154 4618 E.
