3529 5158
716 344 828 398 608
1236 354 1448 396 TRAc‘r.
1489 354 1568 395 1v.
1607 354 1692 394 nn
1729 353 2034 396 PEOCA'ns.
2073 354 2272 399 CAPUT
2308 356 2398 397 111.
2437 356 2578 399 nnn.
2619 356 2657 396 1.
3036 343 3180 418 [704]

710 454 1090 539 gnanimitas
1137 454 1300 516 enim
1350 453 1443 515 est
1490 451 1708 527 virtue,
1758 471 1882 533 qua
1931 452 2116 517 homo
2163 453 2228 516 in
2274 453 2554 535 qualibet
2600 454 2910 519 virtutum
2956 476 3178 541 genere

711 556 911 621 tendit
958 555 1035 619 ad
1073 574 1163 633 ea,
1205 574 1364 637 quae
1410 573 1638 639 magna
1685 556 1834 618 sunt
1877 554 2188 639 dignaque
2233 574 2461 640 magno
2509 556 2760 635 honore,
2801 557 2922 622 sibi
2967 562 3176 624 tamen

710 658 1202 742 proportionata,
1238 657 1438 722 tendit
1461 660 1672 721 autem
1703 675 1824 721 non
1859 677 1930 721 ex
1961 657 2312 722 inordinato
2346 677 2555 723 amore
2587 678 2736 724 suae
2759 661 3174 740 excellentiae,

710 763 815 826 sed
864 783 936 826 ex
984 762 1267 826 ordinato
1301 780 1509 825 amore
1541 760 1687 825 boni
1718 761 2136 825 convenientis
2184 761 2335 825 sibi:
2372 761 2446 825 cf.
2487 782 2545 843 q.
2594 763 2738 826 129.
2779 762 2973 827 Porro
3008 785 3178 848 prae-

711 865 984 947 sumptio
1033 865 1234 928 tendit
1280 865 1343 927 in
1392 863 1473 940 id,
1523 862 1688 946 quod
1735 864 1831 927 est
1876 883 2064 946 supra
2118 883 2297 927 suam
2344 864 2745 929 facultatem:
2805 866 3066 932 ambitio
3113 869 3177 931 et

709 966 910 1031 inanis
956 968 1159 1052 gloria
1205 967 1500 1031 honorem
1546 968 1610 1030 et
1654 966 1922 1050 gloriam
1953 969 2290 1047 quaerunt:
2331 966 2435 1031 sed
2473 967 2896 1050 superaddunt
2939 970 3178 1033 inordi—

709 1069 1045 1147 nationem,
1096 1070 1244 1133 sunt
1275 1069 1436 1133 enim
1471 1070 1785 1152 appetitus
1816 1067 2205 1132 inordinatus
2252 1068 2503 1134 honoris
2537 1072 2650 1134 aut
2680 1069 2933 1153 gloriae.
2974 1071 3179 1135 Pusil-

709 1171 1028 1235 lanimitas
1077 1192 1109 1236 e
1156 1172 1465 1236 contrario
1530 1172 1754 1236 vitium
1803 1176 1917 1243 est,
1965 1189 2087 1253 quo
2153 1171 2338 1236 homo
2384 1175 2631 1237 recusat
2685 1173 2747 1236 in
2811 1173 2874 1237 id
2927 1174 3177 1238 tendere

709 1274 875 1355 quod
913 1275 1008 1338 est
1039 1294 1187 1338 suae
1219 1273 1532 1357 potentiae
1564 1274 2108 1356 proportionatum
2147 1279 2209 1339 et
2240 1294 2302 1339 se
2334 1274 2598 1339 retrahit
2625 1295 2658 1338 a
2684 1275 2932 1361 magnis
2965 1296 3180 1361 aggre-

710 1376 963 1453 diendiS,
1005 1377 1230 1458 quibus
1277 1378 1372 1440 est
1403 1376 1629 1460 dignus
1675 1395 1786 1440 seu
1832 1396 2021 1459 capax
2056 1380 2118 1441 et
2157 1377 2235 1441 ad
2272 1396 2431 1458 quae
2479 1377 2803 1442 ordinatur
2851 1398 2888 1441 a
2935 1379 3174 1443 ratione

714 1479 806 1541 vel
853 1480 1008 1563 lege.
1050 1482 1375 1562 opponens
1413 1482 1623 1542 autem
1663 1497 1712 1541 s,
1748 1479 1982 1543 Doctor
2029 1479 2148 1543 tria
2189 1478 2395 1562 priora
2441 1479 2598 1544 vitia
2642 1480 3172 1564 magnanimitati,

711 1600 830 1645 non
865 1584 1054 1666 negat
1100 1582 1261 1645 filias
1310 1601 1440 1646 esse
1487 1582 1811 1667 superbiae
1858 1584 1921 1645 et
1967 1601 2112 1646 sane
2157 1581 2220 1645 id
2269 1582 2477 1665 aperte
2525 1581 2704 1647 docet
2751 1581 2824 1645 de
2863 1601 3179 1664 praesum-

710 1686 919 1767 ptione
956 1706 1014 1767 q.
1055 1687 1200 1749 134.
1243 1705 1297 1749 a.
1335 1687 1393 1749 2.
1438 1685 1515 1749 ad
1546 1688 1607 1749 4.
1657 1686 1729 1750 de
1777 1685 1946 1749 inani
1992 1685 2194 1770 gloria
2242 1706 2299 1767 q.
2353 1685 2500 1747 133.
2535 1702 2591 1748 a.
2627 1685 2687 1748 4.
2725 1686 2916 1765 atque
2962 1684 3173 1748 eadem

708 1788 870 1852 ratio
919 1791 1015 1852 est
1060 1788 1133 1851 de
1182 1788 1538 1852 ambitione.
1578 1787 1744 1853 Satis
1779 1790 1874 1852 est
1904 1789 2087 1865 enim,
2127 1787 2293 1869 quod
2337 1788 2401 1852 in
2450 1786 2634 1851 finem
2671 1786 3000 1869 superbiae
3030 1806 3176 1868 quo-

709 1890 1039 1955 dammodo
1074 1891 1350 1968 tendant,
1384 1893 1459 1956 ut
1495 1892 1659 1956 filiae
1691 1892 1824 1956 eius
1862 1892 2167 1956 dicantur.
2194 1893 2229 1930 *

1244 2072 1352 2136 Ex
1384 2072 1569 2136 dictis
1598 2071 1996 2137 resolvuntur
2031 2074 2352 2152 sequentes
2399 2069 2619 2134 Casus.

818 2255 932 2306 Lm.
970 2256 1007 2304 Ι.
1034 2253 1251 2307 Audiens
1290 2254 1481 2307 taudem
1509 2253 1709 2307 alterius
1735 2257 1813 2305 vel
1854 2267 1992 2306 suam
2019 2254 2078 2305 de
2113 2267 2166 2305 re
2193 2251 2464 2305 mortaliter
2503 2254 2645 2316 mala,
2674 2258 2840 2316 peccat
2879 2250 3166 2314 mortaliter,

708 2336 751 2390 si
791 2340 1047 2405 approbet,
1076 2337 1325 2406 suscipiat,
1353 2336 1622 2391 admiretur
1662 2344 1714 2391 ut
1752 2340 1896 2391 laude
1936 2336 2143 2403 dignam.
2172 2339 2346 2390 Sanch.
2375 2337 2511 2389 Bald.
2545 2338 2593 2389 d.
2619 2337 2700 2388 29.
2733 2350 2779 2388 n.
2809 2336 2853 2388 3.

796 2452 975 2526 704.
1012 2457 1045 2494 *
1079 2457 1414 2521 Peccatum
1461 2457 1556 2520 est
1602 2456 1865 2521 mortale
1903 2456 2145 2521 ratione
2192 2453 2506 2531 materiae,
2556 2453 2632 2516 ut
2676 2451 2916 2515 dictum
2959 2453 3055 2516 est
3099 2453 3168 2516 in

705 2557 892 2643 Resp.
929 2560 987 2623 2.
1025 2581 1082 2623 n.
1127 2561 1187 2622 3.

817 2698 943 2749 LIV.
974 2699 1020 2749 2.
1050 2696 1346 2762 vituperans
1369 2696 1517 2750 alium
1544 2700 1606 2749 ob
1637 2697 1897 2751 vindictam
1935 2712 2030 2750 non
2058 2703 2298 2763 sumptam
2327 2695 2522 2750 aliudve
2548 2709 2699 2761 grave
2737 2698 2919 2750 malum
2946 2698 3028 2749 vel
3069 2708 3176 2762 pec·

708 2787 868 2833 catum
898 2780 1149 2858 omissum,
1180 2796 1225 2834 v.
1245 2797 1339 2848 gr„
1360 2781 1739 2840 fornicationem,
1760 2789 1929 2849 peccat
1955 2781 2255 2844 mortalitem
2280 2781 2394 2847 quia
2420 2787 2496 2834 est
2521 2780 2710 2846 species
2735 2779 3001 2835 iactantiae
3024 2790 3075 2834 et
3101 2788 3176 2833 est

705 2879 816 2917 cum
855 2865 1207 2931 approbatione
1246 2865 1432 2932 peccati
1468 2874 1518 2919 et
1554 2866 1751 2919 occasio
1790 2865 2140 2920 committendi.
2164 2865 2284 2919 ibid.

797 2990 972 3064 7⁰5.
1001 2993 1034 3030 *
1073 2993 1313 3077 Reapse
1344 2995 1664 3077 peccatum
1710 2995 1975 3060 mortale
2023 2996 2143 3068 est3
2195 2992 2341 3076 quia
2388 2993 2484 3057 est
2530 2991 2898 3075 approbatio
2937 2991 3172 3075 peccati

704 3098 915 3180 gravis
962 3099 1026 3161 et
1072 3097 1431 3163 scandalum
1478 3116 1685 3182 grave.
1736 3098 2046 3161 Iactantia
2093 3117 2236 3161 vero
2284 3097 2443 3160 circa
2493 3097 2668 3160 aetus
2715 3096 2999 3178 proprios
3048 3115 3177 3160 ver·

706 3202 900 3265 satur.
936 3202 1012 3265 cf.
1055 3203 1113 3264 2.
1152 3204 1210 3264 2.
1252 3221 1311 3282 q.
1353 3202 1497 3264 112.

794 3304 1063 3368 Adverte
1094 3304 1227 3367 heic
1263 3303 1429 3384 quod
1463 3303 1553 3367 ait
1582 3303 1657 3367 Α.
1692 3303 1755 3366 111
1795 3303 1977 3385 Resp.
2014 3306 2071 3366 2.
2108 3323 2167 3366 11.
2203 3303 2263 3365 3.
2299 3302 2371 3366 de
2401 3301 2704 3366 iactantia
2741 3302 2804 3366 in
2845 3320 2911 3364 re
2943 3305 3175 3367 morta·

703 3409 848 3471 liter
893 3408 1088 3480 mala;
1131 3408 1294 3488 quod
1342 3408 1393 3471 si
1442 3406 1526 3470 sit
1563 3407 1793 3488 absque
1840 3406 2286 3488 complacentia
2335 3405 2589 3488 peccati,
2639 3404 2712 3468 de
2759 3423 2885 3486 qua
2924 3405 3067 3486 quis
3109 3423 3174 3467 se

702 3509 917 3582 iacta-t,
971 3528 1124 3591 opus
1173 3511 1265 3572 est
1312 3509 1561 3590 quidem
1608 3509 1886 3573 confiteri
1935 3508 2295 3572 iactantiam
2346 3507 2419 3571 de
2466 3527 2530 3572 re
2577 3506 2934 3571 mortaliter
2969 3506 3166 3574 mala:

704 3613 773 3675 at
818 3630 939 3675 non
975 3630 1128 3693 opus
1169 3613 1263 3675 est
1293 3612 1508 3686 dicere,
1548 3612 1612 3676 in
1645 3631 1769 3694 qua
1802 3612 1997 3694 specie
2030 3611 2265 3694 peceati
2298 3631 2362 3675 se
2393 3610 2740 3675 iactaverit.
2776 3609 2958 3689 Quia,
2999 3628 3174 3692 prae·

701 3714 930 3779 cisione
976 3715 1143 3778 facta
1191 3735 1225 3777 a
1274 3715 1718 3797 complacentia
1767 3715 2021 3797 peccati,
2071 3714 2383 3794 quaelibet
2430 3712 2734 3777 iactantia
2779 3711 2853 3775 de
2893 3730 2958 3775 re
3009 3729 3169 3775 mor-

701 3818 817 3881 tali
850 3821 945 3881 est
977 3817 1250 3882 eiusdem
1275 3818 1515 3901 speciei,
1558 3817 1721 3898 quod
1755 3818 1895 3898 quis
1929 3817 2160 3880 scilicet
2194 3817 2496 3900 glorietur
2533 3816 2595 3878 in
2635 3834 2726 3880 eo.
2762 3812 2931 3895 quod
2965 3813 3168 3878 Deum

702 3920 1038 3984 offenderit.
1076 3919 1166 3983 Cf.
1203 3921 1380 4005 Lugo
1416 3920 1488 3983 de
1521 3919 1773 3982 Pocm't.
1816 3919 1968 4002 disp.
2015 3919 2116 3982 16.
2153 3940 2209 3981 n.
2248 3919 2396 3982 269.

812 4065 917 4116 LV.
941 4065 988 4116 3.
1011 4065 1247 4116 inducens
1272 4062 1321 4116 in
1346 4062 1593 4117 civitatem
1620 4076 1778 4116 novos
1803 4063 1999 4116 habitus
2021 4071 2068 4116 et
2090 4060 2396 4128 praevidens,
2415 4060 2546 4125 quod
2566 4074 2659 4115 suo
2679 4064 2908 4128 exemplo
2927 4060 3163 4114 moralem

702 4148 1039 4202 necessitatem
1078 4147 1281 4214 imponit
1320 4146 1448 4210 aliis,
1477 4154 1530 4202 ut
1568 4154 1790 4213 sumptus
1816 4147 1990 4201 iaciant
2016 4160 2164 4213 supra
2201 4145 2333 4199 vires
2359 4152 2408 4200 et
2439 4153 2606 4213 postea
2646 4160 2742 4199 non
2783 4144 2968 4211 possint
3004 4146 3157 4204 alere,

702 4248 828 4298 quos
864 4236 1039 4287 debent
1080 4237 1157 4287 vel
1197 4232 1525 4287 creditoribus
1562 4248 1657 4287 non
1696 4232 1994 4297 satisfacere,
2022 4239 2190 4299 peccat
2225 4231 2460 4294 graviter.
2492 4231 2674 4284 Baldel.
2705 4231 2736 4282 l.
2765 4246 2809 4284 e.

792 4351 965 4425 7⁰6.
1002 4357 1034 4393 *
1075 4355 1245 4420 Haec
1296 4357 1543 4420 revocat
1589 4355 1663 4418 A.
1705 4354 1782 4417 ad
1822 4355 2175 4419 novitatum
2208 4352 2791 4438 praesumptionem,
2828 4350 2901 4416 de
2945 4370 3068 4433 qua
3101 4350 3162 4413 in

701 4476 857 4539 resp.
896 4459 954 4520 2.
990 4460 1103 4521 sub
1154 4478 1310 4522 vana
1359 4459 1579 4542 gloria.
1614 4455 1729 4521 Sed
1778 4458 1938 4521 ratio
1988 4458 2240 4540 peccati,
2276 4477 2432 4539 quae
2471 4457 2603 4552 h‘eic
2641 4457 2921 4528 notatur,
2972 4455 3069 4519 est
3106 4452 3165 4516 vi

700 4559 909 4622 damni
961 4560 1098 4622 aliis
1150 4560 1329 4623 illati.
1367 4562 1400 4597 *
