3529 5158
726 330 835 386 358
1252 345 1464 386 raac‘r.
1502 344 1592 384 111.
1631 342 1718 382 nm
1754 338 2033 382 nmmos.
2068 338 2267 381 caru-r
2303 338 2367 379 11.
2406 338 2549 381 nun.
2588 337 2654 379 11.
3041 323 3188 399 [357]

728 443 1126 527 obligationis
1158 462 1229 506 ex
1261 440 1642 505 obedientiae
1681 441 1850 510 voto,
1885 435 2166 500 subditos
2196 437 2335 499 tum
2367 434 2708 517 praeceptis
2737 453 2808 499 ac
2839 435 3184 512 sententiiS,

724 548 862 610 tum
895 546 1172 620 313111113,
1208 544 1580 626 ubicumque
1616 544 1926 605 terrarum
1973 538 2335 603 exsistentes
2374 537 2651 622 obligare
2689 539 2987 620 possunt:
3037 538 3187 620 quin

726 647 917 711 etiam
949 646 1193 711 eosdem
1222 647 1287 710 in
1320 645 1519 710 alieno
1558 642 1874 708 territorio
1905 642 2116 718 citare,
2157 640 2685 705 excommunicare
2716 641 2832 705 etc.
2865 641 3189 726 Laymann

726 748 833 813 lib.
873 750 930 811 1.
965 748 1147 812 tract.
1183 748 1244 811 4.
1279 766 1411 830 cap.
1456 748 1560 811 11.
1594 767 1654 809 11.
1691 746 1752 809 2.

816 851 1032 915 Altera
1054 850 1328 932 exceptio
1355 849 1432 913 ad
1457 867 1667 913 omnes
1697 845 2177 911 communitates
2207 844 2590 922 extenditur3
2626 844 3001 928 principium
3023 846 3188 911 enim

728 953 882 1017 illud
918 952 1179 1018 limitari
1225 952 1424 1024 debet,
1465 976 1500 1008 «
1531 950 1650 1015 nisi
1679 951 1985 1013 statutmn
2017 947 2355 1027 praecipue
2390 947 2697 1026 respiciat
2743 967 2877 1011 rem
2907 948 2978 1011 in
3011 949 3191 1011 terri-

729 1056 886 1119 torio
932 1055 1139 1131 sitam,
1188 1053 1284 1118 vel
1328 1054 1528 1133 ipsius
1584 1051 1892 1115 territorii
1942 1048 2320 1115 commodum
2366 1074 2426 1112 ».
2476 1049 2650 1114 Tunc
2698 1050 2865 1115 enim
2912 1051 3189 1136 obligare

727 1158 932 1239 potest
969 1158 1159 1221 etiam
1206 1156 1488 1220 subditos
1537 1155 1839 1219 absentes,
1891 1155 1989 1218 Ita
2038 1173 2094 1216 v.
2129 1171 2224 1236 gr.
2274 1153 2327 1216 si
2365 1154 2683 1217 statutum
2720 1154 2827 1230 sit,
2861 1156 2939 1217 ut
2976 1172 3184 1218 omnes

731 1258 936 1322 clerici
967 1260 1133 1322 certo
1167 1258 1312 1321 anni
1358 1260 1633 1340 tempore
1679 1256 1757 1319 ad
1791 1255 2106 1339 Synodum
2136 1254 2389 1318 veniant
2436 1255 2534 1320 vel
2571 1253 2869 1320 Canonici
2901 1255 2975 1320 ad
3011 1254 3191 1339 Capi·

728 1361 956 1425 tulum.
1006 1359 1126 1439 Qui
1172 1361 1335 1424 enim
1383 1359 1611 1424 alieubi
1655 1378 1780 1424 non
1826 1357 1991 1434 fecit,
2040 1356 2206 1440 quod
2236 1357 2434 1424 facere
2465 1357 2732 1434 deberet,
2772 1361 3058 1424 censetur
3099 1359 3191 1423 ibi

731 1462 1024 1527 adversus
1055 1462 1253 1546 legem
1286 1461 1501 1532 facere,
1552 1461 1659 1525 nbi
1705 1480 1835 1527 esse
1873 1461 2137 1526 deberet.
2169 1462 2377 1542 Atque
2408 1461 2520 1538 ita,
2555 1462 2663 1542 qui
2695 1480 2820 1527 non
2850 1462 3080 1527 residet
3124 1462 3191 1526 in

731 1583 845 1629 3113
876 1565 1148 1641 ecclesia,
1197 1565 1284 1628 ibi
1331 1584 1436 1647 per
1484 1563 1878 1629 omissionem
1909 1583 2157 1647 peccare
2188 1565 2489 1638 censetur,
2530 1565 2680 1628 utut
2727 1565 2814 1628 sit
2861 1565 3080 1629 absens
3126 1564 3193 1628 et

730 1669 902 1731 extra
933 1668 1337 1740 territorium,
1380 1669 1566 1748 atque
1614 1666 1764 1731 adeo
1798 1667 2003 1749 puniri
2036 1668 2260 1749 potest,
2303 1666 2495 1731 etiam
2533 1666 3187 1732 excommunicatione.

732 1767 830 1834 Sic
862 1770 1050 1834 etiam
1082 1769 1253 1834 valet
1297 1770 1612 1833 statutum
1647 1769 1817 1833 iusta
1864 1768 1937 1832 de
1968 1787 2156 1832 causa
2201 1767 2530 1851 prohibens
2559 1767 2798 1845 11100113,
2839 1788 2916 1833 110
2965 1768 3193 1833 adeant

732 1872 997 1936 vicinam
1021 1870 1401 1953 provinciam
1424 1873 1595 1953 peste
1625 1869 1939 1945 infectam,
1967 1872 2081 1935 aut
2107 1889 2183 1934 ne
2216 1872 2536 1934 exerceant
2565 1871 2984 1935 mercaturam
3015 1873 3190 1936 extra

730 1974 1136 2037 territorium.
1185 1974 1267 2037 Et
1312 1974 1399 2037 sic
1445 1975 1581 2038 DD.
1628 1974 1742 2049 1111,
1778 1973 1886 2055 (1111
1916 1972 2149 2044 dicunt,
2189 1991 2312 2038 non
2356 1973 2667 2037 incurrere
2698 1975 3191 2039 excommunica-

730 2076 964 2139 tionem
995 2094 1117 2153 003,
1159 2076 1267 2157 (1111
1297 2076 1732 2161 ingrediuntur
1767 2077 2217 2141 monasterium
2246 2077 2618 2158 exemptum,
2670 2075 2909 2141 addunt
2954 2079 3189 2156 tamen,

730 2178 1426 2244 excommunicationem
1447 2179 1696 2256 incurri,
1724 2180 1777 2244 si
1801 2179 2139 2262 Episcopus
2163 2177 2226 2242 in
2244 2178 2475 2243 bonum
2500 2177 2899 2243 subditorum
2929 2196 3188 2245 suorum

730 2280 793 2344 id
824 2281 1088 2358 statuat,
1123 2302 1180 2346 v.
1207 2303 1300 2366 gr.
1328 2283 1381 2346 31
1414 2303 1450 2347 3
1480 2282 1842 2347 monasterii
1875 2300 2121 2346 30003311
2153 2279 2513 2345 scandalum
2544 2280 2890 2346 timendum
2920 2286 3085 2347 esset
3106 2283 3188 2346 ob

729 2383 1115 2466 disciplinam
1153 2384 1240 2448 ibi
1272 2404 1566 2449 eversam.
1602 2384 1742 2448 Vid.
1779 2382 2023 2448 Silvest.
2061 2383 2136 2447 V.
2170 2382 2750 2447 Excommunicatio
2787 2384 2871 2448 II.
2906 2404 2969 2449 n.
3011 2384 3109 2447 13.

818 2482 992 2556 357.
1044 2485 1103 2550 S.
1143 2487 1516 2569 Alphonsus,
1574 2486 1679 2550 lib.
1735 2487 1792 2549 1.
1842 2506 1900 2550 n.
1955 2487 2101 2550 158.
2158 2486 2275 2551 1100
2320 2485 2457 2551 1000
2514 2485 2703 2550 3113111
2755 2489 3187 2568 quaestionem

731 2590 958 2661 movet,
993 2607 1151 2669 quae
1183 2588 1398 2670 utique
1430 2589 1505 2652 ad
1539 2590 1978 2672 argumentum
2025 2589 2209 2654 huius
2240 2589 2413 2654 dubii
2445 2588 2657 2671 aliquo
2704 2589 2891 2655 modo
2924 2593 3187 2673 spectat.

733 2690 989 2767 Quaerit
1017 2690 1215 2773 igitur
1252 2692 1344 2771 (et
1379 2691 1548 2763 dicit,
1589 2710 1883 2770 mamam
1919 2709 2051 2756 esse
2085 2692 2559 2775 quaestionem),
2596 2710 2675 2756 an
2714 2692 3025 2776 peregrim
3056 2712 3191 2777 pos-

732 2790 857 2854 sint
888 2790 1228 2872 dispensari
1259 2792 1336 2855 ab
1367 2791 1668 2875 Episcopo
1701 2793 1841 2867 1001,
1876 2794 1983 2857 ubi
2021 2797 2185 2871 sunt,
2220 2796 2351 2858 tam
2384 2793 2449 2858 in
2477 2794 2721 2879 legibus
2751 2796 3187 2861 communibus

731 2896 818 2973 (v.
852 2914 944 2977 gr.
978 2893 1211 2967 ieiunii,
1254 2895 1662 2959 abstinentiae
1696 2896 1773 2959 ab
1807 2896 2092 2978 operibus
2125 2896 2448 2961 servilibus
2481 2898 2647 2979 etc),
2689 2916 2879 2978 quam
2924 2897 2991 2962 in
3024 2898 3189 2963 votis

732 3014 803 3059 ac
838 2995 1223 3073 iuramentiS,
1257 2999 1320 3061 et
1351 2997 1580 3071 subdit,
1620 3001 1892 3080 quatuor
1923 2997 1996 3062 de
2026 2999 2143 3062 hac
2173 3017 2238 3062 re
2269 2998 2479 3064 adesse
2510 2999 2867 3064 sententias.

817 3098 923 3162 Nil
946 3099 1194 3174 mirum,
1221 3100 1386 3181 quod
1411 3102 1588 3164 tanta
1615 3101 1698 3164 sit
1729 3101 2046 3176 dissensio,
2081 3101 2326 3182 quando
2358 3121 2434 3166 ne
2465 3102 2529 3164 in
2569 3101 2884 3184 principiis
2916 3103 3188 3185 quidem,

727 3220 759 3264 e
788 3200 1014 3282 quibus
1061 3201 1296 3283 aliquid
1341 3203 1732 3273 concludant.
1776 3204 1911 3267 DD.
1961 3204 2370 3269 consentiant.
2410 3203 2648 3287 Quippe
2685 3205 2751 3267 1⁰
2783 3204 3181 3282 dissentiunt,

730 3323 807 3368 an
853 3304 1210 3387 peregrinus
1265 3306 1550 3372 subditus
1596 3307 1709 3371 fiat
1756 3326 1942 3372 necne
1989 3306 2336 3390 Superioris
2380 3307 2521 3381 loci,
2570 3307 2636 3372 in
2689 3327 2813 3389 (1110
2860 3313 3186 3375 versatur:

730 3409 799 3469 2⁰
828 3424 1044 3468 rursus
1076 3406 1448 3472 dissentiunt
1472 3408 1554 3489 (si
1586 3408 1871 3474 subditus
1905 3409 2025 3473 dici
2055 3428 2178 3474 non
2208 3409 2475 3493 debeat),
2516 3409 2827 3475 undenam
2855 3411 3189 3494 repetenda

730 3506 938 3587 aliqua
979 3508 1253 3586 potestas
1288 3508 1364 3572 ad
1396 3511 1748 3593 peregrinos
1796 3511 1938 3576 illos
1986 3510 2445 3594 dispensandos.
2485 3510 2542 3575 N
2548 3530 2614 3576 os
2651 3512 2836 3577 modo
2875 3514 2975 3578 his
3007 3534 3192 3597 quae-

728 3609 1035 3673 stionibus
1067 3609 1385 3675 immorari
1432 3632 1551 3676 non
1600 3613 1911 3687 debemus,
1961 3634 2105 3679 nam
2136 3615 2209 3680 de
2246 3615 2447 3697 prima
2484 3615 2708 3681 harum
2738 3618 3182 3697 quaestionum

729 3729 870 3776 mox
902 3712 1324 3795 disputabitur
1339 3714 1401 3777 in
1427 3714 1611 3780 dubio
1647 3717 1920 3799 proxime
1944 3717 2251 3799 sequenti:
2279 3717 2352 3782 de
2378 3718 2575 3782 altera
2608 3737 2751 3783 vero
2784 3737 2987 3785 sermo
3020 3720 3185 3785 redit

729 3814 790 3878 in
823 3814 1123 3879 Tractatu
1155 3815 1227 3879 de
1260 3816 1668 3891 Poenitentia,
1720 3819 1826 3883 ubi
1873 3819 2210 3900 quaeritur,
2245 3819 2552 3885 undenam
2584 3820 2857 3902 profluat
2902 3823 3185 3903 potestas

729 3917 1083 3982 absolvendi
1113 3920 1465 4002 peregrinos
1514 3920 1591 3984 ab
1639 3921 1905 4003 peccatis
1952 3922 2080 3985 sive
2127 3923 2456 3986 reservatis
2504 3922 2634 3987 sive
2675 3941 2797 3987 non
2829 3926 3184 3989 reservatis,

731 4019 864 4084 Hoc
909 4021 1085 4085 unice
1133 4021 1542 4097 advertemus,
1593 4024 1692 4086 tot
1738 4042 1810 4087 ac
1857 4024 1990 4087 tam
2035 4024 2251 4107 gravia
2297 4023 2486 4088 dubia
2537 4023 2604 4087 in
2658 4025 2774 4088 hac
2822 4027 3190 4106 quaestione

731 4122 938 4203 palam
968 4123 1183 4193 facere,
1218 4123 1562 4189 defensores
1610 4144 1804 4190 novae
1840 4125 2152 4191 doctrinae
2190 4126 2350 4190 circa
2389 4126 2796 4191 absolvendos
2826 4129 3189 4213 peregrinos

731 4245 766 4288 a
789 4226 1116 4289 reservatis
1141 4226 1318 4291 facile
1346 4228 1444 4291 sui
1468 4246 1736 4309 suaeque
1762 4228 2037 4294 theoriae
2065 4229 2345 4294 oblivisci
2370 4249 2479 4294 nec
2510 4230 2665 4294 satis
2689 4230 3013 4297 cohaerere
3044 4232 3189 4303 sibi.

730 4345 802 4390 ac
849 4327 1166 4409 principia,
1224 4329 1449 4410 quibus
1503 4330 1875 4405 innituntur,
1924 4350 2044 4396 non
2099 4331 2433 4397 admodum
2486 4332 2666 4396 firma
2705 4349 2883 4414 posse
2930 4336 3192 4400 censeri.

728 4429 984 4493 Interim
1031 4430 1178 4511 quid
1217 4451 1325 4513 pro
1365 4432 1535 4513 praxi
1583 4432 1835 4497 extundi
1883 4434 2081 4515 possit
2127 4452 2197 4498 ex
2244 4434 2409 4498 hisce
2455 4435 2799 4511 sententiiS,
2850 4436 3067 4518 paucis
3100 4437 3195 4501 in·

731 4531 1093 4596 dicabimus.
