3529 5158
729 388 839 442 480
1123 401 1335 441 macr.
1378 400 1458 439 iv.
1498 399 1583 437 1213
1623 395 1929 436 Pacem-rs.
1969 393 2167 434 CAPUT
2205 396 2239 434 1.
2280 393 2422 434 nun.
2463 393 2528 434 11.
2568 394 2705 432 Am.
2743 393 2782 433 1.
3057 378 3196 453 [516]

1736 633 2098 693 Aarrcurus
2147 630 2194 692 Ι.

1262 789 1457 869 Quale
1494 791 1822 868 peccatum
1869 788 1957 850 sit
1999 786 2376 850 desiderium
2419 785 2674 848 malum.

840 991 970 1042 Vm.
997 991 1144 1054 Resp.
1174 991 1215 1040 Ι.
1245 986 1555 1041 Desidet-ium
1582 987 1880 1048 absolutum,
1908 984 2015 1038 sive
2050 983 2282 1048 cogitatio
2322 998 2432 1038 cum
2475 986 2726 1037 voluntate
2752 984 3090 1039 consentiente
3115 989 3200 1040 ab·

731 1077 889 1126 solute
911 1073 960 1126 in
982 1080 1233 1140 peccatum
1260 1071 1521 1137 aliquando
1548 1072 1944 1138 perpetrandum,
1965 1069 2116 1123 autin
2138 1077 2420 1135 perpetrato
2440 1070 2789 1136 complacente,
2817 1073 2968 1123 habet
2992 1073 3198 1125 eandem

731 1157 942 1224 speciem
971 1172 1027 1210 ac
1052 1156 1282 1210 malitiam
1311 1156 1500 1222 peccati
1526 1158 1780 1209 mortalem
1809 1156 1888 1207 vel
1917 1153 2172 1216 venialem,
2199 1169 2343 1219 quam
2372 1157 2519 1208 habet
2545 1159 2683 1207 actus
2709 1154 2946 1220 exterior,
2975 1155 3026 1208 in
3053 1171 3197 1221 quem

732 1246 1000 1296 ierturAEst
1018 1241 1288 1296 communis
1312 1250 1360 1294 01
1387 1248 1578 1294 constat
1600 1255 1659 1293 ex
1683 1242 1856 1293 matth.
1885 1240 1933 1292 5.
1957 1241 2038 1292 28.
2066 1238 2174 1306 Qui
2199 1237 2405 1293 viderit
2428 1245 2522 1293 etc.
2547 1239 2688 1292 Ratio
2709 1247 2798 1303 est,
2823 1239 2938 1305 quia
2963 1247 3104 1294 actus
3127 1241 3196 1294 iu-

732 1327 884 1381 terior
910 1331 1056 1380 habet
1082 1343 1217 1380 suam
1246 1326 1512 1381 bonitatem
1542 1333 1590 1380 et
1616 1324 1849 1378 malitiam
1879 1328 1938 1376 ab
1971 1333 2081 1378 actu
2109 1332 2330 1387 extern0‚
2359 1330 2586 1389 tanquam
2613 1324 2825 1377 obiecto·
2855 1328 2924 1378 [ta
2951 1341 3196 1379 commun.

819 1485 972 1559 516.
999 1490 1237 1553 Auctor
1257 1489 1635 1552 mentionem
1659 1486 1860 1550 iniicit
1883 1486 2075 1549 etiam
2107 1485 2454 1549 voluntatis
2477 1484 2915 1564 complacentia
2941 1487 3014 1548 in
3037 1486 3200 1549 nmlo

729 1592 859 1654 iam
888 1594 1252 1671 perpetrato
1270 1612 1293 1668 ,·
1325 1590 1490 1672 quod
1523 1609 1645 1655 non
1685 1589 1954 1671 pertinet
2001 1586 2077 1651 ad
2116 1586 2509 1664 desiderium,
2543 1586 2648 1651 sed
2680 1587 2892 1669 potius
2925 1587 3006 1650 ad
3038 1588 3201 1653 dele-

727 1695 1083 1759 ctationem.
1134 1692 1250 1758 Sed
1297 1694 1500 1775 reipsa
1550 1693 1649 1755 hic
1696 1694 1873 1754 actus
1921 1709 2042 1754 non
2091 1688 2517 1754 consideratur
2563 1689 2678 1752 hoc
2723 1689 2862 1754 loco
2895 1692 3196 1772 tanquam

729 1797 895 1862 dicat
942 1798 1349 1880 voluptatem,
1399 1794 1893 1866 delectationem,
1943 1792 2326 1857 dulcedinem
2373 1791 2666 1855 haustam
2720 1811 2791 1856 ex
2848 1793 3200 1858 considera-

728 1900 895 1963 tione
928 1900 1151 1965 obiecti
1189 1899 1342 1962 mali
1378 1897 1659 1981 cogitati,
1704 1896 1810 1960 sed
1840 1895 2052 1978 potius
2089 1894 2437 1977 concipitur
2466 1914 2577 1958 ceu
2616 1895 2987 1977 approbatio
3020 1916 3200 1978 quae·

728 2001 893 2074 dam,
940 2021 1065 2083 qua
1120 2001 1410 2064 voluntas
1458 1999 1883 2082 perpetratum
1929 1997 2168 2061 malum
2221 1998 2476 2081 gratum
2523 1997 2588 2059 et
2633 1998 2956 2079 acceptum
3015 1999 3197 2064 habet

727 2103 879 2185 (vid.
919 2103 1102 2167 Azor.
1153 2104 1302 2167 tom.
1348 2104 1406 2165 1.
1445 2102 1553 2165 lib.
1596 2102 1656 2165 4.
1697 2120 1830 2183 cap.
1874 2100 1933 2163 6.
1970 2120 2027 2181 q.
2073 2099 2130 2162 1.
2172 2119 2313 2183 pag.
2365 2100 2581 2182 320.);
2622 2119 2780 2181 quae
2826 2101 3196 2183 approbatio

727 2205 848 2268 dici
893 2206 1101 2288 potest
1146 2206 1338 2270 etiam
1374 2204 1676 2288 gaudium
1723 2221 1795 2266 eo
1844 2221 2047 2278 sensu,
2081 2219 2205 2283 quo
2242 2200 2382 2282 quis
2430 2201 2503 2264 de
2548 2201 2716 2266 malo
2763 2202 2953 2279 facte,
2989 2203 3198 2286 potius

725 2326 915 2390 quam
960 2307 1342 2391 poenitentia
1387 2306 1670 2381 ducatur,
1720 2303 1972 2389 gaudet.

811 2411 1142 2475 Rationem
1175 2410 1592 2493 responsionis
1628 2407 1801 2472 addit
1834 2407 2090 2481 Auctor,
2126 2407 2292 2487 quod
2323 2410 2502 2470 act-us
2532 2408 2800 2471 interior
2828 2412 3044 2472 sunmt
3069 2430 3197 2488 spe·

726 2513 881 2577 ciem
922 2513 1003 2576 ab
1049 2517 1195 2576 actu
1240 2516 1495 2601 externo
1548 2510 1711 2574 velut
1751 2509 1832 2572 ab
1880 2510 2126 2573 obiecto,
2163 2509 2467 2574 Videlicet
2512 2510 2602 2574 ita
2648 2510 2880 2576 Oviedo
2917 2512 2982 2576 in
3035 2515 3093 2576 1.
3134 2515 3192 2576 2.

727 2617 806 2681 tr.
835 2617 895 2680 6.
923 2619 1119 2681 contr.
1147 2619 1207 2679 4.
1240 2638 1296 2699 p.
1329 2617 1386 2678 1.
1413 2636 1472 2678 11.
1504 2616 1561 2676 1.
1597 2639 1631 2672 «
1655 2614 1930 2678 Affectus
1962 2614 2177 2677 efficax
2215 2632 2286 2678 eo
2321 2613 2537 2691 tendit,
2580 2615 2652 2678 ut
2690 2615 3003 2679 obiectum
3036 2636 3196 2681 exse-

728 2721 961 2801 quatur
1005 2718 1283 2800 illudque
1321 2718 1571 2781 realiter
1619 2717 1917 2781 exsistens
1954 2716 2362 2781 constituat...
2398 2716 2485 2781 Ex
2523 2736 2595 2782 eo
2644 2718 2876 2795 autem,
2910 2719 3079 2800 quod
3112 2720 3193 2784 sic

728 2821 946 2885 tendat
982 2822 1045 2883 in
1077 2820 1251 2897 illud,
1289 2820 1644 2883 virtualiter
1678 2819 1876 2883 tendit
1905 2820 1970 2883 in
2002 2839 2074 2883 ea
2108 2819 2334 2897 omnia,
2369 2821 2508 2884 tum
2540 2839 2699 2902 quae
2736 2820 2814 2883 ad
2845 2820 3005 2883 illud
3038 2822 3195 2887 obie-

727 2924 900 2987 ctum
946 2922 1286 2988 necessario
1335 2922 1903 3005 praerequiruntur‚
1937 2925 2075 2986 tum
2113 2941 2272 3004 quae
2317 2923 2523 3005 ipsum
2569 2923 3067 3006 inseparabiliter
3096 2944 3196 2989 co-

726 3024 1054 3101 mitantur,
1082 3025 1218 3088 tum
1251 3023 1511 3105 denique
1550 3042 1707 3104 quae
1740 3043 1811 3087 ex
1843 3024 1978 3106 ipso
2013 3025 2349 3088 necessarie
2380 3024 2749 3090 inferuntur.
2784 3026 2959 3091 Haec
2990 3031 3195 3093 omnia

724 3146 930 3191 secum
971 3126 1150 3191 affert
1185 3126 1537 3209 praedictus
1572 3126 1865 3201 affectus;
1907 3126 2052 3207 quia
2092 3146 2233 3190 cum
2267 3146 2338 3190 ex
2369 3128 2596 3191 natura
2627 3147 2742 3191 sua
2778 3130 3197 3215 coniungatur

723 3248 866 3293 cum
891 3229 1248 3294 exsistentia
1275 3229 1518 3305 obiecti,
1545 3229 1949 3311 coniungitur
1971 3229 2311 3293 necessario
2338 3249 2479 3294 cum
2506 3231 2792 3295 omnibus
2807 3232 2928 3315 ipsi
2951 3232 3191 3297 obiecto

723 3333 1060 3396 necessarie
1091 3332 1375 3396 connexis
1402 3358 1463 3393 ».

815 3429 968 3503 517.
1018 3434 1174 3499 Rem
1221 3435 1309 3497 sic
1354 3434 1636 3497 illustrat
1681 3434 1847 3497 Azor
1894 3434 2043 3497 tom.
2085 3435 2141 3496 1.
2178 3434 2285 3497 lib.
2320 3437 2380 3498 4.
2416 3454 2546 3517 cap.
2585 3436 2645 3499 6.
2680 3456 2739 3518 q.
2776 3438 2837 3500 3.
2874 3435 2940 3502 Si
2987 3439 3193 3503 Titius

722 3554 853 3599 rem
900 3535 1127 3599 habeat
1173 3554 1315 3599 cum
1362 3555 1548 3599 uxore
1589 3536 1791 3599 aliena
1830 3535 1927 3599 vel
1966 3555 2107 3598 cum
2153 3537 2610 3620 consanguinea
2648 3539 2748 3602 vel
2783 3559 2926 3603 cum
2960 3540 3193 3605 femina

724 3637 853 3700 Deo
901 3654 1095 3713 sacra,
1147 3636 1522 3701 adulterium
1571 3638 1667 3701 vel
1706 3638 2012 3702 incestum
2061 3638 2157 3701 vel
2206 3639 2599 3723 sacrilegium
2647 3642 2993 3707 committit
3021 3650 3086 3709 et
3118 3644 3192 3708 ad

722 3739 838 3803 hoc
882 3739 1036 3803 satis
1084 3740 1196 3813 est,
1247 3740 1297 3804 si
1347 3741 1532 3813 norit,
1568 3740 1865 3803 feminam
1905 3759 2033 3804 esse
2074 3740 2340 3805 alienam
2381 3741 2478 3805 vel
2526 3744 2938 3827 propinquam
2973 3747 3074 3811 vel
3104 3766 3193 3811 sa·

720 3861 907 3919 cram,
958 3843 1203 3907 etiamsi
1249 3843 1463 3911 nollet.
1516 3861 1647 3906 esse
1696 3842 1962 3906 alienam
2011 3844 2109 3907 vel
2157 3844 2568 3927 propinquam
2617 3846 2715 3911 vel
2762 3866 3037 3925 sacram;
3089 3851 3194 3915 hu-

718 3946 983 4012 iusmodi
1019 3946 1181 4011 enim
1214 3946 1723 4010 circumstantiae
1748 3965 1890 4009 cum
1917 3946 2127 4010 sintin
2155 3945 2288 4029 ipso
2325 3965 2523 4029 opere,
2559 3950 2831 4031 separari
2855 3951 2922 4013 et
2951 3953 3192 4037 seiungi

712 4069 776 4113 re
807 4050 941 4132 ipsa
972 4051 1285 4131 nequeunt
1336 4067 1405 4112 ae
1461 4047 1714 4130 proinde
1748 4047 1826 4112 ad
1859 4048 2152 4131 speciales
2183 4049 2326 4113 illas
2371 4048 2655 4114 luxuriae
2685 4050 3042 4127 foeditates,
3075 4056 3193 4119 suf-

710 4151 840 4215 ficit
870 4170 1085 4215 earum
1116 4151 1363 4227 notitia,
1407 4171 1477 4214 ex
1518 4169 1642 4232 qua
1674 4150 1768 4227 fit,
1804 4152 1877 4213 ut
1916 4150 2120 4215 Titius
2153 4152 2269 4216 hoc
2305 4152 2440 4235 ipso
2474 4152 2640 4233 quod
2688 4155 2826 4218 vult
2857 4160 2923 4219 et
2956 4159 3192 4240 appetit

711 4273 885 4336 opuS,
921 4254 1073 4317 velit
1118 4254 1309 4317 etiam
1357 4252 1665 4317 eiusmodi
1704 4253 2232 4319 circumstantias.
2273 4255 2419 4318 Pari
2450 4255 2635 4320 modo
2684 4256 2739 4319 si
2782 4256 2948 4321 idem
2991 4258 3193 4323 Titius

716 4354 868 4418 velit
898 4356 961 4418 et
994 4356 1167 4437 optet
1200 4374 1329 4418 rem
1368 4355 1591 4418 habere
1630 4374 1772 4418 cum
1821 4354 2087 4433 feminiS‚
2125 4374 2279 4436 quas
2326 4356 2659 4437 praedictis
2707 4358 3194 4423 circumstantiis

713 4456 964 4520 affectas
1011 4458 1146 4530 scit,
1198 4458 1337 4521 tota
1409 4458 1542 4521 eius
1606 4457 1915 4540 cupiditas
1975 4460 2069 4523 est
2127 4458 2436 4536 adulterii,
2496 4459 2786 4538 incestus,
2847 4461 3192 4546 sacrilegii:

720 4559 865 4640 quia
913 4558 1219 4642 cupiditas
1267 4561 1363 4622 est
1409 4578 1791 4644 progressus,
1828 4564 2059 4637 motus,
2110 4562 2422 4627 tendentia
2474 4562 2550 4626 ad
2596 4562 2758 4627 idem
2806 4563 2966 4628 illud
3016 4584 3189 4648 opus.
