3529 5158
703 361 890 402 mvl
1574 358 1788 400 aluums
1824 357 2291 402 CHRONOLOGICA

794 463 900 520 32.
925 461 1063 519 Nec
1081 464 1239 520 ante
1263 475 1386 518 nec
1414 465 1571 533 post
1603 457 2147 519 Communionem
2178 460 2312 519 alia
2339 458 2707 535 requiritur
2738 459 3160 533 praeparatio

704 554 825 610 aut
870 549 1231 626 gratiarum
1281 548 1455 608 actio
1504 548 1647 623 (pro
1692 547 1846 607 istis
1890 548 2240 609 animabus
2287 547 2614 624 internis),
2656 564 2858 622 quam
2904 563 3160 621 perma-

706 639 938 699 nentia
981 638 1052 697 in
1089 635 1303 696 solida
1332 636 1783 712 resignatione
1816 637 2109 713 passiva3
2147 639 2309 714 quia
2346 638 2539 697 modo
2575 635 2969 711 perfectiore
3002 652 3160 712 sup-

705 729 848 804 plet
892 742 1118 788 omnes
1163 729 1355 786 actus
1384 726 1737 803 virtutum,
1773 725 1891 800 qui
1922 731 2208 800 possunt
2248 733 2318 788 et
2348 728 2522 787 fiunt
2549 726 2620 784 in
2653 725 2768 786 via
2798 725 3156 786 ordinaria.

705 818 797 877 Et
840 816 895 875 si
929 816 1055 875 hac
1084 814 1427 875 occasione
1466 814 1968 875 communionis
1998 815 2365 893 insurgunt
2392 819 2613 876 motus
2646 814 3154 892 humiliationis,

704 904 1051 982 petitionis
1096 908 1217 965 aut
1262 904 1628 979 gratiarum
1676 903 1980 981 actionis,
2029 904 2433 980 reprimendi
2483 906 2664 981 sunt,
2712 904 2978 978 quoties
3023 920 3158 964 non

703 995 1156 1072 dignoscatur,
1191 1009 1304 1053 eos
1336 1009 1482 1053 0880
1513 1010 1595 1053 ex
1630 993 1922 1067 impulsu
1955 994 2225 1067 speciali
2263 993 2420 1055 Dei:
2446 993 2611 1053 alias
2643 995 2802 1053 sunt
2826 992 3157 1068 impulsus

706 1089 986 1144 naturae
1018 1082 1310 1142 nondum
1355 1086 1673 1142 mortuae.

794 1175 900 1233 33.
936 1173 1114 1231 Male
1158 1171 1302 1247 agit
1346 1171 1588 1246 anima,
1629 1187 1802 1246 quae
1848 1171 2151 1246 procedit
2193 1187 2314 1246 per
2357 1172 2532 1231 hanc
2578 1172 2756 1231 viam
2806 1171 3155 1247 internam,

705 1264 761 1324 si
812 1262 882 1321 in
928 1260 1166 1321 diebus
1204 1260 1639 1321 sollemnibus
1685 1260 1836 1319 vult
1880 1260 2108 1335 aliquo
2138 1264 2383 1321 conatu
2429 1260 2818 1335 particulari
2867 1260 3159 1320 excitare

703 1353 774 1412 in
825 1367 895 1410 se
942 1350 1257 1410 devotum
1292 1349 1583 1424 aliquem
1623 1364 1918 1425 seusum;
1955 1350 2271 1424 quoniam
2302 1349 2563 1409 animae
2594 1349 2901 1410 internae
2931 1366 3162 1409 omnes

703 1441 847 1502 dies
884 1442 1048 1499 sunt
1081 1438 1410 1515 aequales,
1446 1454 1674 1497 omnes
1713 1437 1962 1499 festivi.
1999 1439 2090 1499 Et
2119 1438 2297 1500 idem
2343 1437 2591 1498 dicitur
2621 1438 2706 1497 de
2736 1438 2899 1499 locis
2931 1438 3156 1517 sacris,

703 1530 864 1606 quia
908 1526 1292 1587 huiusmodi
1339 1526 1690 1587 animabus
1734 1526 1960 1587 omnia
2006 1529 2151 1588 loca
2195 1528 2503 1602 aequalia
2546 1531 2726 1588 sunt.

793 1621 901 1678 34.
938 1615 1180 1677 Verbis
1225 1618 1295 1676 et
1339 1615 1574 1690 lingua
1618 1615 1873 1692 gratias
1903 1633 2102 1692 agere
2149 1619 2313 1691 Deo,
2347 1632 2481 1675 non
2513 1620 2619 1676 est
2659 1633 2778 1690 pro
2807 1616 3161 1676 animabus

704 1707 1007 1783 internis,
1040 1721 1213 1780 quae
1250 1704 1323 1765 in
1355 1704 1625 1765 silentio
1657 1721 1923 1765 manere
1956 1704 2224 1783 debent,
2261 1705 2519 1764 nullum
2552 1705 2697 1764 Deo
2727 1703 3161 1779 impedimen-

703 1804 848 1860 tum
895 1793 1293 1871 apponendo
1340 1794 1519 1870 quod
1567 1797 1881 1869 operetur
1912 1794 1981 1853 in
2016 1795 2152 1856 illis
2185 1797 2254 1855 et
2284 1811 2417 1869 quo
2464 1793 2677 1869 magis
2719 1794 2862 1853 Deo
2896 1810 2967 1854 se
2996 1792 3160 1855 resi-

705 1888 939 1965 gnant,
973 1884 1411 1958 experiuntur
1443 1899 1513 1943 se
1546 1900 1679 1942 non
1727 1900 1923 1957 posse
1969 1884 2332 1944 orationem
2367 1883 2759 1942 dominicam
2806 1899 2925 1942 seu
2957 1884 3161 1943 Pater

705 1980 933 2036 noster
978 1973 1278 2032 recitare.

795 2065 900 2123 35.
936 2063 1083 2122 Non
1133 2061 1452 2121 convenit
1496 2061 1851 2121 animabus
1883 2062 2084 2121 huius
2124 2062 2274 2121 viae
2320 2062 2644 2139 internae,
2680 2062 2860 2136 quod
2908 2060 3162 2121 faciant

704 2150 1127 2231 operationes
1171 2149 1372 2209 etiam
1419 2149 1757 2211 virtuosas
1814 2167 1895 2209 ex
1949 2151 2221 2225 propria
2273 2151 2598 2211 electione
2648 2153 2719 2210 et
2763 2151 3156 2227 activitate3

704 2244 869 2304 alias
915 2256 1049 2300 non
1098 2243 1327 2299 esseut
1372 2242 1691 2299 mortuae.
1725 2240 1866 2299 Nec
1911 2238 2162 2299 debent
2206 2241 2444 2300 elicere
2483 2243 2675 2299 actus
2712 2240 2957 2300 amoris
3002 2256 3163 2315 erga

705 2334 970 2394 beatam
1013 2329 1378 2405 Virginem,
1419 2332 1685 2389 sanctos
1731 2332 1850 2389 aut
1893 2329 2394 2389 Humanitatem
2448 2328 2732 2406 Christi3
2784 2330 2962 2407 quia,
3012 2346 3161 2389 cum

705 2424 839 2484 ista
883 2419 1145 2480 obiecta
1190 2417 1533 2479 sensibilia
1577 2418 1734 2493 siut,
1769 2418 1927 2478 talis
1974 2421 2079 2478 est
2123 2436 2306 2479 amor
2351 2434 2511 2493 erga
2555 2418 2689 2478 illa.

795 2513 902 2572 36.
941 2509 1146 2568 Nulla
1175 2512 1479 2568 creatura
1509 2524 1632 2566 nec
1662 2508 1862 2568 beata
1893 2507 2105 2582 Virgo
2142 2525 2266 2568 nec
2297 2507 2508 2568 sancti
2550 2507 2779 2567 sedere
2811 2506 3060 2567 debent
3089 2506 3163 2566 in

707 2606 937 2662 nostro
983 2598 1210 2675 corde;
1245 2598 1404 2672 quia
1448 2597 1630 2657 solus
1680 2598 1866 2658 Deus
1911 2600 2065 2657 vult
2100 2598 2271 2658 illud
2317 2614 2638 2672 occupare
2685 2601 2755 2657 et
2805 2597 3160 2672 possidere.

797 2692 903 2750 37.
954 2688 1036 2746 In
1094 2686 1505 2746 occasionem
1552 2686 2004 2747 tentationum
2053 2687 2254 2746 etiam
2310 2687 2734 2765 furiosarum,
2785 2704 2916 2745 uon
2964 2687 3166 2747 debet

705 2779 929 2840 anima
959 2775 1197 2835 elicere
1235 2778 1426 2835 actus
1458 2775 1811 2850 explicitos
1843 2775 2172 2836 virtutum
2208 2775 2684 2852 oppositarum,
2712 2775 2828 2835 sed
2854 2775 3055 2836 debet
3090 2775 3162 2834 in

707 2866 1091 2943 supradicto
1136 2880 1358 2924 amore
1403 2868 1473 2924 et
1519 2864 1970 2940 resignatione
2017 2881 2424 2940 permanere.

797 2959 903 3016 38.
932 2956 1114 3016 Crux
1145 2953 1529 3013 voluntaria
1558 2954 2142 3014 mortificationum
2174 2954 2436 3029 pondus
2468 2971 2675 3029 grave
2708 2957 2813 3014 est
2845 2958 2915 3012 et
2950 2951 3163 3013 infru·

707 3048 1013 3106 ctuosum
1060 3043 1344 3117 ideoque
1389 3041 1810 3102 dimittenda.

798 3136 903 3196 39.
937 3132 1283 3194 Sanctiora
1313 3148 1516 3206 opera
1538 3137 1607 3190 et
1638 3132 2110 3208 poenitentiae,
2133 3149 2300 3206 quas
2323 3135 2730 3206 peregerunt
2760 3131 2994 3210 sancti,
3031 3147 3165 3191 non

706 3224 1049 3287 sufficiunt
1076 3221 1161 3282 ad
1199 3220 1668 3281 removendam
1701 3222 1788 3280 ab
1819 3221 2041 3280 anima
2079 3221 2185 3280 vel
2218 3221 2481 3281 unicam
2514 3221 3002 3282 adhaesionem.

799 3318 902 3375 40.
931 3315 1143 3372 Beata
1168 3311 1379 3386 Virgo
1407 3311 1665 3369 nullum
1698 3328 1993 3385 unquam
2029 3327 2198 3384 opus
2228 3310 2523 3370 exterius
2556 3310 2816 3385 peregit
2839 3313 2910 3370 et
2937 3312 3166 3370 tamen

706 3404 841 3463 fuit
872 3402 1121 3462 sanctis
1144 3401 1455 3459 omuibus
1493 3400 1804 3459 sanctior.
1833 3400 2055 3474 Igitur
2086 3400 2170 3459 ad
2219 3399 2644 3460 sanctitatem
2677 3399 3015 3473 perveniri
3049 3417 3169 3475 po-

704 3496 842 3552 test
877 3491 1129 3564 absque
1167 3504 1366 3561 opere
1398 3488 1732 3547 exteriori.

800 3583 905 3639 41.
955 3579 1142 3637 Deus
1187 3576 1520 3650 permittit
1566 3583 1634 3635 et
1680 3577 1849 3648 vult,
1899 3577 1983 3636 ad
2030 3595 2151 3637 nos
2198 3577 2647 3639 humiliandos
2694 3583 2762 3638 et
2807 3578 2892 3638 ad
2940 3594 3168 3638 veram

706 3666 1364 3728 transformationem
1412 3664 1888 3740 perducendos,
1924 3665 2101 3740 quod
2151 3667 2220 3724 111
2253 3666 2595 3741 aliquibus
2637 3667 2988 3728 animabus
3018 3683 3167 3741 per-

707 3757 921 3836 fectis,
946 3756 1149 3816 etiam
1176 3771 1306 3815 nou
1334 3754 1720 3832 arreptitiis,
1748 3755 2027 3814 daemon
2067 3755 2452 3815 violentiam
2481 3756 2731 3817 inferat
2767 3773 2992 3817 earum
3024 3772 3167 3816 cor-

706 3847 981 3922 poribus
1013 3860 1258 3919 easque
1305 3847 1496 3903 actus
1543 3843 1843 3904 carnales
1875 3845 2288 3905 committere
2321 3845 2541 3923 saciat,
2576 3850 2779 3906 etiam
2827 3847 2897 3905 iu
2932 3844 3170 3920 vigilia

707 3940 777 3997 et
823 3936 967 3997 sine
1013 3933 1259 3994 mentis
1306 3933 1739 3993 offuscatione
1788 3934 2117 3994 movendo
2165 3935 2440 4011 physice
2496 3935 2762 3995 illarum
2812 3951 3050 3995 manus
3097 3938 3168 3994 et

707 4025 839 4085 alia
884 4024 1177 4084 membra
1222 4026 1456 4082 contra
1501 4039 1726 4083 earum
1783 4023 2224 4083 voluntatem.
2273 4025 2363 4083 Et
2407 4025 2584 4084 idem
2640 4025 2891 4085 dicitur
2945 4024 3169 4099 quoad

706 4114 873 4174 alios
908 4118 1098 4173 actus
1145 4129 1265 4187 per
1312 4128 1382 4172 se
1430 4113 1948 4186 peccaminosos:
1991 4113 2060 4172 111
2095 4130 2228 4188 quo
2266 4130 2423 4172 casu
2471 4130 2603 4173 non
2654 4120 2814 4174 suut
2861 4118 3164 4188 peccam

707 4202 867 4278 quia
911 4202 1018 4261 his
1066 4218 1197 4261 uon
1245 4202 1437 4261 adest
1483 4218 1867 4261 cousensus.

799 4293 902 4350 42.
946 4291 1177 4349 Potest
1208 4290 1351 4349 dari
1391 4307 1601 4366 casus,
1638 4291 1815 4365 quod
1849 4290 2230 4350 huiusmodi
2271 4290 2642 4370 violentiae,
2679 4292 2764 4351 ad
2802 4298 2991 4353 actus
3022 4309 3165 4352 car·

706 4381 891 4440 nales
938 4380 1337 4454 contingant
1389 4379 1619 4439 eodem
1665 4385 1963 4454 tempore
2010 4395 2094 4437 ex
2149 4383 2338 4453 parte
2390 4380 2676 4440 duarum
2731 4398 3166 4456 personarum

703 4469 958 4530 scilicet
1005 4469 1205 4528 maris
1252 4473 1320 4527 et
1368 4467 1671 4544 feminae,
1708 4472 1780 4528 et
1816 4483 1898 4526 ex
1946 4472 2134 4542 parte
2184 4468 2536 4544 utriusque
2582 4475 2905 4544 sequatur
2950 4474 3164 4531 actus.

796 4560 900 4618 43.
928 4559 1113 4618 Deus
1144 4556 1523 4633 praeteritis
1556 4557 1798 4617 seculis
1831 4561 2095 4616 sanctos
2131 4557 2459 4618 efficiebat
2496 4567 2934 4635 tyrannorum
2970 4558 3167 4619 mini-
