3529 5158
666 352 779 406 668
1491 362 1802 405 aremii:
1840 363 1880 402 1.
1918 359 2317 402 mesum-arro

669 462 1132 546 probabilitatis
1156 461 1407 546 graduS,
1433 460 1729 526 nimirum
1753 462 1826 524 ut
1859 460 1982 524 alia
2015 459 2098 524 sit
2121 456 2478 541 probabilia,
2503 475 2663 538 quae
2686 455 2866 539 gravi
2889 455 3127 520 motivo

668 565 982 639 innititur,
1017 565 1139 631 alia
1164 563 1541 648 probabilior
1579 582 1736 645 quae
1760 562 1988 627 nititur
2013 562 2252 627 motivo
2285 559 2579 644 graviori,
2615 558 2739 623 alia
2769 557 3128 641 probabilis-

669 668 848 743 sima,
891 687 1050 750 quae
1081 666 1453 752 gravissimo
1486 665 1711 731 nititur
1748 665 2006 740 motivo,
2047 664 2172 727 alia
2203 663 2451 728 demum
2482 661 2807 726 moraliter
2836 662 3021 724 certa.

761 769 920 835 Cum
949 771 1163 853 itaque
1210 791 1259 836 s.
1309 771 1544 835 Doctor
1573 768 1715 833 hinc
1752 767 2000 850 quidem
2039 766 2484 850 obligationem
2521 763 2815 847 sequendi
2851 761 3129 847 probabi·

669 872 887 937 liorem
921 892 1032 957 pro
1065 873 1201 957 lege
1239 874 1387 937 tunc
1418 872 1625 936 solum
1663 870 1873 935 adesse
1903 869 2141 945 doceat,
2189 867 2436 950 quando
2473 867 2682 950 opinio
2720 886 2831 951 pro
2868 867 3003 951 lege
3033 868 3128 931 est

670 978 834 1039 certe
858 977 923 1039 et
938 974 1300 1040 notabiliter
1315 973 1711 1057 probabilior,
1732 973 1893 1037 idest
1907 971 2153 1054 quando
2178 989 2288 1054 pro
2313 990 2386 1034 ea
2409 970 2676 1035 habetur
2692 972 3128 1054 argumentum

675 1078 767 1141 ita
814 1077 1201 1153 convincens,
1251 1079 1324 1141 ut
1371 1076 1579 1159 opinio
1627 1094 1816 1159 prope
1860 1074 2181 1139 moraliter
2218 1075 2385 1138 certa
2416 1072 2640 1137 evadat
2669 1072 2943 1154 itemque
2984 1091 3128 1136 cum

667 1200 719 1243 s.
755 1181 989 1244 Doctor
1036 1179 1220 1243 verba
1267 1179 1491 1262 urgeat
1535 1177 1787 1242 Eusebii
1821 1176 2065 1253 Amort,
2098 1173 2424 1238 moraliter
2467 1176 2704 1239 certum
2732 1193 2882 1250 esse,
2929 1174 3129 1257 legem

676 1282 1059 1367 obligantem
1105 1300 1227 1345 non
1274 1280 1583 1357 exsistere,
1632 1280 1740 1344 ubi
1790 1279 1994 1361 opinio
2027 1296 2137 1362 pro
2168 1278 2306 1362 1636
2336 1276 2649 1342 evidenter
2680 1279 2744 1340 et
2774 1275 3134 1340 notabiliter

676 1384 1053 1469 probabilior
1083 1401 1204 1448 non
1232 1383 1515 1466 apparet:
1549 1382 1689 1446 inde
1720 1400 1864 1446 vero
1897 1382 2112 1446 contra
2144 1398 2532 1445 communem
2574 1378 2851 1444 omnium
2884 1395 3131 1442 sensum

672 1488 1141 1570 supponeretur,
1175 1484 1419 1549 nullum
1450 1483 1723 1549 medium
1753 1483 2124 1547 intercedere
2155 1482 2317 1547 inter
2340 1501 2655 1547 summum
2685 1480 2844 1545 illud
2866 1480 3130 1565 gradum

680 1588 1159 1674 probabilitatiS,
1210 1607 1393 1670 quem
1439 1587 1749 1672 designari
1796 1586 2065 1651 vidimus
2112 1605 2149 1650 a
2193 1604 2243 1650 s.
2269 1585 2586 1669 Alphonso
2633 1603 2741 1667 per
2780 1584 3129 1668 opinionem

668 1695 833 1756 certe
865 1694 924 1754 el
953 1689 1318 1754 notabiliter
1335 1688 1824 1769 probabiliorem
1861 1689 1925 1752 et
1960 1688 2123 1752 inter
2156 1686 2472 1752 infirmum
2517 1686 2771 1752 maioris
2803 1686 3132 1770 probabili-

678 1795 832 1860 tatis
863 1794 1148 1879 gradum,
1198 1810 1356 1874 quae
1388 1810 1501 1875 pro
1530 1791 1723 1856 nihilo
1757 1792 2112 1874 reputatum
2152 1790 2476 1855 manifeste
2506 1792 2701 1873 patet,
2748 1789 2996 1855 nonnisi
3032 1790 3132 1853 ab·

674 1896 857 1963 surde
905 1895 984 1960 ad
1028 1895 1314 1959 infimum
1359 1893 1539 1958 illum
1586 1894 1909 1958 cuiusdam
1941 1893 2146 1957 tenuis
2182 1893 2247 1957 et
2290 1892 2513 1956 dubiae
2543 1891 3130 1976 praeponderantiae

676 2000 960 2086 gradum,
989 2018 1110 2080 quo
1138 1996 1515 2081 probabilior
1539 1996 1744 2079 opinio
1769 1996 2061 2080 gaudeat,
2087 1996 2380 2080 restringi
2400 1996 2648 2071 thesim,
2675 2014 2800 2078 qua
2825 2015 2873 2060 s.
2900 1997 3132 2061 Doctor

678 2102 1052 2188 propugnat,
1102 2100 1347 2164 licitum
1393 2118 1578 2163 usum
1608 2118 1737 2163 esse
1772 2099 2075 2182 opinionis
2107 2099 2446 2182 probabilis
2474 2099 2538 2162 in
2584 2117 2888 2164 concursu
2917 2098 3133 2181 proba-

675 2203 913 2269 bilioris
949 2221 1061 2286 pro
1097 2202 1253 2286 1636.

764 2310 868 2370 55.
919 2304 1377 2369 Difficultatem
1423 2305 1794 2387 quibusdam
1841 2304 2089 2388 ingerit,
2138 2303 2302 2384 quod
2355 2323 2404 2367 6.
2454 2304 2689 2368 Doctor
2742 2304 2807 2366 in
2863 2301 3125 2384 epistola

671 2410 943 2493 quadam
971 2410 1029 2472 5.
1065 2408 1227 2491 Aug.
1268 2408 1457 2471 1772.
1492 2407 1567 2471 ad
1594 2426 1742 2471 suae
1767 2402 2282 2491 Congregationis
2306 2408 2629 2471 alumnum
2661 2405 2988 2488 scripserit,
3010 2423 3125 2470 nos

671 2513 869 2579 teneri
905 2512 983 2576 ad
1030 2511 1507 2595 probabiliorem
1553 2530 1662 2594 pro
1711 2512 1846 2596 lege
1895 2510 2243 2594 opinionem
2273 2508 2664 2592 sequendam,
2714 2508 2963 2574 etiamsi
3005 2527 3131 2572 uno

674 2622 919 2682 uantum
948 2615 1155 2698 qradu
1193 2616 1569 2699 probabilior
1607 2615 1708 2680 sit.
1750 2615 1927 2694 Quod
1958 2615 2206 2697 quidem
2237 2615 2468 2678 iterum
2496 2613 2730 2698 legitur
2758 2613 2822 2677 in
2860 2612 3134 2696 quodam

679 2720 951 2797 Monito,
986 2719 1149 2801 quod
1196 2719 1261 2781 in
1292 2718 1559 2783 editione
1591 2717 1967 2802 Theologiae
1999 2717 2256 2783 Moralis
2304 2736 2445 2781 ann.
2485 2717 2675 2780 1773.
2708 2716 2995 2781 additum
3040 2718 3135 2780 est

676 2825 740 2887 111
773 2823 892 2886 fine
931 2823 1088 2887 tomi
1120 2822 1202 2885 II.
1245 2825 1306 2886 et
1352 2822 1441 2885 616
1484 2823 1698 2886 habet:
1740 2848 1775 2880 α
1815 2823 1960 2886 Dixi
1988 2840 2131 2886 mox
2163 2839 2371 2904 supra,
2412 2820 2577 2903 quod
2607 2820 2661 2884 si
2693 2821 2901 2903 opinio
2933 2820 3133 2885 tutior

674 2927 934 3010 apparet
965 2928 1126 2988 certe
1159 2922 1576 3004 probabilior,
1623 2926 1909 2988 tenemur
1936 2944 2074 2989 eam
2120 2924 2444 3006 amplecti:
2477 2923 2942 2998 advertendum,
2970 2922 3132 3005 quod

679 3029 794 3093 hoc
824 3027 1118 3111 procedit,
1154 3026 1398 3091 etiamsi
1449 3027 1653 3111 opinio
1701 3027 1812 3091 illa
1860 3028 2058 3091 tutior
2103 3045 2224 3091 non
2256 3027 2340 3090 sit
2369 3045 2598 3110 magno
2636 3045 2887 3091 excessu
2915 3026 3130 3109 proba-

670 3131 888 3207 bilior3
924 3130 1156 3195 sufficit
1185 3131 1368 3207 enim,
1401 3129 1602 3213 ipsam
1649 3148 1779 3194 esse
1829 3148 1951 3193 uno
2000 3130 2248 3194 tantum
2282 3129 2480 3214 gradu
2511 3128 3010 3212 probabiliorem,
3055 3130 3126 3192 ut

672 3252 808 3297 eam
847 3235 1169 3297 teneamur
1201 3233 1423 3297 sectari
1448 3257 1507 3294 ».
1545 3233 1645 3295 Ita
1681 3252 1730 3295 s.
1767 3233 2019 3296 Doctor.

761 3336 844 3400 Et
875 3335 1079 3418 reipsa
1102 3334 1492 3399 diffitendum
1520 3352 1643 3398 non
1677 3337 1790 3412 est,
1825 3353 1946 3400 non
1976 3336 2176 3399 levem
2209 3335 2483 3417 aliquam
2513 3333 2950 3399 difficultatem
2981 3335 3131 3399 haec

678 3457 858 3521 posse
887 3438 1203 3512 facessere,
1230 3437 1456 3520 quippe
1488 3456 1646 3519 quae
1678 3457 1860 3522 aegre
1892 3457 2033 3502 cum
2066 3438 2206 3502 aliis
2237 3457 2286 3501 6.
2321 3437 2607 3502 Doctoris
2639 3437 2964 3502 sententiis
2995 3456 3133 3502 con—

668 3541 869 3604 ciliari
900 3559 1077 3623 posse
1107 3539 1413 3604 videntur.
1448 3539 1773 3619 Quomodo
1820 3541 1982 3606 enim
2014 3559 2071 3604 v.
2106 3560 2199 3626 gr.
2233 3539 2682 3616 conciliabitur,
2717 3538 2884 3622 quod
2917 3538 3122 3622 opinio

672 3662 782 3727 pro
806 3643 941 3728 lege
966 3643 1050 3706 sit
1072 3662 1195 3707 uno
1221 3642 1549 3707 dumtaxat
1571 3643 1774 3727 gradu
1795 3643 2173 3726 probabilior
2188 3645 2251 3708 et
2273 3642 2674 3708 nihilominus
2705 3642 2799 3708 ita
2836 3643 3126 3727 depereat

673 3745 993 3830 oppositae
1025 3745 1329 3828 opinionis
1360 3745 1785 3827 probabilitas,
1827 3747 1900 3811 ut
1928 3746 2026 3809 lex
2061 3765 2183 3810 non
2231 3746 2313 3810 sit
2349 3745 2618 3829 amplius
2649 3746 2888 3811 dubia‘z>
2923 3746 3122 3810 Paulo

673 3851 817 3913 ante
852 3847 1206 3911 affirmabat
1250 3866 1300 3910 s.
1339 3846 1695 3931 Alphonsus
1742 3867 1884 3912 611111
1929 3848 2194 3913 Eusebio
2239 3848 2483 3927 Amort,
2513 3849 2839 3936 moraliter
2881 3851 3121 3914 certum

668 3970 819 4024 esse,
853 3950 1055 4033 legem
1087 3949 1469 4033 obligantem
1499 3968 1622 4015 non
1668 3951 1975 4028 exsistere,
2010 3950 2118 4014 ubi
2154 3970 2263 4034 pro
2300 3951 2437 4035 1636
2475 3951 2683 4034 opinio
2713 3951 3031 4015 evidenter
3064 3956 3123 4015 ei

667 4050 1032 4116 notabiliter
1063 4050 1438 4133 probabilior
1485 4071 1607 4117 non
1652 4055 1927 4135 apparet.
1962 4053 2047 4117 At
2084 4053 2393 4135 quomodo
2440 4054 2754 4118 evidenter
2783 4057 2848 4119 et
2882 4055 3118 4120 notabi-

665 4157 808 4221 liter
838 4153 1217 4238 probabilior
1245 4153 1498 4218 dicenda
1543 4156 1639 4219 est
1675 4155 1903 4238 opini0,
1936 4174 2094 4237 quae
2129 4175 2254 4219 uno
2296 4159 2538 4220 &tntum
2567 4155 2768 4242 gradu
2800 4159 3113 4242 oppositae

671 4257 1176 4343 probabilitatem
1222 4257 1500 4321 excedit?
1548 4255 1868 4336 Quomodo
1919 4257 1996 4322 ob
2043 4258 2226 4322 unius
2257 4259 2507 4324 tantum
2544 4259 2775 4344 gradus
2808 4279 3118 4326 excessum

670 4360 968 4436 dicemus,
1003 4359 1291 4423 exsistere
1321 4359 1523 4444 legem
1562 4359 1988 4444 obligantem?
2017 4359 2292 4425 Rursus:
2327 4380 2375 4425 s.
2402 4363 2637 4427 Doctor
2666 4361 3002 4448 distinguit
3032 4365 3120 4428 ita

673 4461 1148 4545 probabiliorem
1187 4482 1224 4525 a
1254 4461 1770 4546 probabilissima,
1813 4465 1885 4527 ut
1905 4464 2074 4548 prior
2103 4463 2349 4528 dicatur
2377 4483 2536 4546 quae
2573 4463 2871 4528 validiori
2899 4466 3124 4532 nititur

666 4563 928 4635 motivo,
977 4565 1173 4627 altera
1220 4565 1430 4628 autem
1475 4583 1634 4645 quae
1680 4564 2097 4630 validissimo:
2146 4567 2445 4632 habemus
2488 4567 2702 4650 itaque
2749 4567 2885 4633 heic
2917 4569 3121 4651 plures
