3529 5158
687 378 831 417 LXIV
1551 375 1763 416 sumas
1803 374 2272 417 onnononooch

685 477 1223 539 substantialiter
1254 494 1398 537 esse
1446 477 1572 536 sub
1619 476 2000 552 speciebus:
2035 479 2095 536 2.
2136 479 2299 536 tunc
2344 493 2604 536 omnem
2652 477 2848 551 panis
2886 483 2954 537 et
3001 479 3146 539 vini

686 567 1135 627 substantiam
1161 584 1437 639 cessare,
1465 566 1626 626 solis
1658 566 2160 626 remanentibus
2181 566 2557 643 speciebus;
2586 582 2858 641 prorsus
2891 568 3148 629 omittit

688 657 894 715 ullam
941 656 1343 716 mentionem
1400 656 1617 715 facere
1664 655 2466 715 Transsubstantiationis
2523 672 2641 715 seu
2689 657 3144 717 conversionis

687 744 897 805 totius
943 744 1362 805 substantiae
1410 745 1604 819 panis
1650 745 1718 804 in
1756 744 2014 820 Corpus
2063 748 2133 804 et
2179 744 2389 804 totius
2437 743 2855 804 substantiae
2893 745 3038 805 vini
3074 746 3142 807 in

691 834 1122 911 Sanguinem,
1170 851 1369 909 quam
1418 834 1609 893 velut
1653 834 2010 894 articulum
2058 833 2214 893 fidei
2261 834 2728 893 Tridentinum
2775 834 3143 896 Concilium

688 923 998 983 definivit
1044 928 1114 983 et
1160 940 1331 998 quae
1380 924 1447 982 in
1487 924 1792 983 sollemni
1839 923 1991 983 fidei
2042 922 2454 999 professione
2501 922 2902 997 continetur,

781 1012 1131 1084 Quatenus
1177 1029 1296 1087 per
1343 1012 1788 1072 inconsultam
1836 1013 2211 1073 istiusmodi
2251 1012 2817 1087 suspiciosamque
2852 1014 3149 1074 omissio-

688 1117 843 1160 nem
891 1101 1132 1161 notitia
1179 1102 1600 1161 subtrahitur
1645 1107 1790 1162 tum
1837 1103 2105 1163 articuli
2152 1102 2239 1161 ad
2286 1102 2476 1161 fidem
2529 1101 2952 1177 pertinentis,
3002 1105 3146 1162 tum

688 1189 892 1249 etiam
938 1192 1121 1250 vocis
1176 1191 1263 1251 ab
1320 1191 1617 1251 Ecclesia
1673 1198 2095 1251 consecratae
2151 1192 2236 1250 ad
2283 1191 2466 1251 illius
2522 1190 2839 1251 tuendam
2895 1191 3149 1265 profes-

688 1278 941 1338 sionem
974 1280 1298 1340 adversus
1347 1281 1654 1340 haereses
1701 1281 2058 1355 tenditque
2087 1280 2252 1340 adeo
2299 1280 2384 1339 ad
2417 1280 2561 1339 eius
2609 1279 3012 1340 oblivionem
3048 1281 3149 1340 in-

689 1367 1078 1445 ducendam,
1129 1370 1319 1444 quasi
1367 1377 1681 1445 ageretur
1727 1370 1809 1428 de
1856 1371 2247 1444 quaestione
2295 1385 2472 1428 mere
2519 1368 2945 1429 scholastica:

780 1458 1181 1535 Perniciosa,
1232 1458 1560 1533 derogans
1607 1459 2006 1533 expositioni
2059 1459 2367 1518 veritatis
2414 1459 2781 1519 catholicae
2829 1458 3004 1519 circa
3034 1458 3150 1517 do-

688 1563 842 1621 gma
890 1547 1705 1626 Transsubstantiationis,
1756 1549 1995 1607 favens
2044 1549 2415 1608 haereticis.
2738 1556 2744 1571 '

1161 1759 1259 1804 DE
1308 1759 1850 1806 APPLIOATIONE
1899 1760 2232 1808 FRUCTUS
2281 1760 2684 1808 SACRIFICII

1058 1928 1157 1985 De
1202 1927 1398 1986 Eucle.
1436 1929 1494 2003 ξ.
1539 1932 1598 1986 8.

781 2021 886 2080 30.
923 2016 1246 2076 Doctrina
1280 2016 1550 2093 Synodi,
1587 2034 1737 2093 qua,
1766 2017 1923 2075 dum
1957 2018 2308 2092 profitetur
2340 2018 2586 2076 credere
2626 2017 2942 2092 Sam-{sicii
2974 2018 3146 2077 obla-

693 2112 923 2169 tionem
972 2105 1294 2164 eartendere
1331 2122 1394 2163 86
1442 2105 1524 2163 ad
1571 2123 1801 2179 onznvx,
1837 2108 1931 2164 ita
1971 2113 2180 2165 taurica
2227 2112 2297 2165 ut
2343 2107 2413 2164 in
2465 2107 2726 2182 lituryia
2776 2106 2916 2176 fieri·
2945 2108 3151 2183 possi-t

690 2196 981 2277 epeci-alis
1018 2195 1521 2253 commem-oratio
1555 2195 1913 2270 aliquorum
1962 2201 2092 2254 tam
2141 2196 2425 2254 vivorum
2465 2213 2652 2270 qua-m
2684 2194 3147 2271 ‹lesu-notorum,

682 2285 1007 2366 preca-ndo
1046 2284 1251 2343 Deum
1297 2283 1708 2359 peculia-riter
1743 2302 1871 2360 pro
1917 2285 2095 2361 ipsis,
2128 2284 2285 2344 dein
2318 2285 2638 2344 continuo
2664 2284 2963 2344 subiicit:
3001 2284 3151 2344 Non<

694 2385 905 2437 tamen
951 2373 1114 2450 quod
1161 2374 1488 2432 credamus
1535 2374 1603 2431 in
1651 2373 1922 2431 arbitrio
1970 2391 2096 2432 esse
2141 2375 2484 2433 sacerdot-1⁶3
2532 2373 2854 2449 applicare
2884 2373 3150 2450 fructu-3

694 2464 1010 2542 sacrificii
1058 2463 1159 2521 eui
1206 2463 1360 2537 vult,
1410 2462 1535 2520 *imo
1593 2462 1968 2521 danenamus
2015 2462 2176 2521 hunc
2230 2481 2506 2523 errorem
2554 2463 2719 2521 velut
2782 2481 3152 2540 vnaynoperc

693 2555 1102 2632 offendentem
1136 2552 1284 2610 iura
1319 2550 1466 2620 Dei,
1517 2552 1623 2627 qui
1669 2552 1840 2611 solim
1873 2552 2201 2612 distribuit
2231 2552 2495 2630 fructus
2529 2551 2844 2628 Sacr·2}sicii
2881 2553 2984 2612 cui
3021 2554 3152 2612 vult

693 2652 751 2705 et
799 2642 1135 2703 seczmdum
1200 2658 1552 2698 mensuram
1615 2659 1772 2715 quac
1825 2642 1950 2718 ipsi
1995 2642 2208 2718 placet
2231 2663 2256 2718 ;
2307 2641 2488 2702 unde
2543 2646 2611 2701 et
2667 2649 3151 2717 consequenter

691 2732 987 2793 traducit
1042 2730 1235 2789 velut
1275 2729 1528 2806 falsam
1575 2730 1930 2805 opinionem
1978 2732 2283 2789 ‘invectam
2341 2733 2410 2790 *iu
2446 2731 2774 2808 populum,
2816 2732 2978 2807 quod
3027 2733 3146 2804 ill-i,

693 2822 802 2898 qui
834 2821 1277 2894 eleemosynam
1309 2817 1795 2876 subministrant
1828 2820 2139 2878 sacerdoti
2171 2819 2282 2879 sub
2315 2821 2669 2879 conditione
2700 2822 2862 2895 quod
2895 2821 3151 2879 celebret

694 2927 882 2970 unam
936 2907 1223 2984 Missam,
1273 2906 1598 2982 specialem.
1633 2908 1929 2983 ,rr-iccium
1976 2927 2049 2968 er
2096 2927 2168 2968 ea
2205 2910 2590 2986 percipiant,

809 2999 919 3058 Sic
976 2997 1337 3072 intellecta,
1388 3001 1485 3071 ut,
1544 3001 1809 3071 praeter
1863 2998 2267 3072 peculiarem
2324 2999 3011 3059 commemorationem
3083 3004 3153 3058 et

694 3088 1081 3164 orationem,
1133 3085 1441 3160 specialis
1499 3086 1643 3160 ipsa
1697 3087 1946 3147 oblatio
1995 3103 2112 3147 seu
2175 3088 2537 3164 applicatio
2588 3087 2929 3158 Sam-iticii,
2980 3105 3153 3162 quae

696 3179 771 3238 tit
803 3195 843 3237 a
874 3175 1236 3252 sacerdote,
1273 3190 1407 3233 non
1442 3176 1653 3251 magis
1686 3178 1899 3251 prosit
1939 3178 2197 3251 (ceteris
2228 3177 2524 3252 paribus)
2563 3178 2698 3238 illis
2747 3195 2865 3253 pro
2903 3176 3153 3252 quibus

694 3267 1090 3344 applicatur,
1141 3282 1342 3340 quam
1374 3265 1524 3324 aliis
1572 3265 1982 3341 quibusque3
2025 3267 2215 3342 quasi
2260 3266 2490 3326 nullus
2536 3268 2843 3341 specialis
2891 3266 3152 3326 fructus

693 3356 1078 3432 provenIret
1124 3372 1205 3412 ex
1254 3354 1524 3428 speciali
1574 3356 2040 3432 applicatione,
2090 3373 2289 3431 quam
2338 3372 2459 3430 pro
2506 3355 2967 3416 determinatis
3003 3373 3152 3430 per·

694 3444 878 3505 sonis
924 3448 1042 3503 aut
1089 3459 1516 3517 personarum
1568 3445 1919 3504 ordinibus
1967 3445 2338 3505 faciendam
2388 3446 2808 3505 commendat
2853 3462 2931 3505 ac
2965 3463 3153 3519 prae-

694 3533 860 3609 cipit
892 3532 1207 3602 Ecclesia,
1245 3532 1592 3605 speciatim
1627 3550 1665 3590 a
1697 3534 2079 3606 pastoribus
2111 3552 2232 3609 pro
2264 3535 2403 3594 suis
2436 3534 2697 3612 ovibus,
2746 3535 2924 3610 quod
2962 3535 3154 3595 velut

696 3639 779 3682 ex
826 3621 1058 3680 divino
1104 3625 1459 3695 praecepto
1508 3620 1918 3680 descendens
1956 3639 1995 3681 a
2041 3639 2228 3683 sacra
2273 3624 2670 3683 Tridentina
2718 3623 2985 3698 Synodo
3018 3625 3152 3684 dis-

697 3716 871 3770 serte
920 3717 1021 3770 est
1069 3725 1486 3784 expressum:

789 3800 963 3859 Sess.
999 3801 1104 3858 23.
1140 3815 1281 3873 cap.
1321 3801 1378 3857 1.
1407 3798 1487 3857 de
1520 3799 1784 3860 reform.
1822 3833 1896 3844 —
1925 3801 2171 3861 Bened.
2202 3803 2392 3862 XIV.
2420 3803 2688 3862 constit.
2730 3802 2880 3860 Cum
2913 3820 3154 3879 semper

698 3888 945 3947 oblata-3
983 3889 1043 3965 ξ.
1080 3892 1138 3947 2.

790 3979 1004 4054 Falsa,
1053 3979 1421 4046 temeraria,
1470 3979 1863 4058 perniciosa,
1914 3981 2249 4041 Ecclesiae
2311 3981 2656 4055 iniuriosa,
2708 3979 3033 4040 inducens
3081 3983 3150 4040 in

876 4084 1163 4126 errorem
1211 4067 1375 4128 alias
1422 4068 1810 4128 damnatum
1860 4070 1930 4128 in
1978 4070 2306 4129 VVicleffo.

1042 4261 1139 4307 DE
1174 4260 1677 4309 GONVEMENTI
1714 4261 1997 4308 ORDINE
2031 4263 2109 4308 IN
2144 4261 2384 4311 CULTU
2419 4263 2809 4313 SERVANDO

883 4411 982 4470 De
1015 4411 1210 4470 Euch.
1253 4413 1312 4488 ξ.
1350 4415 1409 4470 5.

790 4506 895 4560 31.
926 4501 1302 4574 Propositio
1338 4501 1586 4575 Synodi
1610 4502 1974 4561 enuntians
2005 4503 2408 4564 conveniens
2432 4521 2594 4578 esse,
2634 4523 2751 4579 pro
2774 4505 3153 4567 divinorum

699 4591 1059 4651 officiorum
1085 4589 1316 4648 ordine
1342 4596 1411 4648 et
1434 4591 1717 4664 antiqua
1740 4592 2241 4669 consuetudine,
2268 4598 2347 4653 ut
2378 4593 2444 4653 in
2476 4611 2878 4668 unoquoque
2905 4598 3156 4672 templo
