3529 5158
356 362 498 438 [191]
1195 376 1452 418 ieonum-3
1489 377 1996 419 monimina-Aris
2715 366 2821 421 189

357 476 567 539 monet
614 473 841 539 Suarez
873 474 947 538 de
992 473 1244 539 Poenit.
1280 473 1434 556 disp.
1471 475 1575 537 22.
1610 475 1756 539 sect.
1799 475 1858 539 9.
1886 495 1945 538 n.
1988 475 2047 539 5.
2087 475 2150 539 in
2174 477 2515 541 moralibus
2553 477 2816 542 solidam

357 596 427 640 ac
471 576 838 659 prudentem
875 576 1378 659 probabilitatem
1421 576 1646 640 morali
1682 576 1953 659 cuipiam
1976 577 2331 642 certitudini
2364 579 2813 662 aequipollere3

357 679 581 761 quippe
605 677 753 759 quia
777 679 840 742 in
873 678 1172 743 eiusmodi
1202 679 1404 743 maior
1433 678 1739 743 certitudo
1763 679 1978 743 haberi
2000 682 2285 762 nequeat.
2320 681 2403 744 Et
2424 682 2542 746 hoc
2565 682 2813 763 quidem

357 783 545 847 etiam
577 783 785 865 praxis
822 783 1166 862 eommunis
1204 782 1441 848 suadet.
1481 782 1698 847 Nonne
1735 783 1901 848 enim
1938 804 2009 848 ex
2038 786 2353 849 communi
2376 806 2678 851 consensu
2718 789 2822 851 sat

356 884 688 967 prudenter
725 904 907 968 agere
952 885 1091 966 quis
1127 884 1415 962 creditur,
1450 885 1504 949 si
1549 886 1867 967 probabile
1910 885 1974 949 id
2019 886 2266 962 habeat,
2300 889 2463 970 quod
2514 890 2816 971 tanquam

357 986 673 1069 probabile
719 986 884 1051 tradi
927 987 1155 1069 reperit
1198 1008 1257 1050 v,
1297 1007 1390 1071 gr.
1433 1006 1468 1057 a
1516 1007 1564 1052 s.
1597 987 1913 1054 Antonino
1962 989 2104 1070 post
2149 1008 2198 1054 s.
2238 989 2566 1067 Thomam,
2622 992 2736 1054 aut
2781 1011 2819 1055 a

357 1108 405 1152 s.
441 1088 763 1171 Alphonso
790 1089 931 1171 post
961 1087 1187 1153 Suarez
1227 1090 1343 1154 etc.
1362 1093 1391 1153 Ῥ
1435 1090 1733 1155 Attamen
1780 1109 2037 1172 ecquam
2081 1091 2332 1155 demum
2378 1092 2813 1158 certitudinem

356 1191 418 1255 in
456 1192 573 1255 hoc
602 1191 902 1256 habemus
934 1192 1176 1274 praeter
1204 1191 1569 1274 prudentem
1598 1192 1776 1256 illam
1808 1192 2330 1275 probabilitatem,
2365 1214 2544 1276 quae,
2586 1196 2681 1261 uti
2731 1196 2819 1260 di-

357 1294 578 1370 11111113,
613 1295 880 1384 sapienti
915 1294 1136 1377 cuique
1182 1295 1490 1360 sufficiens
1528 1296 1592 1359 in
1638 1296 1942 1360 eiusmodi
1978 1296 2172 1361 videri
2217 1297 2445 1362 debet?

442 1398 811 1464 Addendum
849 1400 1056 1463 tamen
1086 1400 1241 1463 nihil
1280 1399 1533 1464 extundi
1564 1417 1743 1482 posse
1789 1419 1861 1464 ex
1906 1400 2303 1466 damnatione
2352 1402 2811 1485 propositionis

359 1501 546 1565 etiam
570 1501 776 1583 quoad
800 1520 986 1567 nsum
1018 1501 1321 1585 opinionis
1355 1501 1623 1566 tenuiter
1653 1502 2008 1584 probabilis.
2042 1501 2208 1567 Nam
2238 1503 2385 1568 licet
2417 1504 2605 1567 aliam
2645 1523 2818 1568 exco-

356 1602 558 1687 gitare
594 1603 900 1668 rationem
936 1604 1370 1680 damnationis,
1411 1605 1476 1668 in
1521 1623 1592 1670 eo
1623 1624 1841 1687 nempe
1877 1605 2084 1681 sitam,
2123 1605 2290 1687 quod
2337 1606 2517 1688 plura
2563 1607 2707 1682 sint,
2742 1607 2817 1670 ut

358 1704 721 1783 videbimuS,
747 1705 812 1770 in
843 1706 1067 1787 quibus
1098 1706 1478 1789 probabilem
1502 1707 1676 1787 sequi
1707 1726 1829 1772 non
1854 1726 2203 1789 possumuS‚
2229 1708 2527 1772 nimirum
2549 1708 2659 1772 ubi
2690 1727 2814 1772 non

360 1807 570 1891 agitur
599 1807 675 1872 de
705 1827 874 1873 mera
911 1809 1236 1874 honestate
1275 1808 1555 1873 actionis.

445 1906 580 1980 191.
621 1908 929 1989 Quoniam
950 1911 1150 1976 maior
1173 1911 1272 1975 vel
1301 1911 1503 1974 minor
1533 1909 1940 1992 probabilitas
1964 1910 2205 1976 desumi
2239 1911 2420 1976 debet
2443 1932 2515 1976 ex
2548 1913 2813 1996 pondere

356 2014 578 2078 maiori
601 2015 700 2078 vel
729 2015 977 2093 minori,
1002 2015 1166 2096 quod
1191 2014 1537 2079 rationibus
1573 2015 1890 2097 competit,
1924 2017 2248 2098 propterea
2279 2017 2504 2080 notant
2533 2015 2814 2081 doctores

357 2119 710 2198 sequentem
746 2118 1063 2201 regulam:
1104 2117 1383 2200 proprios
1420 2116 1621 2181 fontes
1659 2116 1896 2181 scilicet
1929 2118 2133 2181 maius
2172 2118 2288 2182 sibi
2326 2118 2636 2183 vindicare
2669 2138 2815 2201 pon-

356 2219 468 2284 dus
498 2221 565 2284 et
595 2219 1023 2302 praeferendos
1053 2238 1203 2285 esse.

437 2322 604 2387 Hinc
641 2322 953 2387 deducunt
983 2322 1320 2404 sequentia.
1361 2323 1425 2384 1⁰
1457 2321 1523 2386 Si
1554 2322 1629 2386 de
1673 2322 1963 2387 revelatis
2011 2341 2211 2388 sermo
2260 2325 2361 2402 sit,
2403 2326 2605 2409 magis
2652 2344 2816 2390 acce-

353 2425 621 2489 dendum
668 2425 746 2489 ad
782 2444 920 2490 eam
965 2426 1207 2508 partem
1253 2443 1361 2490 seu
1391 2425 1486 2488 illi
1525 2424 1689 2506 parti
1719 2425 1923 2508 magis
1958 2424 2310 2505 favendum,
2343 2446 2454 2509 pro
2492 2447 2615 2509 qua
2648 2429 2814 2493 stare

355 2527 596 2594 videtur
634 2546 848 2594 sensus
880 2527 1206 2604 Ecclesiae.
1249 2528 1317 2591 2ο
1348 2525 1525 2592 Circa
1570 2526 1670 2592 ius
1709 2526 2069 2610 positivum,
2108 2528 2312 2614 magis
2359 2531 2454 2594 est
2484 2530 2815 2597 adhaeren-

353 2630 498 2695 dum
523 2632 709 2714 parti,
728 2631 831 2695 cui
853 2631 1055 2716 magis
1077 2631 1289 2695 favent
1310 2630 1477 2714 leges
1502 2632 1566 2694 et
1587 2630 1966 2698 consuetudo
1994 2631 2230 2713 optima
2255 2632 2465 2716 legum
2487 2633 2809 2717 interpres.

355 2735 422 2798 3⁰
444 2732 665 2814 Quoad
688 2736 957 2799 mentem
986 2733 1365 2817 legislatoris
1396 2735 1460 2797 et
1479 2733 1692 2818 legum
1721 2734 2223 2819 intelligentiam,
2251 2736 2390 2818 plus
2415 2737 2811 2803 tribuendum

357 2836 645 2918 antiquiS,
679 2836 788 2917 qui
825 2835 1170 2919 propriores
1207 2835 1458 2899 fuerunt
1489 2835 1848 2901 auctoribus
1871 2836 2083 2921 legum
2122 2839 2185 2901 et
2206 2838 2570 2922 interpretes
2595 2858 2811 2906 earum

356 2938 741 3003 exstiterunt.
776 2939 847 3001 4⁰
884 2938 976 3002 De
1021 2939 1202 3002 rebus
1233 2937 1373 3002 fidei
1411 2939 1475 3002 et
1502 2957 1749 3003 morum
1796 2939 1935 3021 plus
1983 2939 2379 3004 tribuendum
2415 2941 2662 3022 (ceteris
2709 2962 2813 3025 pa—

352 3040 548 3124 ribus)
588 3039 1021 3118 sanctioribus,
1059 3040 1168 3122 qui
1204 3040 1344 3122 plus
1375 3059 1412 3103 a
1443 3040 1573 3104 Deo
1605 3040 2043 3103 illuminantur
2080 3041 2144 3103 et
2188 3042 2454 3123 mystica
2501 3043 2690 3122 atque
2723 3044 2812 3107 in-

355 3143 526 3206 terna
561 3142 766 3227 magis
804 3144 1032 3206 norunt
1057 3142 1412 3207 discernere.
1455 3144 1523 3205 50
1560 3140 1736 3204 Circa
1768 3160 1863 3204 res
1888 3140 2295 3204 conscientiae
2327 3140 2466 3220 plus
2500 3141 2815 3224 theologis

353 3242 569 3308 deferri
601 3244 799 3323 debet,
827 3263 1016 3326 quam
1039 3243 1514 3309 iurisconsultis.
1543 3243 1611 3304 6⁰
1636 3240 1813 3305 Circa
1839 3240 2131 3304 materias
2163 3239 2318 3302 iuris
2344 3240 2484 3319 plus
2517 3241 2812 3305 iuriscon-

355 3348 534 3412 sultis
565 3347 860 3426 dandum,
893 3367 1084 3431 quam
1122 3347 1450 3430 theologis

438 3451 530 3514 De
567 3450 1009 3533 probabilitate
1037 3449 1372 3515 intrinseca
1410 3448 1771 3530 opinionum
1815 3446 2086 3511 iudicare
2132 3446 2251 3513 rite
2296 3448 2562 3530 possunt
2609 3448 2815 3513 solum

354 3551 694 3619 doctissimi
725 3555 789 3618 et
824 3553 888 3618 in
923 3571 989 3618 re
1035 3553 1259 3617 morali
1295 3550 1720 3626 versatissimi,
1759 3567 1883 3614 non
1930 3550 2142 3614 autem
2187 3549 2579 3616 mediocriter
2625 3551 2813 3618 docti.

353 3654 449 3720 Ita
495 3654 714 3737 Tapia,
755 3652 1063 3722 Cardenas
1095 3657 1210 3720 etc.
1245 3654 1434 3720 Ratio
1482 3654 1596 3732 est,
1644 3653 1791 3734 quia
1829 3654 1904 3717 ut
1947 3651 2011 3716 id
2058 3652 2175 3718 rite
2222 3653 2354 3730 fiat,
2408 3654 2578 3719 nosci
2626 3656 2817 3737 probe

353 3754 527 3822 debet
573 3756 720 3840 quid
760 3757 846 3820 sit
875 3757 1092 3821 stricta
1122 3756 1547 3840 probabilitas,
1588 3754 1853 3820 conferri
1888 3755 2103 3820 deinde
2139 3755 2365 3820 debent
2394 3757 2674 3821 rationes
2714 3776 2817 3839 op-

353 3861 697 3942 positarum
745 3860 1125 3943 opinionum,
1158 3859 1376 3943 dispici
1412 3860 1592 3924 debet
1638 3878 1708 3923 ae
1755 3859 1967 3924 sedulo
2015 3859 2406 3932 considerari,
2458 3879 2538 3922 an
2574 3859 2815 3923 motiva

350 3961 504 4027 forte
534 3962 665 4027 sint
702 3962 884 4040 levia,
919 3962 1125 4038 dubia,
1153 3962 1508 4044 aequivoca,
1535 3962 1892 4044 sophistica,
1918 3961 2071 4041 item
2096 3979 2175 4024 an
2205 3977 2330 4023 non
2365 3977 2474 4041 pro
2500 3959 2815 4024 contraria

352 4064 474 4130 sint
508 4065 750 4130 motiva
781 4064 940 4130 forte
972 4067 1159 4129 certa.
1184 4065 1381 4146 Atqui
1411 4065 1562 4129 haec
1593 4065 1657 4128 et
1687 4063 1811 4128 alia
1843 4061 2200 4127 huiusmodi
2231 4079 2354 4126 11011
2392 4061 2658 4143 possunt
2689 4060 2817 4125 fere

350 4167 464 4232 nisi
501 4167 851 4233 doctissimi
886 4168 950 4232 et
985 4169 1050 4233 in
1080 4187 1146 4232 re
1175 4167 1401 4232 morali
1434 4166 1864 4232 versatissimi.

437 4271 551 4336 Vir
597 4270 989 4336 mediocriter
1027 4270 1246 4336 doctus
1283 4271 1493 4352 potest
1527 4269 1801 4333 iudicare
1846 4267 1920 4332 de
1965 4266 2405 4349 probabilitate
2452 4265 2811 4344 extrinseca,

357 4369 419 4436 1⁰
456 4373 510 4437 si
541 4373 785 4438 statum
816 4372 1197 4453 quaestionis
1234 4372 1384 4437 bene
1414 4371 1747 4455 intelligat,
1784 4372 1853 4433 20
1877 4369 1927 4434 si
1960 4370 2262 4434 assertam
2309 4367 2682 4432 sententiam
2727 4369 2818 4432 in-

352 4475 558 4540 veniat
580 4474 748 4558 apud
774 4474 1102 4556 scriptores
1141 4473 1308 4539 omni
1338 4474 1689 4557 exceptione
1717 4473 2004 4538 maiores.
2044 4472 2295 4537 Etenim
2322 4472 2375 4537 si
2398 4471 2466 4535 hi
2497 4471 2816 4535 affirmant

350 4596 475 4642 esse
499 4576 885 4660 probabilem
920 4578 1152 4642 certam
1183 4576 1495 4659 quandam
1527 4575 1899 4640 sententiam
1924 4594 1997 4639 ac
2025 4575 2204 4659 gravi
2232 4574 2636 4638 fundamento
2671 4572 2816 4649 niti,

349 4681 586 4746 credere
632 4683 876 4763 potest·,
911 4680 1057 4761 quia
1099 4681 1217 4744 scit
1253 4680 1408 4745 alios
1440 4678 1770 4763 prudentes
1807 4678 1971 4741 idem
2003 4676 2267 4742 formare
2306 4676 2628 4740 iudicium.
