3529 5158
711 361 782 413 62
1234 374 1446 412 macr.
1486 372 1524 411 1.
1564 372 1650 411 1111
1686 371 1942 413 nonnus
1981 371 2274 415 1131131113.
2311 372 2510 413 CAPUT
2547 372 2625 412 ιν.
3057 357 3171 434 [64]

716 490 853 534 3130
890 472 946 533 1.
989 472 1049 533 2.
1090 490 1147 551 q.
1194 470 1295 532 77.
1337 487 1392 531 a.
1430 468 1518 531 7.:
1567 492 1600 525 «
1636 468 1839 549 Igitur
1869 468 2374 552 distinguendum
2411 470 2538 531 est:
2573 469 2720 549 quia
2745 469 2950 551 passio
2982 489 3174 551 quan-

712 574 911 655 doque
936 573 1183 654 quidem
1209 574 1304 636 est
1335 574 1533 646 tanta,
1561 570 1724 652 quod
1750 571 2035 634 totaliter
2065 570 2266 634 aufert
2290 590 2473 634 usum
2495 570 2775 641 rationis,
2803 571 2966 635 sicut
2999 576 3173 653 patet

715 676 779 739 in
818 676 934 749 his,
963 675 1069 756 qui
1097 677 1344 757 propter
1377 692 1647 737 amorem
1686 672 1785 735 vel
1808 673 1965 736 iram
1998 673 2335 737 1333311131.
2369 673 2451 737 Ε1
2488 675 2655 746 1330,
2691 674 2742 736 31
2779 674 2927 738 13113
2965 676 3171 757 passio

718 797 752 840 a
793 777 1091 859 principio
1132 775 1319 840 fuerit
1364 775 1717 839 voluntaria
1767 775 2021 855 ((111οοΐο
2067 776 2164 839 vel
2210 775 2550 858 indirecte),
2598 775 2948 858 imputatur
2997 782 3171 842 actus

718 882 795 945 ad
828 884 1148 963 peccatum
1182 890 1398 963 (grave
1429 880 1527 943 vel
1566 880 1698 943 leve
1736 899 1846 962 pro
1884 881 2196 964 gravitate
2243 882 2459 963 culpae
2495 882 2559 944 in
2596 900 2782 944 03333
2829 882 3170 965 ponenda);

709 983 855 1065 quia
882 984 1005 1046 fuit
1032 983 1421 1046 voluntarius
1463 982 1524 1045 13
1558 1002 1667 1045 333
1702 1001 1909 1046 03333.
1952 981 2013 1046 Si
2049 1002 2190 1046 vero
2229 1002 2414 1046 causa
2454 1001 2572 1046 non
2599 983 2786 1046 fuerit
2817 984 3170 1048 voluntaria

716 1086 822 1150 sed
860 1086 1185 1160 3311113113,
1228 1088 1380 1166 puta
1428 1104 1571 1147 cum
1618 1084 1843 1165 aliquis
1892 1105 1961 1148 ex
2029 1084 2414 1169 aegritudine
2462 1085 2554 1149 vel
2614 1085 2824 1167 aliqua
2869 1086 3172 1151 eiusmodi

722 1207 910 1252 causa
945 1188 1161 1251 incidit
1190 1188 1254 1251 in
1292 1188 1484 1251 talem
1516 1188 1882 1270 passionem,
1924 1207 2081 1269 quae
2118 1188 2400 1252 totaliter
2437 1189 2638 1252 aufert
2673 1207 2856 1252 usum
2888 1190 3167 1265 13110313,

711 1293 886 1354 actus
920 1290 1170 1354 omnino
1209 1289 1485 1353 redditur
1515 1290 1971 1353 involuntarius
2005 1291 2067 1353 et
2104 1311 2209 1372 per
2245 1309 2618 1372 consequens
2650 1291 2932 1355 totaliter
2965 1310 3001 1354 a
3033 1312 3171 1374 pec-

705 1396 846 1457 cato
884 1395 1135 1456 excusat
1172 1418 1231 1455 ».

807 1523 840 1551 «
885 1496 1265 1576 Quandoque
1298 1513 1441 1559 vero
1488 1495 1693 1577 passio
1734 1513 1855 1559 non
1916 1498 2011 1558 est
2065 1496 2243 1558 tanta
2281 1493 2441 1575 qnod
2492 1494 2772 1557 totaliter
2819 1494 3171 1577 intercipiat

713 1617 899 1662 usum
946 1598 1226 1662 rationis,
1276 1598 1357 1661 Et
1386 1600 1537 1661 tunc
1583 1597 1745 1661 ratio
1794 1599 1999 1679 potest
2047 1597 2394 1679 passionem
2441 1595 2773 1670 excludere,
2813 1595 3170 1663 divertendo

708 1701 787 1764 ad
836 1701 993 1764 alias
1040 1700 1452 1784 cogitationes
1509 1700 1606 1763 vel
1652 1699 1964 1781 impedire,
2015 1720 2088 1763 ne
2144 1717 2327 1762 suum
2381 1700 2793 1779 consequatur
2847 1699 3163 1771 effectum:

709 1803 859 1884 quia
905 1803 1180 1866 membra
1217 1821 1338 1866 non
1379 1802 1770 1883 applicantur
1818 1802 2004 1884 operi,
2041 1802 2159 1865 nisi
2204 1821 2310 1883 per
2355 1818 2718 1864 consensum
2763 1799 3043 1875 rationis,
3091 1805 3166 1866 ut

718 1925 904 1987 supra
944 1926 1002 1985 q.
1049 1907 1106 1968 1.
1142 1924 1198 1968 a.
1234 1908 1293 1967 9.
1330 1904 1565 1967 dictum
1590 1908 1703 1968 est.
1739 1904 1915 1967 Unde
1953 1904 2099 1967 talis
2139 1904 2343 1986 passio
2375 1922 2497 1967 non
2533 1903 2817 1967 totaliter
2846 1907 3099 1968 excusat
3129 1924 3162 1967 a

707 2010 955 2089 peccato
994 2032 1055 2069 ».

805 2108 1074 2172 Adverte
1111 2109 1175 2170 10
1215 2108 1379 2189 quod
1416 2108 1561 2171 licet
1592 2108 1761 2189 prius
1801 2108 2144 2190 exemplum
2183 2108 2458 2190 posuerit
2495 2107 2857 2171 insanientis
2890 2108 2967 2171 ob
3000 2126 3166 2172 amo—

708 2230 837 2275 rem
874 2211 973 2274 vel
1010 2210 1187 2285 iram,
1221 2213 1431 2274 tamen
1469 2210 1815 2292 exemplum
1848 2210 2149 2291 passionis
2181 2229 2430 2292 prorsus
2467 2229 2588 2274 non
2622 2210 3010 2274 voluntariae
3042 2230 3162 2275 non

652 2318 659 2325 '
712 2312 853 2376 inde
885 2312 1097 2388 sumit,
1140 2312 1243 2376 sed
1277 2331 1312 2374 a
1345 2331 1531 2375 03333
1556 2312 1850 2375 33131311.
1877 2312 2064 2376 Ratio
2089 2314 2202 2380 031
2229 2313 2376 2394 quia
2399 2315 2609 2377 motus
2646 2313 2773 2377 1130
2803 2313 2902 2377 vel
2935 2314 3163 2377 amoris

710 2433 830 2478 non
856 2415 1075 2479 statim
1098 2414 1301 2479 solent
1333 2414 1409 2477 ad
1447 2433 1587 2477 011111
1613 2433 1924 2478 excessum
1951 2415 2312 2499 pertingere,
2341 2418 2674 2497 antequam
2705 2416 2867 2481 ratio
2900 2435 2971 2480 ea
2996 2435 3167 2499 prae-

704 2521 870 2583 stare
908 2518 1133 2595 valeat,
1175 2517 1248 2581 de
1280 2516 1504 2598 quibus
1533 2517 1815 2598 loquitur
1852 2536 1900 2581 3.
1935 2518 2185 2583 Doctor.

882 2625 951 2684 20
978 2622 1415 2692 Veruntamen,
1450 2620 1601 2684 dicit
1626 2621 1971 2703 passionem
1997 2640 2119 2685 303
2143 2642 2428 2686 excusare
2453 2623 2753 2697 totaliter,
2780 2641 2903 2704 quo
2927 2623 3162 2688 indicat

700 2745 987 2789 excusare
1025 2746 1095 2790 ex
1134 2731 1327 2808 parte.

879 2830 950 2890 3⁰
972 2829 1452 2906 Advertendum‚
1474 2831 1783 2912 quomodo
1809 2831 1881 2895 de
1905 2832 2152 2896 homine
2176 2832 2272 2895 sui
2296 2834 2579 2915 compote
2597 2832 2978 2913 pronunciet,
2997 2833 3164 2913 quod

706 2931 867 2994 ratio
899 2933 1108 3013 potest
1153 2932 1465 3014 impedire,
1522 2953 1597 2997 30
1651 2934 1855 3016 passio
1903 2935 2186 2999 effectum
2238 2938 2675 3016 consequatur;
2727 2935 2872 3016 quia
2927 2935 3164 3000 scilicet

719 3033 993 3097 membra
1032 3052 1151 3098 non
1186 3035 1576 3117 applicantur
1608 3036 1793 3118 operi,
1828 3037 1943 3100 nisi
1978 3056 2083 3119 per
2118 3056 2480 3101 consensum
2510 3038 2789 3102 rationis,

806 3187 1043 3239 xxxm.
1070 3186 1480 3254 Concupiscentia
1510 3203 1630 3240 vero
1668 3202 1970 3254 consequens
2008 3204 2102 3241 non
2143 3188 2364 3242 diminuit
2405 3196 2670 3255 peccatum,
2709 3190 2794 3241 sed
2833 3188 2986 3253 magis
3012 3196 3160 3252 auget

706 3272 785 3325 vel
806 3269 969 3336 potius
986 3277 1061 3324 est
1081 3271 1275 3335 signum
1294 3271 1641 3336 magnitudinis
1662 3272 1785 3335 0133,
1808 3272 1856 3325 in
1875 3281 2107 3338 quantum
2129 3273 2314 3328 301110οι
2334 3276 2632 3327 demonstrat
2653 3271 2967 3326 intentionem
2986 3274 3160 3327 volun·

702 3354 815 3408 tatis
839 3357 899 3407 ad
927 3363 1086 3409 actum
1126 3357 1328 3421 peccati.
1355 3360 1416 3410 Et
1442 3357 1511 3409 sic
1549 3365 1624 3410 est
1667 3372 1849 3419 verum,
1875 3360 2006 3424 quod
2032 3364 2215 3424 quanto
2238 3358 2414 3424 aliquis
2441 3357 2615 3411 maiori
2639 3357 2839 3411 libidine
2865 3359 2946 3411 vel
2983 3372 3160 3412 concu-

701 3439 934 3506 piscentia
961 3447 1145 3506 peccat,
1173 3447 1305 3493 tanto
1335 3441 1487 3506 magis
1513 3450 1694 3508 peccat.
1723 3460 1763 3497 s,
1790 3447 2020 3507 Thomas,
2047 3447 2089 3497 1.
2113 3447 2161 3497 2.
2183 3460 2234 3509 q.
2254 3446 2338 3497 77.
2360 3461 2404 3498 3.
2427 3446 2474 3496 6.
2496 3443 2630 3497 etde
2649 3443 2798 3498 Malo
2818 3459 2866 3508 q.
2890 3444 2938 3496 3.
2960 3457 3005 3495 3.
3030 3446 3116 3496 Η.

784 3560 908 3634 64.
969 3566 1491 3650 Distinguendum
1547 3574 1659 3642 est,
1711 3573 1782 3633 ut
1828 3571 1954 3633 iam
2013 3572 2368 3635 monuimus
2415 3592 2474 3635 3.
2525 3572 2651 3646 60.,
2702 3572 2863 3635 13101
2908 3575 3156 3637 motum

705 3668 1018 3750 appetitus
1057 3671 1355 3738 sensitivi.
1390 3671 1497 3752 qui
1544 3672 1627 3734 sit
1663 3690 1827 3734 mere
1866 3672 2208 3736 redundans
2247 3693 2317 3736 ex
2356 3678 2499 3738 actu
2537 3674 2879 3738 voluntatis
2917 3677 2981 3738 et
3026 3694 3158 3738 mo—

705 3772 846 3834 tum
881 3772 1193 3854 appetitus
1225 3773 1525 3848 sensitivi‚
1560 3792 1742 3854 quem
1776 3773 2050 3837 studiose
2096 3775 2452 3840 excitaverit
2499 3777 2789 3840 voluntas
2828 3779 2939 3840 aut
2975 3777 3155 3841 0111113

696 3873 919 3938 3311013
957 3875 1039 3938 311
1086 3894 1271 3938 03333
1319 3875 1613 3938 indirecta
1675 3893 1782 3956 per
1834 3876 2276 3959 negligentiam
2323 3877 2385 3941 in
2433 3878 2828 3961 reprimendis
2875 3879 3154 3944 motibus

689 3981 907 4058 sponte
939 3977 1376 4060 exurgentibus
1409 3996 1515 4040 seu
1548 3976 1918 4041 naturaliter
1954 3979 2255 4043 excitatis.
2297 3980 2474 4044 Nunc
2512 3980 2584 4045 de
2630 3981 2828 4063 primo
2861 4000 3030 4045 casu.

783 4077 909 4142 Cur
946 4079 1440 4160 concupiscentia
1477 4097 1852 4160 consequens
1901 4100 2020 4144 303
2067 4082 2296 4146 minuit
2340 4087 2700 4166 peccatum?
2737 4083 2896 4163 Quia
2934 4102 3153 4167 nempe

692 4185 1021 4261 peccatum
1055 4180 1341 4244 consistit
1378 4179 1438 4243 in
1472 4185 1649 4245 motu
1684 4182 2061 4248 voluntatis:
2096 4186 2272 4267 atqui
2309 4189 2483 4250 actus
2531 4187 2877 4250 voluntatis
2915 4190 3154 4251 antece-

699 4281 813 4357 dit,
848 4302 917 4345 ex
959 4282 1260 4364 hypotesi,
1296 4285 1508 4345 actum
1539 4285 2069 4367 concupiscentiae
2114 4306 2235 4351 non
2283 4306 2454 4351 secus
2493 4309 2562 4352 30
2606 4307 2794 4352 03333
2841 4290 3152 4354 antecedit

696 4401 883 4445 suum
922 4383 1225 4446 effectum.
1260 4384 1425 4466 Ergo
1458 4390 1778 4467 peccatum
1801 4389 2109 4470 praeeedit
2129 4392 2372 4454 motum
2395 4391 2955 4473 concupiscentiam
2983 4392 3151 4474 quod

692 4483 924 4548 idcirco
966 4485 1300 4566 perfectum
1339 4491 1658 4570 peccatum
1696 4491 1822 4554 iam
1859 4494 1971 4565 est,
2007 4492 2251 4574 quando
2283 4497 2506 4577 motus,
2525 4494 2642 4557 iste
2688 4494 3022 4559 sensitivus
3053 4514 3152 4560 ex-

683 4587 909 4668 surgit.
954 4587 1086 4649 Iam
1124 4607 1267 4653 vero
1315 4591 1366 4653 si
1405 4595 1613 4656 motus
1651 4594 1984 4658 sensitivus
2021 4594 2293 4659 nondum
2325 4598 2438 4672 est,
2478 4616 2620 4660 cum
2656 4597 2781 4660 iam
2814 4601 2910 4661 est
2957 4599 3148 4680 perfe-
