3529 5158
709 355 815 410 168
1171 368 1384 411 mmor.
1422 370 1486 410 11.
1527 369 1613 409 mr
1650 365 2070 409 CONSGIENTIA.
2110 364 2311 407 cerum
2347 366 2411 405 11.
2450 366 2592 407 nun.
2631 365 2696 405 11.
3024 352 3179 430 [171]

794 467 974 529 Hanc
999 467 1209 530 autem
1234 466 1663 547 quaestionem
1701 464 1988 547 attigisse
2020 462 2245 527 nedum
2285 462 2459 539 utile,
2487 463 2591 527 sed
2614 464 3030 529 necessarium
3055 468 3169 533 est.

706 570 779 633 ut
823 568 1046 632 melius
1093 571 1335 632 constet
1371 568 1556 649 (citra
1604 568 1825 651 longas
1870 565 2369 649 disputationum
2414 566 2755 651 ambages),
2791 586 2951 649 quae
2982 567 3173 633 fuerit

703 671 955 734 tandem
996 670 1170 754 origo
1218 673 1282 735 et
1328 690 1487 752 quae
1525 671 1607 735 sit
1654 669 1925 736 conditio
1976 667 2270 745 theoriae,
2310 686 2469 749 quae
2516 668 2636 732 dici
2675 669 2834 734 solet
2880 670 3173 753 probabi-

703 773 1111 837 lioristarum.

808 874 1033 939 Paucis
1094 875 1306 957 itaque
1368 875 1635 957 expediri
1692 893 1787 938 res
1835 876 2040 957 potest
2094 892 2201 956 per
2262 873 2419 936 hanc
2481 871 2708 938 Suarez
2773 875 3167 950 sententiam,

702 976 766 1039 in
805 976 862 1038 1.
899 978 957 1039 2.
992 979 1072 1041 tr.
1108 978 1168 1040 3.
1202 977 1359 1061 disp.
1391 978 1491 1041 12.
1527 979 1673 1041 sect.
1708 978 1772 1039 3.
1806 996 1867 1041 n.
1903 978 1990 1041 2.:
2035 1001 2069 1033 «
2102 976 2444 1040 Dicendum
2484 976 2703 1058 primo,
2753 979 2827 1040 ut
2873 977 3169 1042 voluntas

701 1079 787 1141 sit
818 1082 1007 1153 recta,
1033 1096 1463 1144 Nsscssssxamm
1503 1099 1652 1158 esse,
1687 1082 1760 1143 ut
1798 1081 2096 1160 sequatur
2125 1078 2423 1143 iudicium
2461 1079 2868 1144 conscientiae
2901 1081 3170 1164 practice

699 1185 941 1246 certum
979 1182 1052 1245 de
1083 1183 1408 1247 honestate
1447 1182 1670 1247 obiecti
1708 1184 1772 1246 et
1809 1181 2091 1245 actionis.
2133 1181 2241 1243 ITA
2274 1182 2602 1244 Doc‘rossxs
2634 1198 2858 1245 omues,

791 1283 878 1345 At
924 1284 1209 1363 quamvis
1256 1282 1481 1349 Suarez
1529 1284 1696 1348 dicat
1750 1310 1784 1341 «
1819 1283 1925 1346 Ita
1971 1282 2529 1367 Doctoreseomnes
2560 1307 2629 1360 »ς
2679 1284 2910 1348 sincere
2956 1287 3169 1350 tamen

700 1383 1047 1465 dicendum,
1082 1386 1413 1451 nonnullos
1452 1386 1633 1450 aliter
1679 1385 1938 1450 sensisse
1970 1386 2032 1449 et
2070 1385 2472 1461 existimasse,
2508 1386 2585 1449 ad
2616 1386 2785 1450 licite
2816 1389 2879 1450 et
2912 1388 3168 1452 honeste

702 1486 1080 1569 operandum
1104 1488 1391 1569 sufficere
1424 1488 1723 1552 ‘indicium
1736 1490 2091 1568 practicam
2109 1485 2395 1567 prudens
2427 1491 2489 1549 et
2515 1486 2819 1550 iudicium-
2839 1488 3169 1567 probabile

696 1592 814 1651 aut
856 1588 1079 1653 saltem
1111 1590 1511 1670 probabilius
1564 1591 1756 1675 (apud
1805 1589 1987 1655 Croix
2034 1591 2141 1655 lib.
2196 1592 2253 1654 1.
2301 1610 2361 1654 n.
2410 1591 2566 1673 47.).
2617 1589 2850 1655 Verum
2912 1592 3170 1672 quinam

699 1691 952 1755 tandem
982 1691 1235 1757 fuerunt
1271 1694 1426 1758 isti?
1459 1692 1808 1758 Sectatores
1856 1694 2016 1757 forte
2063 1694 2371 1758 laxiorum
2421 1692 2830 1775 opinionum?
2875 1692 3165 1759 Minime:

697 1792 800 1857 sed
849 1795 1388 1876 probabilioristae
1436 1795 1726 1873 Elizalde,
1762 1794 2094 1873 Gonzalez,
2138 1794 2446 1880 Camargo
2486 1799 2601 1860 etc.
2645 1797 2744 1860 Ita
2782 1793 2967 1861 Croix
3006 1798 3049 1861 1.
3084 1818 3166 1863 c.:

705 1920 739 1951 ⁴<
773 1896 866 1957 Ad
914 1896 1169 1960 honeste
1218 1897 1595 1979 operandum
1642 1897 1821 1961 debet
1861 1897 2168 1961 dictamen
2207 1898 2503 1961 ultimum
2541 1900 2605 1961 et
2643 1898 2988 1980 prae-ticum
3038 1919 3168 1965 esse

695 2001 922 2064 saltem
967 2003 1289 2066 moraliter
1349 2005 1606 2068 certum.
1656 2003 1755 2066 Ita
1805 2004 2102 2067 Doctores
2152 2021 2360 2067 omnes
2423 2003 2897 2067 communiter...
2946 2006 3164 2069 contra

698 2101 971 2166 Elizalde
1004 2102 1332 2181 Gonzalez,
1366 2102 1674 2188 Camargo
1706 2106 1822 2169 etc.
1853 2128 1919 2167 »z
1954 2105 2179 2186 quibus
2217 2103 2560 2169 videbimus
2593 2105 2999 2170 accensendos
3031 2126 3164 2171 esse

698 2203 967 2267 Antoine
1004 2208 1069 2269 et
1103 2208 1417 2288 quotquot
1454 2206 1531 2269 ad
1568 2206 1744 2270 illam
1784 2207 2060 2270 scholam
2092 2206 2420 2288 pertinent,
2455 2207 2898 2290 cuiuscumque
2936 2209 3164 2274 coloris

695 2306 948 2370 tandem
981 2308 1125 2372 sint.

785 2409 1105 2474 Absurdae
1153 2411 1295 2475 huic
1342 2411 1657 2476 doctrinae
1704 2430 1826 2475 non
1874 2411 2343 2476 immorabimur
2402 2412 2800 2477 refutandae:
2851 2411 2956 2476 sed
3005 2413 3164 2479 illud

696 2513 791 2575 est
828 2512 1358 2578 animadversione
1391 2513 1845 2597 dignissimum,
1874 2513 2038 2596 quod
2070 2533 2212 2578 cum
2242 2515 2412 2597 turpi
2437 2515 2552 2578 hoc
2585 2515 2934 2598 sphalmate
2959 2535 3164 2582 neces-

692 2614 859 2679 sario
914 2618 1317 2680 connectatur
1370 2617 1611 2681 theoria
1666 2617 1740 2681 de
1788 2617 2152 2682 necessitate
2208 2616 2481 2681 sectandi
2535 2617 2979 2700 probabiliores
3028 2621 3164 2703 opi-

696 2717 928 2781 niones.
954 2717 1130 2782 Unde
1169 2723 1377 2800 patere
1410 2720 1660 2800 poterit,
1689 2719 1969 2783 homines
2002 2720 2176 2794 istos,
2206 2720 2313 2801 qui
2345 2721 2473 2784 zelo
2514 2720 2804 2801 quodam,
2830 2722 2939 2803 qui
2965 2722 3162 2788 furori

694 2819 959 2883 similior
981 2819 1283 2898 videatur,
1310 2821 1599 2885 insectati
1633 2824 1781 2884 sunt
1804 2822 2149 2898 laxitatem,
2185 2841 2375 2903 quam
2398 2824 2687 2906 consequi
2719 2824 3163 2890 existimabant

695 2939 765 2984 ex
803 2923 1117 2986 communi
1154 2923 1434 2989 doctrina
1466 2924 1706 2987 nullam
1738 2924 2092 3006 imponente
2126 2926 2570 3008 obligationem
2602 2926 2894 3008 sequendi
2928 2929 3163 3010 opinio·

698 3043 836 3086 nem
888 3025 1385 3107 probabiliorem,
1435 3026 1590 3090 istos
1637 3025 1950 3110 (inquam)
1997 3047 2208 3093 veram
2255 3028 2581 3093 laxitatem
2625 3048 2838 3112 reapse
2883 3030 3161 3096 induisse

694 3129 757 3190 et
787 3127 924 3193 ideo
958 3130 1078 3193 huc
1116 3131 1455 3213 prolapsoS,
1491 3129 1639 3212 quia
1677 3149 1800 3195 non
1834 3131 2268 3197 intellexerunt
2300 3135 2538 3197 statum
2570 3134 2973 3215 quaestionis,

779 3230 1094 3297 Nimirum
1141 3236 1445 3316 putarunt
1490 3233 1618 3311 isti,
1666 3233 1967 3297 iudicium
2026 3234 2320 3298 ultimum
2381 3235 2743 3317 practicum,
2792 3255 2916 3317 quo
2966 3257 3158 3322 agens

690 3334 896 3396 certus
935 3334 1007 3399 fit
1045 3335 1118 3400 de
1157 3336 1480 3400 honestate
1518 3336 1781 3401 actionis
1827 3354 1995 3410 suae,
2046 3355 2172 3412 sen,
2222 3335 2386 3417 quod
2434 3336 2595 3401 idem
2631 3341 2744 3412 est,
2785 3356 2908 3420 quo
2947 3343 3158 3405 certus

690 3433 780 3509 fit,
817 3453 880 3498 se
919 3455 1039 3500 non
1080 3438 1319 3519 operari
1357 3441 1572 3502 contra
1604 3438 2000 3502 voluntatem
2038 3436 2320 3520 Supremi
2358 3439 2783 3523 Legislatori3‚
2824 3443 3153 3523 putarunt,

689 3534 965 3616 inquam,
993 3538 1296 3602 eiusmodi
1321 3540 1663 3621 practicam
1693 3539 1994 3604 iudicium
2033 3556 2276 3604 semesa
2308 3558 2383 3604 ΕΤ
2414 3558 2478 3604 m
2509 3559 2711 3607 nanus
2743 3559 2993 3618 QUOQUE
3026 3562 3156 3609 Nox

690 3653 1054 3701 mmmsrrs
1086 3656 1208 3703 non
1242 3640 1411 3704 aliud
1451 3659 1581 3706 esse
1610 3641 1929 3716 iudicium,
1965 3662 2154 3725 quam
2186 3642 2349 3724 quod
2385 3643 2578 3708 fertur
2611 3646 2904 3727 spectatis
2937 3647 3158 3712 intrin-

689 3739 841 3802 secis
888 3740 1234 3805 rationibus
1282 3742 1581 3825 cuiusque
1626 3744 2010 3825 quaestionis
2057 3745 2341 3827 propriiS,
2383 3767 2440 3808 v.
2482 3765 2576 3830 gr.
2626 3748 2922 3829 spectatis
2970 3768 3158 3834 argu-

685 3842 930 3920 mentiS,
971 3862 1129 3925 quae
1160 3844 1303 3909 hinc
1333 3849 1395 3909 et
1432 3845 1571 3910 inde
1610 3846 1952 3911 afferuntur
1984 3847 2048 3910 in
2079 3848 2462 3928 quaestione,
2499 3847 2612 3912 An
2649 3848 2838 3912 liceat
2865 3849 2966 3913 die
2997 3849 3157 3930 festo

676 3944 942 4026 pinyere
971 3966 1089 4010 acu
1120 3947 1233 4031 (a).

761 4177 827 4226 (a)
858 4174 987 4218 Hinc
1014 4175 1232 4218 Antoine
1265 4178 1331 4220 De
1361 4178 1519 4221 C'omc.
1549 4189 1658 4231 cap.
1687 4178 1729 4221 4.
1760 4190 1808 4232 q.
1840 4177 1882 4220 3.
1915 4178 2170 4232 proponlta
2202 4180 2512 4234 quaestIone,
2548 4200 2568 4220 e
2589 4193 2658 4224 un
2684 4181 2838 4226 licent
2875 4185 3022 4239 sequi
3053 4186 3158 4241 opi-

679 4239 883 4282 nionem
911 4243 1131 4284 stantem
1161 4254 1252 4295 pro
1270 4241 1524 4295 libertate,
1545 4244 1599 4286 in
1619 4256 1870 4287 concursu
1890 4257 2050 4300 aeque
2071 4246 2341 4300 probabilis
2364 4249 2550 4291 stantis
2570 4261 2660 4303 pro
2680 4249 2788 4304 lego
2808 4268 2826 4286 >
2845 4265 2856 4293 ε
2879 4253 3154 4305 respondet

678 4308 935 4362 negativ03
966 4311 1088 4362 quin
1116 4310 1169 4352 in
1198 4323 1445 4355 concursu
1475 4312 1693 4354 duarum
1722 4313 2019 4365 opinionum
2049 4327 2207 4368 aeque
2238 4315 2576 4369 probabilium
2605 4321 2680 4359 est
2710 4330 2890 4360 verum
2919 4319 3153 4370 dubium,

676 4375 891 4429 ideoque
918 4376 1122 4419 nullum
1150 4379 1372 4431 prudens
1402 4378 1649 4423 iudicium
1676 4379 1810 4432 quod
1842 4379 1987 4423 licita
2016 4382 2083 4423 sit
2112 4382 2246 4425 actio
2277 4385 2327 4425 et
2357 4394 2458 4426 non
2487 4385 2651 4427 exntet
2672 4386 2988 4429 contrarium
3010 4397 3155 4441 prte-

677 4446 898 4494 ceptum.
933 4460 953 4480 e
975 4443 1167 4495 Peccnt,
1196 4445 1286 4499 qui
1313 4446 1419 4501 agit
1449 4446 1555 4488 sine
1585 4445 1828 4498 prudenti
1871 4447 2074 4499 iudicio.
2105 4449 2240 4503 quod
2268 4450 2401 4492 actio
2427 4450 2496 4492 sit
2525 4450 2692 4493 licite:
2726 4452 2870 4506 atqui
2911 4452 2966 4496 in
2995 4453 3153 4508 hypo-

678 4506 812 4550 thesi
840 4507 1010 4562 agitur
1038 4509 1145 4553 sine
1166 4510 1404 4564 prudenti
1423 4510 1685 4564 iudicio...;
1720 4525 1840 4554 nam
1862 4515 2048 4568 (egene)
2071 4527 2170 4557 non
2193 4519 2356 4568 potest
2387 4516 2613 4559 indicare
2640 4517 2824 4560 saltem
2845 4518 3148 4576 prudenter,

681 4588 857 4619 veram
884 4588 989 4620 esse
1021 4578 1321 4633 opinionem,
1353 4591 1454 4622 non
1482 4581 1682 4622 exstare
1711 4584 2063 4635 praeceptum3
2094 4593 2187 4625 non
2215 4585 2338 4627 enim
2367 4584 2497 4627 habet
2523 4584 2888 4637 fundamentum
2913 4588 3147 4640 sufficiens
