3529 5158
1398 712 2203 803 'rRAG'rATUS
2264 717 2457 802 ΙΙΙ.

1664 893 1776 957 DE
1821 892 2197 962 LEGIBUS.

1737 1274 2012 1345 CAPUT
2058 1281 2108 1345 Ι.

1183 1448 1263 1496 DE
1297 1449 1547 1497 NATURA
1577 1449 1654 1496 ΕΤ
1686 1450 2092 1501 OBLIGATIONE
2125 1453 2300 1500 LEGIS
2330 1454 2397 1501 IN
2428 1453 2675 1501 GENERE

1793 1642 1956 1705 DUB.
1997 1641 2046 1705 Ι.

1425 1777 1595 1859 Quid
1619 1780 1708 1842 sit
1735 1777 1838 1843 lex
1868 1781 1996 1843 sive
2022 1783 2443 1860 praeceptum.

800 1956 836 2006 l.
865 1953 1173 2018 Respondeo.
1201 1953 1303 2004 Lex
1342 1958 1391 2004 et
1431 1958 1763 2018 praeceptum,
1808 1958 1954 2018 prout
1992 1952 2101 2006 heic
2135 1951 2414 2008 indistincte
2461 1952 2714 2021 accipitur,
2740 1958 2815 2007 est
2848 1961 2982 2008 recta
3014 1970 3161 2020 agen·

700 2040 871 2091 dorum
911 2044 995 2089 aul
1033 2036 1419 2090 omittendorum
1457 2036 1602 2090 ratio.
1631 2036 1845 2102 Interim,
1874 2051 1984 2091 cum
2022 2052 2048 2091 a
2088 2038 2344 2106 superiore
2382 2056 2475 2096 non
2509 2039 2860 2106 communitati,
2892 2042 2981 2095 sed
3007 2041 3155 2095 alicui

701 2128 887 2176 tantum
926 2129 1008 2175 aul
1047 2120 1291 2187 aliquibus
1326 2119 1376 2174 in
1416 2120 1702 2188 particula-i
1738 2120 1919 2187 aliquid
1959 2123 2275 2190 praecipitur,
2311 2140 2409 2180 non
2449 2128 2725 2194 appellatur
2759 2127 2857 2192 lex,
2896 2127 2985 2179 sed
3023 2139 3160 2192 prae·

707 2214 901 2274 ceptum
942 2212 1146 2261 lantum.
1166 2207 1309 2260 Suar.
1330 2208 1501 2271 Laym.
1521 2204 1587 2261 de
1609 2206 1737 2276 Lea.
1757 2220 1801 2259 c.
1822 2209 1855 2258 l.
1875 2208 2061 2262 Bonae.
2081 2210 2129 2261 d.
2151 2211 2199 2262 l.
2219 2225 2265 2275 q.
2290 2212 2339 2263 l.
2358 2227 2405 2279 p.
2430 2214 2476 2263 4.

785 2326 965 2401 236.
1016 2328 1340 2406 Definitio;
1388 2333 1559 2393 recta
1587 2328 1973 2410 aymdorum
2001 2332 2118 2393 aut
2143 2331 2621 2396 emittendorum
2649 2332 2835 2406 ratic,
2868 2351 2993 2397 non
3023 2351 3160 2397 con-

701 2433 874 2498 venit
918 2433 1036 2497 soli
1071 2431 1198 2516 legi
1230 2432 1474 2515 proprie
1504 2432 1724 2509 dictae,
1764 2432 1872 2496 sed
1909 2432 2100 2497 etiam
2133 2436 2476 2518 praecepto.
2511 2435 2770 2519 Insuper
2801 2435 2904 2500 vix
2941 2455 2978 2499 a
3022 2454 3161 2501 con-

698 2537 837 2602 silio
885 2535 1326 2619 distinguetur.
1360 2534 1474 2599 Est
1505 2534 1634 2599 scil.
1670 2533 1946 2622 definitio
1979 2535 2137 2621 legis
2172 2536 2340 2602 latae
2376 2538 2680 2622 sumptae.

785 2638 1080 2703 Definitio
1129 2657 1202 2702 ex
1248 2656 1298 2702 s.
1333 2636 1551 2702 Thom.
1598 2638 1654 2700 1.
1698 2639 1758 2700 2.
1795 2657 1854 2720 q.
1890 2639 1996 2701 90.
2037 2641 2156 2703 art.
2190 2641 2252 2703 4.
2309 2665 2344 2698 ‹
2375 2640 2465 2705 Ex
2510 2643 2783 2723 quatuor
2827 2643 3154 2726 praedictis

698 2742 908 2825 potest
939 2739 1153 2823 colligi
1185 2738 1462 2803 definitio
1493 2738 1669 2823 legiS‚
1710 2758 1869 2821 quae
1900 2740 2058 2804 nihil
2088 2743 2184 2806 est
2220 2742 2410 2821 aliud,
2443 2763 2633 2825 quam
2663 2745 2968 2826 quaedam
3001 2745 3155 2810 ordi-

694 2842 870 2907 natio
909 2841 1191 2919 rationis,
1228 2840 1306 2905 ad
1343 2842 1576 2905 bonum
1612 2861 1955 2921 commune,
2000 2843 2076 2907 ab
2114 2864 2205 2922 eo,
2240 2846 2348 2928 qui
2393 2865 2607 2911 curam
2652 2847 2839 2912 habet
2884 2866 3154 2912 commu·

692 2944 934 3021 nitatis,
969 2943 1368 3028 promulgata
1393 2969 1454 3007 ».

781 3045 1069 3126 Quatuor
1123 3046 1254 3124 illa,
1304 3046 1377 3110 de
1423 3046 1648 3128 quibus
1696 3065 1744 3110 s.
1795 3047 2086 3126 Thomas,
2136 3049 2285 3112 sunt
2342 3049 2407 3112 1⁰
2461 3047 2793 3114 Ordinatio
2850 3052 3154 3129 rationi&

691 3150 860 3232 quia,
892 3149 1041 3213 ibid.
1080 3151 1197 3213 art.
1237 3150 1317 3227 1.,
1359 3173 1394 3208 «
1425 3149 1642 3234 regula
1675 3152 1737 3214 et
1768 3169 2057 3215 mensura
2095 3153 2351 3215 actuum
2396 3151 2812 3217 humanorum
2843 3156 2939 3218 est
2967 3153 3150 3230 ratio,

699 3272 859 3335 quae
897 3254 991 3316 est
1025 3252 1297 3334 primum
1326 3251 1699 3336 principium
1731 3254 1988 3317 actuum
2017 3253 2498 3317 humanorum...
2532 3253 2820 3320 Rationis
2851 3255 3017 3320 enim
3062 3256 3155 3319 est

696 3356 978 3420 ordinare
1016 3355 1092 3419 ad
1123 3355 1327 3434 finem,
1364 3355 1473 3438 qui
1504 3358 1599 3420 est
1636 3356 1908 3439 primum
1944 3357 2314 3440 principium
2351 3357 2415 3420 in
2446 3357 2700 3443 agendis
2732 3383 2794 3422 ».

873 3454 943 3520 2⁰
981 3455 1098 3519 Ad
1129 3456 1356 3521 bonum
1384 3477 1740 3535 commune,·
1772 3459 1939 3540 quia,
1973 3459 2120 3523 ibid.
2163 3462 2280 3524 art.
2331 3461 2414 3538 2.,
2454 3480 2561 3543 per
2595 3460 2796 3545 legem
2827 3460 3016 3526 homo
3065 3479 3155 3526 or-

695 3559 949 3622 dinatur
979 3577 1091 3622 ceu
1128 3577 1271 3642 pars
1318 3559 1397 3623 ad
1434 3559 1770 3643 perfectam
1815 3561 2360 3626 communitatem:
2409 3561 2549 3626 finis
2597 3564 2809 3627 autem
2855 3565 2951 3628 est
2996 3582 3154 3628 com·

690 3662 896 3726 munis
932 3660 1217 3728 felicitas.

871 3765 944 3827 3⁰
977 3763 1083 3828 Ab
1117 3783 1184 3827 eo
1209 3766 1323 3846 qui
1344 3785 1560 3828 curam
1583 3763 1769 3828 habet
1796 3767 2259 3831 communitatis
2274 3787 2298 3845 ,·
2345 3766 2511 3849 quia,
2545 3767 2694 3832 ibid.
2729 3770 2847 3833 art.
2882 3769 2966 3846 3.,
3002 3770 3154 3833 «lex

700 3867 944 3950 proprie
976 3867 1042 3931 et
1077 3866 1499 3950 principaliter
1530 3867 1782 3950 respicit
1820 3868 2095 3933 ordinem
2120 3869 2195 3934 ad
2219 3870 2452 3934 bonum
2488 3888 2832 3936 commune.
2858 3869 3153 3937 Ordinare

704 3972 916 4034 autem
950 3968 1186 4051 aliquid
1223 3969 1287 4032 in
1325 3969 1558 4034 bonum
1594 3989 1938 4052 communq
1952 3973 2046 4035 est
2076 3972 2176 4036 vel
2211 3971 2411 4037 totius
2440 3972 2864 4037 multitudinis
2901 3973 3001 4037 vel
3048 3973 3153 4037 ali-

691 4072 869 4136 cuius
919 4072 1190 4156 gerentis
1238 4072 1436 4137 vicem
1466 4072 1667 4137 totius
1703 4072 2149 4138 multitudinis.
2198 4073 2281 4138 Et
2332 4073 2468 4139 ideo
2515 4073 2771 4139 condere
2816 4074 3020 4160 legem
3056 4074 3153 4140 vel

693 4174 964 4256 pertinet
1010 4174 1088 4238 ad
1135 4176 1338 4239 totam
1375 4175 1864 4254 multitudinem,
1904 4176 2003 4240 vel
2040 4176 2310 4260 pertinet
2346 4176 2422 4241 ad
2459 4195 2785 4260 personam
2822 4178 3150 4262 publicam,

696 4293 854 4356 quae
879 4276 1077 4340 totius
1100 4277 1524 4342 multitudinis
1547 4298 1760 4343 curam
1778 4278 1993 4356 habet3
2028 4280 2176 4361 quia
2207 4279 2272 4343 et
2298 4281 2365 4344 in
2397 4280 2682 4345 omnibus
2705 4281 2846 4345 aliis
2872 4280 3149 4346 ordinare

686 4376 752 4439 in
784 4377 969 4441 finem
1001 4379 1098 4443 est
1133 4379 1285 4457 eim,
1326 4379 1503 4444 cuius
1541 4383 1636 4445 est
1666 4382 1952 4464 proprius
1982 4381 2088 4447 ifle
2117 4381 2259 4446 finis
2290 4407 2351 4446 ».

865 4477 944 4544 4⁰
992 4479 1449 4564 Promulyatm
1495 4483 1664 4564 quia,
1698 4483 1845 4547 ibid.
1882 4486 1998 4549 art.
2039 4485 2124 4562 4.,
2166 4510 2201 4542 «
2233 4484 2312 4549 ad
2347 4485 2465 4549 hoc
2509 4485 2675 4567 quod
2720 4486 2819 4551 lex
2847 4485 3142 4550 virtutem

687 4581 1001 4667 obligandi
1040 4584 1337 4665 obtineat,
1386 4585 1553 4666 quod
1600 4589 1694 4651 est
1731 4586 2050 4670 proprium
2093 4587 2251 4673 legis
2299 4588 2545 4672 oportet
2588 4587 2755 4670 quod
2802 4588 3141 4671 applicetur
