3529 5158
323 378 435 454 [70]
466 394 569 436 vis
595 393 714 435 snm
740 394 1077 435 nonnum
1098 392 1206 440 ουτ
1229 389 1423 432 eorus
1445 389 1511 430 m
1534 388 1806 432 sunam-r.
1829 391 1913 430 An
1936 390 2172 441 ’ronnxr
2191 391 2631 435 vonum-amum
2705 379 2775 433 67

322 495 574 557 externa
606 496 826 557 contra
856 489 1202 555 voluntatis
1233 487 1549 552 decretum
1576 504 1946 570 repugnans.
1981 487 2082 550 Ita
2119 487 2171 550 si
2207 488 2345 568 quis
2393 488 2776 554 abstrahitur

323 614 355 659 e
385 595 570 659 domo
604 595 709 658 vel
740 593 880 659 sinu
928 592 1277 675 parentum,
1308 589 1364 653 si
1406 588 1767 671 impellatur
1810 588 1901 652 ita
1946 589 2021 651 ut
2065 588 2265 663 cadat,
2299 589 2352 652 si
2399 591 2776 672 apprehensa

319 716 528 772 manu,
564 715 788 760 nomen
821 713 1006 759 suum
1036 691 1295 757 scribere
1326 692 1604 773 cogatur.

407 800 580 864 Haec
613 816 761 863 vero
797 795 1087 861 accidunt
1118 794 1311 858 etiam
1346 793 1410 856 in
1441 791 1737 875 potentiis
1775 790 2051 856 internis.
2083 790 2247 855 Nam
2276 794 2491 856 contra
2521 811 2591 856 ac
2637 794 2776 874 quis

321 902 493 979 velit,
542 902 757 984 potest
802 899 971 964 Deus
1016 897 1111 961 ita
1158 895 1417 960 obiicere
1462 891 1808 958 intellectui
1854 892 2129 973 aliquam
2173 893 2520 969 veritatem,
2569 896 2644 958 ut
2678 896 2778 960 vel

318 1006 556 1070 invitus
604 1023 745 1069 eam
790 1001 1116 1086 percipiat:
1167 1000 1373 1081 potest
1403 983 1681 1061 Daemon
1726 996 2168 1078 phantasmata
2197 996 2262 1059 in
2305 996 2774 1080 imaginatione,

316 1108 650 1172 voluntate
679 1105 1085 1189 repugnante,
1120 1101 1385 1165 excitare
1416 1118 1487 1163 ac
1522 1097 1812 1174 detinere,
1838 1099 2048 1179 potest
2076 1096 2232 1162 ciere
2261 1099 2470 1162 motus
2501 1098 2566 1162 in
2598 1118 2776 1182 appe-

316 1210 441 1275 titu
472 1208 773 1273 sensitivo
805 1208 922 1271 ete.

400 1308 869 1375 Advertendum
915 1309 1144 1382 tamen,
1187 1302 1351 1386 quod
1398 1301 1643 1384 quando
1691 1301 1903 1385 agitur
1947 1300 2022 1364 de
2069 1300 2308 1364 actibus
2355 1302 2774 1383 potentiarum

316 1414 721 1489 internarum,
745 1410 858 1475 isti
888 1411 1084 1484 actus,
1119 1407 1312 1471 relate
1351 1405 1428 1469 ad
1458 1404 1823 1487 potentiam,
1851 1422 1887 1467 a
1918 1421 2041 1484 qua
2077 1404 2447 1479 exercentur,
2473 1422 2596 1469 non
2628 1407 2776 1471 sunt

317 1517 517 1582 coacti
547 1534 745 1597 neque
782 1512 1077 1588 violenti;
1111 1510 1259 1592 quia
1289 1527 1411 1574 non
1443 1509 1589 1573 sunt
1618 1508 1835 1571 contra
1865 1504 2329 1569 inclinationem
2364 1506 2534 1570 illius
2565 1509 2777 1589 poten·
2811 1532 2816 1533 ff

318 1621 462 1695 tiae,
505 1638 543 1684 a
580 1637 706 1701 qua
744 1616 1079 1682 eliciuntur
1104 1632 1302 1694 neque
1338 1611 1497 1675 fiunt
1529 1609 1607 1673 ab
1639 1608 1762 1672 alio
1796 1606 2091 1689 principio
2133 1607 2469 1671 extrinseco
2499 1608 2627 1671 illis
2664 1627 2775 1690 po-

317 1723 549 1799 tentiiS,
591 1720 697 1785 sed
744 1719 891 1783 sunt
927 1715 1267 1782 conformes
1314 1710 1621 1795 appetitui
1665 1708 1959 1783 naturali,
1999 1725 2121 1788 quo
2167 1708 2284 1771 hae
2330 1709 2643 1790 potentiae
2685 1709 2778 1774 in-

316 1824 627 1890 clinantur
660 1822 737 1887 ad
784 1838 929 1885 suos
975 1821 1153 1883 actus
1200 1818 1263 1881 et
1309 1813 1387 1879 ad
1431 1831 1545 1878 sua
1593 1811 1833 1876 obiecta
1871 1811 2057 1891 atque
2104 1809 2181 1873 ab
2225 1809 2444 1874 iisdem
2481 1812 2775 1893 potentiis

317 1928 668 1993 eliciuntur.
704 1922 922 1989 Coacti
955 1939 1101 1986 vero
1149 1919 1440 1983 dicuntur
1484 1912 1809 1978 moraliter
1838 1912 1967 1976 sive
2010 1911 2203 1975 relate
2250 1911 2327 1975 ad
2366 1912 2772 1990 voluntatem,

316 2049 439 2113 qna
467 2028 671 2092 invita
702 2045 776 2091 ac
810 2024 1117 2090 renitente
1140 2020 1239 2085 issi
1276 2020 1453 2083 actus
1490 2035 1527 2081 a
1563 2014 1824 2098 propriis
1857 2013 2150 2096 potentiis
2187 2015 2586 2096 peraguntur.
2614 2013 2778 2079 Hinc

316 2132 554 2197 Paulus
587 2130 770 2193 Rom.
803 2126 947 2191 VH.
992 2126 1094 2189 15.
1127 2120 1294 2204 quod
1333 2119 1439 2183 odi
1482 2117 1736 2190 malum,
1777 2114 1945 2178 illud
1974 2112 2155 2193 facio.
2189 2114 2344 2178 Vide
2381 2114 2663 2197 Vasquez
2707 2116 2774 2180 in

320 2235 375 2297 1.
411 2235 472 2297 2.
509 2231 669 2314 disp.
696 2229 801 2294 26.
827 2247 961 2310 cap.
988 2228 1050 2291 4.
1078 2227 1141 2290 et
1173 2223 1398 2289 Suarez
1429 2222 1492 2285 in
1522 2222 1579 2284 1.
1608 2222 1668 2285 2.
1694 2220 1878 2284 tract.
1907 2220 1967 2281 2.
1993 2217 2147 2300 disp.
2176 2219 2238 2282 2.
2262 2219 2412 2282 sect.
2446 2218 2506 2282 6.
2531 2238 2591 2281 n.
2618 2219 2770 2283 4.-7.

416 2389 706 2443 XXXVIII.
740 2384 832 2441 Vis
858 2386 1083 2437 absoluta
1113 2395 1319 2449 prorsus
1346 2377 1471 2433 tollit
1498 2375 1846 2437 voluntarium,
1870 2372 1968 2427 imo
1992 2373 2373 2427 involuntarium
2412 2382 2595 2429 causat.
2625 2374 2769 2428 Ratio

311 2482 400 2539 est,
423 2481 479 2527 nt
502 2471 660 2538 inquit
686 2486 725 2524 s.
746 2472 963 2524 Thomas
988 2469 1031 2521 1.
1050 2470 1098 2519 2.
1120 2482 1167 2532 q.
1189 2469 1237 2518 6.
1260 2470 1353 2516 art.
1373 2464 1441 2525 5.,
1462 2461 1573 2527 qnia
1601 2459 1834 2514 violentia
1851 2459 2030 2512 directe
2050 2456 2314 2524 opponitur
2335 2459 2612 2512 voluntario
2640 2460 2777 2512 sicut

311 2567 359 2612 et
384 2556 651 2612 naturali...
668 2554 805 2609 Sicut
825 2567 941 2618 ergo
957 2551 1007 2606 in
1028 2553 1194 2617 rebus,
1214 2561 1339 2616 qnae
1359 2546 1634 2611 cognitione
1652 2550 1837 2607 carent,
1857 2541 2089 2598 violentia
2118 2542 2231 2596 tacit
2258 2542 2438 2608 aliquid
2465 2559 2573 2598 esse
2599 2550 2773 2599 contra

313 2653 566 2708 naturam;
590 2642 656 2694 ita
685 2641 736 2693 in
760 2641 909 2693 rebus
940 2634 1346 2702 cognoscentibus
1372 2631 1483 2685 Iacit
1518 2629 1701 2697 aliquid
1737 2643 1848 2684 esse
1883 2635 2050 2682 contra
2089 2628 2406 2681 voluntatem.
2434 2631 2576 2697 Quod
2603 2636 2768 2683 autem

313 2734 393 2782 est
428 2734 605 2781 contra
645 2731 886 2789 naturam,
911 2720 1091 2776 dicitur
1126 2734 1234 2774 esse
1270 2717 1544 2771 innaturale
1567 2724 1616 2769 et
1652 2713 1874 2768 similiter
1895 2714 2026 2779 quod
2053 2719 2127 2767 est
2153 2719 2317 2766 contra
2359 2716 2678 2780 voluntatem,
2700 2714 2775 2767 di-

315 2812 449 2867 citnr
484 2825 594 2865 esse
634 2806 1031 2862 involuntarium.
1059 2807 1199 2859 Unde
1236 2799 1468 2855 violentia
1505 2796 1886 2853 involuntarium
1921 2803 2105 2850 causat.

415 2896 665 2951 XXXIX.
692 2892 746 2946 si
781 2906 897 2945 vero
924 2905 1020 2944 non
1046 2890 1270 2942 absoluta
1295 2885 1441 2940 tuerit
1467 2882 1671 2946 coactio,
1692 2884 1778 2936 sed
1804 2882 2068 2936 secundum
2092 2881 2226 2948 qnid,
2247 2896 2348 2935 non
2371 2897 2572 2949 pmrsns
2599 2885 2775 2937 volun-

306 2981 488 3036 tarium
515 2978 666 3046 ionii,
692 2979 780 3031 sed
807 2976 930 3030 illud
956 2973 1109 3038 magis
1136 2971 1361 3025 minusve
1392 2967 1579 3034 minuit,
1603 2975 1750 3035 prout
1778 2966 1935 3020 maior
1958 2974 2040 3019 aut
2076 2967 2236 3020 minor
2271 2966 2378 3032 ipsa
2416 2966 2664 3020 exstiterit
2692 2969 2774 3022 vel

305 3074 458 3132 prom
476 3062 643 3128 nafis
656 3067 743 3115 aut
774 3059 937 3114 mium
954 3059 1185 3111 voluntas
1206 3055 1372 3110 illatae
1393 3052 1441 3106 vi
1457 3051 1738 3118 acquiescit.
1758 3051 1888 3104 Vide
1905 3066 1945 3103 s.
1965 3053 2200 3105 Thomam
2227 3053 2272 3104 I.
2292 3054 2342 3103 2.
2362 3067 2408 3115 q.
2430 3055 2478 3104 6.
2502 3067 2546 3105 a.
2570 3053 2620 3105 5.
2641 3054 2701 3104 ad
2724 3055 2776 3105 2.

304 3149 433 3205 Hinc
471 3153 619 3217 patet
654 3147 904 3213 quomodo
940 3139 1270 3197 involuntaria
1306 3153 1403 3192 non
1428 3136 1517 3191 (uit
1542 3151 1673 3190 mors
1695 3135 1879 3192 Christi
1906 3134 2100 3188 Domini
2127 3142 2210 3187 aut
2236 3149 2302 3186 ss.
2327 3137 2619 3201 Martyrumg
2653 3136 2768 3199 quia

301 3249 481 3302 nempe
520 3232 665 3286 illata
704 3236 943 3283 tormenta
981 3241 1039 3281 ac
1077 3238 1245 3279 necem
1282 3219 1597 3276 libentissime
1634 3218 1908 3274 subierunt.

380 3350 515 3424 70.
568 3349 659 3416 Ut
704 3348 824 3412 rite
853 3344 1264 3428 intelligatur,
1305 3336 1613 3422 quomodo
1652 3354 1774 3400 non
1811 3335 2074 3398 tollatur
2111 3333 2555 3410 voluntarium,
2588 3334 2638 3398 si
2679 3334 2772 3399 vis

292 3459 375 3521 sit
408 3474 543 3520 non
578 3449 892 3523 absoluta,
926 3445 1031 3510 sed
1075 3442 1413 3508 seeundum
1457 3438 1628 3521 quid,
1662 3437 1886 3520 duplex
1917 3435 2342 3520 distinguatur
2371 3436 2610 3514 moduS,
2650 3455 2772 3520 quo

293 3559 387 3623 vis
425 3559 587 3630 ista,
631 3553 707 3615 ut
742 3549 1026 3633 superius
1070 3545 1430 3611 notavimus
1459 3542 1548 3622 (n.
1587 3541 1783 3622 115.)‚
1817 3539 2023 3603 locum
2063 3538 2268 3603 habet.
2307 3538 2520 3604 Primo
2561 3539 2773 3622 itaque

288 3661 480 3725 modo
534 3658 642 3722 vis
686 3651 1026 3719 secundnm
1062 3649 1213 3731 quid
1256 3646 1500 3720 dicitur,
1540 3662 1699 3725 quae
1735 3641 2035 3725 pertinaci
2071 3642 2396 3707 voluntate
2432 3661 2503 3706 ac
2548 3646 2776 3708 conatu

292 3763 595 3828 adhibito
646 3772 897 3839 prorsus
942 3751 1147 3837 frangi
1193 3750 1305 3814 aut
1349 3746 1565 3829 repelli
1607 3745 1705 3809 vel
1751 3744 1976 3809 saltem
2019 3743 2330 3809 debilitari
2375 3747 2599 3826 potest.
2641 3746 2775 3810 Iam

288 3885 435 3931 vero
470 3859 901 3929 manifestum
932 3858 1048 3932 est,
1081 3873 1242 3927 eum,
1277 3851 1385 3933 qui
1416 3851 1621 3934 potest
1653 3848 1782 3912 vim
1818 3847 2106 3930 repellere
2136 3848 2201 3912 et
2229 3865 2350 3911 non
2398 3846 2649 3911 adhibet
2685 3849 2777 3911 ul-

284 3970 420 4034 lnm
464 3966 789 4032 conatum
824 3960 923 4024 vel
959 3959 1121 4023 certe
1158 3974 1281 4020 non
1318 3955 1623 4036 quantum
1659 3952 1868 4034 potest
1904 3969 2012 4032 pro
2049 3949 2283 4013 viribus
2331 3949 2584 4025 resistit,
2619 3951 2775 4015 velle

286 4072 425 4157 pati
457 4071 687 4154 ipsam
718 4061 1101 4136 violentiam,
1139 4077 1263 4122 non
1310 4055 1557 4138 quidem
1593 4053 1822 4118 directe
1857 4052 1959 4133 (ut
1987 4065 2148 4115 nunc
2185 4050 2636 4136 supponimus),
2670 4052 2774 4116 sed

285 4178 454 4240 certe
486 4167 830 4240 indirecte,
865 4160 1206 4229 omittendo
1240 4159 1473 4226 scilicet
1501 4159 1796 4222 conatum
1833 4153 2173 4219 resistendi.
2212 4154 2372 4218 Hinc
2411 4154 2502 4232 fit,
2541 4157 2615 4218 ut
2653 4175 2775 4239 quo

282 4277 498 4343 minor
547 4273 663 4338 eat
708 4266 1044 4332 violentiae
1086 4263 1357 4345 impetus
1404 4261 1590 4341 atque
1645 4257 1797 4322 adeo
1856 4256 2096 4321 facilior
2153 4256 2522 4333 resistentia,
2572 4259 2777 4340 passio

280 4380 499 4445 minus
550 4367 998 4440 involuntaria
1026 4385 1136 4431 sen
1173 4363 1378 4449 magis
1408 4360 1763 4428 voluntaria
1802 4359 2149 4424 censeatur:
2189 4359 2402 4423 contra
2438 4359 2646 4424 minus
2677 4379 2781 4425 vo-

280 4480 581 4550 luntaria
634 4473 968 4546 habeatur,
1001 4487 1125 4551 quo
1168 4467 1370 4532 maior
1415 4467 1478 4529 et
1523 4461 1786 4528 validior
1830 4459 1953 4525 fuit
1996 4460 2178 4524 illata
2213 4459 2308 4524 vis
2356 4479 2427 4524 ac
2470 4459 2781 4526 difficilior

281 4586 359 4651 ad
392 4574 875 4669 repellendum.
908 4572 1068 4635 Hinc
1103 4568 1550 4636 consectarium
1581 4564 1746 4648 quod
1783 4562 2206 4629 voluntarium
2243 4565 2523 4627 censetur
2553 4561 2780 4646 virgini
