3529 5158
374 333 523 411 [624]
1039 346 1383 388 ms'rmc'rto
1424 342 1745 388 nummum
1785 341 2187 385 PROCATORUM
2735 327 2842 382 559

1376 515 1735 579 ARthULUs
1767 513 1849 577 ΙΙ.

984 655 1153 735 Quae
1175 656 1434 734 peccata
1470 651 1948 734 distinquantur
1983 670 2257 715 numero.

490 813 656 866 XXV.
684 813 930 878 Respond.
952 811 1165 864 Numero
1190 808 1549 873 distinguuntur
1586 809 1779 860 duobus
1805 805 1979 859 modis.
2010 808 2029 858 l
2044 843 2057 856 .
2077 809 2152 859 Ex
2178 804 2385 858 diversis
2408 804 2615 859 obiectis
2640 819 2843 857 numero

381 895 629 957 totalibus,
649 910 744 949 non
771 894 1087 949 materialiter
1111 900 1161 946 et
1186 893 1388 959 physice
1415 898 1618 953 tantum,
1643 893 1729 944 sed
1762 891 1909 944 etiam
1938 888 2207 943 formaliter
2230 895 2280 942 et
2307 888 2559 943 moraliter
2583 888 2843 943 distinctis.

378 987 432 1037 2.
462 985 552 1036 Per
588 980 993 1048 interruptionem
1023 985 1221 1033 actuum
1261 979 1509 1032 moralem.
1537 976 1723 1030 Filliuc.
1750 981 1772 1028 t
1812 977 1897 1028 21.
1923 989 1966 1028 c.
1995 977 2042 1027 8.
2072 988 2150 1027 nu.
2177 976 2442 1027 3t3.·3l7.

494 1066 615 1121 Dico
652 1064 923 1121 moralem
935 1084 955 1128 ,·
982 1064 1111 1130 quia,
1138 1062 1230 1117 etsi
1255 1065 1317 1116 ad
1343 1061 1707 1115 distinctionem
1736 1059 2032 1114 numericam
2073 1059 2275 1126 physice
2299 1059 2512 1114 sufficiat
2538 1058 2743 1125 quaevis
2778 1058 2847 1112 iu·

383 1151 648 1219 terruptio:
673 1150 722 1204 in
748 1149 921 1204 ordine
948 1157 1107 1203 tamen
1134 1150 1195 1201 ad
1220 1146 1576 1201 contessionem
1606 1161 1699 1198 non
1729 1143 2127 1210 multiplicantur,
2158 1143 2249 1197 nisi
2278 1144 2528 1196 moraliter
2555 1142 2695 1196 multi
2722 1142 2842 1208 sint;

380 1237 512 1304 quia,
534 1237 661 1290 sicut
696 1235 745 1289 in
785 1235 1091 1288 confessione
1128 1240 1268 1286 actus
1307 1230 1523 1294 moralis,
1553 1229 1620 1282 ita
1660 1229 1807 1283 etiam
1851 1228 2190 1295 multiplicatio
2217 1237 2265 1281 et
2290 1226 2536 1281 distinctio
2563 1226 2757 1281 moralis
2780 1233 2849 1280 at·

384 1321 518 1375 tendi
555 1323 717 1374 debet.

491 1408 641 1459 Porro
661 1411 798 1458 actus
824 1403 1077 1458 moraliter
1101 1402 1542 1468 interrumpuntur,
1562 1401 1628 1454 ita
1652 1408 1705 1453 ut
1728 1413 1816 1452 nee
1844 1399 2122 1452 virtualiter
2146 1413 2234 1452 nec
2260 1396 2633 1464 interpretative
2651 1408 2846 1449 manere

378 1497 697 1544 censeantur:
725 1492 770 1541 1.
793 1502 880 1557 per
906 1487 1203 1542 contrariam
1234 1489 1539 1539 voluntatem
1566 1491 1614 1538 et
1645 1483 1976 1552 propositum:
2006 1486 2053 1536 2.
2081 1497 2166 1550 per
2190 1482 2511 1536 cessationem
2539 1484 2601 1534 ab
2627 1488 2738 1535 actu
2763 1494 2847 1532 vo·

384 1576 643 1631 luntariam
680 1582 731 1628 et
768 1574 997 1628 liberam:
1028 1575 1075 1626 3.
1107 1587 1195 1639 per
1230 1570 1556 1625 cessationem
1596 1568 1973 1623 involuntariam
2012 1576 2060 1621 et
2091 1571 2377 1630 naturalem,
2402 1566 2510 1619 sive
2547 1580 2606 1618 ea
2643 1567 2726 1618 liat
2764 1579 2847 1632 per

380 1674 608 1712 somnum
647 1657 753 1711 sive
793 1672 878 1723 per
917 1656 1283 1709 distractionem
1324 1657 1383 1706 ad
1422 1654 1533 1707 alia.
1562 1656 1655 1705 Per
1695 1667 1917 1706 somnum
1956 1652 2180 1719 quidem3
2206 1650 2318 1716 quia
2345 1666 2453 1704 cum
2492 1649 2539 1702 in
2578 1649 2662 1703 illo
2688 1656 2848 1703 cesset

387 1758 506 1796 usus
545 1742 766 1803 rationiS,
795 1756 889 1808 non
916 1739 1227 1792 continuatur
1260 1737 1385 1791 actio
1429 1739 1582 1790 libera
1608 1744 1657 1790 et
1682 1736 1912 1791 moralis:
1939 1751 2026 1803 per
2052 1734 2413 1789 distractionem
2452 1749 2590 1800 vero,
2627 1733 2739 1799 quia
2767 1748 2850 1800 per

379 1828 520 1882 illam
546 1827 682 1895 prior
708 1823 938 1889 cogitatio
966 1825 1018 1878 tit
1043 1818 1389 1885 involuntaria,
1421 1821 1629 1886 ideoque
1655 1820 1696 1874 si
1735 1822 1798 1875 ad
1823 1834 1929 1874 eam
1955 1824 2200 1885 redeatur,
2231 1824 2286 1874 llt
2310 1819 2583 1873 voluntaria
2613 1826 2661 1873 et
2686 1834 2845 1872 mora-

388 1913 502 1967 liter
539 1911 909 1978 multiplicatur.
932 1912 999 1963 lta
1025 1910 1175 1973 Vasq.
1202 1913 1295 1960 etc.
1323 1909 1459 1974 Quae
1487 1905 1741 1969 sententia,
1773 1904 1870 1960 etsi
1894 1906 1943 1958 in
1969 1905 2180 1972 peccatis
2200 1904 2432 1969 externis,
2463 1905 2667 1960 tenenda
2694 1904 2775 1971 sit,
2799 1904 2847 1957 in

374 1995 590 2050 internis
624 2003 787 2049 tamen
823 2008 920 2048 non
958 1995 1105 2046 habet
1141 1994 1317 2057 locum,
1345 1992 1614 2044 secuudum
1642 1989 1748 2044 Fill.
1777 1997 1812 2043 t.
1840 1992 1924 2044 21.
1950 2005 1995 2044 c.
2023 1993 2071 2043 8.
2100 2005 2146 2043 n.
2174 1991 2293 2044 317.
2313 1989 2456 2043 Ratio
2482 1997 2575 2054 est,
2599 1989 2712 2054 quia
2755 1988 2846 2042 etsi

382 2094 475 2147 per
496 2084 623 2134 hanc
647 2079 1052 2146 interruptionem
1077 2077 1278 2145 physice
1304 2083 1442 2132 actus
1471 2076 1838 2143 multiplicetur,
1861 2092 1955 2130 non
1986 2084 2142 2130 tamen
2169 2076 2420 2130 moraliter
2437 2092 2450 2143 3
2470 2075 2585 2141 quia
2609 2080 2701 2128 hoc
2725 2073 2849 2142 ipso,

374 2167 515 2231 quod
556 2164 742 2219 animus
778 2162 1105 2217 involuntarie
1143 2161 1446 2227 distrahitur,
1487 2169 1706 2215 remanet
1746 2159 2116 2228 interpretative
2155 2160 2288 2226 prior
2329 2164 2569 2221 voluntas,
2608 2174 2718 2213 cum
2753 2174 2848 2212 non

372 2250 447 2305 sit
484 2257 744 2305 retractata
787 2256 869 2303 aut
906 2248 1046 2303 aliter
1081 2248 1369 2315 interrupta.
1399 2248 1463 2301 V.
1491 2246 1635 2300 etiam
1666 2247 1802 2301 Bald.
1831 2248 1878 2300 d.
1905 2245 1990 2300 21.
2017 2261 2062 2299 ιι.
2091 2249 2139 2299 3.
2164 2238 2170 2243 ’

1385 2401 1493 2465 Ex
1530 2401 1714 2465 dictas
1745 2401 2031 2466 resolves.

496 2542 684 2595 XXVl.
710 2543 755 2593 l.
781 2542 939 2594 Unum
961 2552 1160 2594 numero
1188 2546 1438 2605 peccatum
1468 2539 1742 2602 committit,
1766 2537 1850 2605 qui
1878 2554 1974 2593 uno
1995 2544 2103 2593 actu
2125 2538 2227 2593 odii
2247 2540 2324 2593 vel
2345 2538 2662 2594 detractionis
2688 2543 2843 2595 lertur

379 2627 433 2681 in
484 2629 560 2680 10.
587 2625 826 2692 homines,
851 2624 936 2692 qui
964 2640 1060 2679 nuo
1086 2624 1185 2678 ictu
1214 2625 1339 2679 duos
1366 2624 1564 2689 occidit,
1595 2624 1675 2690 qui
1716 2639 1814 2678 uno
1845 2634 1952 2679 actu
1985 2628 2089 2678 vult
2115 2623 2343 2678 omittere
2369 2624 2582 2678 officium
2609 2627 2850 2680 Horarum

381 2727 469 2781 per
508 2725 740 2776 mensem,
769 2709 1002 2765 ieiunium
1043 2725 1130 2776 per
1167 2709 1610 2775 quadragesimam.
1641 2709 1766 2777 Quia
1805 2710 1896 2764 etsi
1935 2713 2054 2764 haec
2093 2709 2285 2764 obiecta
2327 2709 2527 2777 physice
2561 2710 2658 2765 siut
2693 2716 2851 2778 plura,

375 2805 497 2854 sunt
532 2805 693 2853 tamen
728 2812 877 2850 unum
915 2796 1164 2850 moraliter
1202 2803 1249 2850 et
1290 2795 1568 2859 formaliter,
1606 2804 1843 2861 quatenus
1883 2796 1930 2850 in
1972 2811 2067 2849 uno
2103 2804 2215 2850 actu
2258 2796 2368 2850 heic
2404 2804 2453 2850 et
2493 2812 2618 2852 nunc
2654 2796 2852 2852 coniun-

374 2892 579 2950 guntur.
597 2886 665 2937 lta
686 2885 863 2937 Navar.
886 2880 992 2936 Fill.
1014 2883 1189 2935 Bonae.
1212 2884 1260 2934 d.
1283 2884 1329 2934 2.
1349 2896 1397 2946 q.
1424 2881 1469 2934 4.
1491 2896 1539 2948 p.
1566 2883 1609 2932 l.
1631 2889 1802 2935 contra
1824 2885 1968 2935 Azor.
1993 2884 2144 2948 Vasq.
2165 2890 2257 2935 etc.
2279 2882 2361 2948 qui
2387 2882 2507 2935 satis
2528 2882 2851 2948 probabiliter

374 2969 550 3023 dicunt
575 2981 685 3021 esse
710 2974 906 3034 peccata
929 2965 1172 3019 distincta.
1189 2963 1378 3018 Verum
1401 2964 1511 3018 sive
1542 2967 1615 3017 10.
1643 2973 1842 3031 peccata
1868 2965 2018 3029 dicaS,
2040 2965 2203 3019 odisse
2227 2981 2273 3018 v.
2292 2981 2365 3029 gr.
2396 2967 2470 3018 10.
2494 2967 2731 3030 hominm,
2746 2966 2852 3019 sive

379 3067 550 3118 unum,
577 3066 747 3119 parum
774 3053 948 3115 relert3
976 3064 1085 3103 cum
1113 3063 1263 3104 unum
1303 3054 1395 3102 boc
1433 3049 1533 3102 illis
1562 3051 1735 3102 decem
1763 3048 2068 3115 aequivaleat
2093 3049 2390 3114 proindeque
2422 3049 2602 3102 obiecti
2640 3049 2854 3112 gravitas

377 3137 430 3191 in
455 3134 764 3191 contessione
788 3133 1103 3202 exprimenda
1143 3133 1221 3197 sit,
1248 3134 1428 3201 quippe
1470 3148 1597 3199 quae
1635 3141 1796 3186 actum
1836 3132 1884 3184 in
1923 3148 2014 3185 suo
2053 3147 2163 3186 esse
2187 3131 2475 3185 individuali
2501 3133 2770 3194 constituit,
2798 3139 2851 3186 ut

378 3227 520 3274 notat
558 3219 663 3274 Fili.
696 3223 728 3272 l.
755 3234 799 3273 c.
826 3234 874 3272 n.
901 3221 967 3273 32
985 3220 1023 3270 Ι.
1052 3221 1171 3272 Bon.
1200 3221 1341 3271 Suar.
1372 3217 1438 3272 de
1464 3219 1629 3272 Poen.
1656 3219 1703 3270 d.
1732 3220 1817 3269 22.
1850 3231 1889 3269 s.
1917 3218 1966 3270 5.

491 3305 701 3358 XXVll.
730 3307 779 3356 2.
807 3307 958 3356 Actus
996 3302 1265 3355 voluntatis
1302 3302 1523 3355 internus
1561 3300 1758 3367 saepius
1801 3301 2106 3367 interruptus
2143 3308 2192 3354 et
2229 3299 2480 3366 repetituS,
2510 3299 2620 3353 licet
2648 3299 2851 3365 physice

379 3387 448 3442 sit
488 3388 758 3455 multiplex,
786 3386 1041 3441 moraliter
1079 3394 1236 3440 tamen
1275 3392 1349 3439 est
1389 3400 1534 3439 unum
1583 3401 1782 3440 numero
1824 3393 2090 3451 peccatum,
2116 3385 2164 3438 in
2205 3383 2376 3437 ordine
2401 3387 2461 3438 ad
2488 3382 2859 3449 contessionem,

378 3473 427 3527 si
466 3479 830 3527 consummetur
855 3470 905 3524 in
936 3485 1085 3536 opere
1127 3470 1286 3537 aliquo
1326 3478 1549 3534 externo,
1584 3485 1669 3538 per
1695 3485 1816 3523 eum
1855 3470 2039 3524 intento
2078 3479 2125 3524 et
2157 3477 2372 3535 causato,
2398 3476 2482 3524 aut
2506 3469 2651 3524 etiam
2674 3470 2724 3524 in
2753 3474 2861 3536 plu-

378 3558 522 3613 ribus
549 3556 739 3611 actibus
766 3553 986 3609 externis
1011 3553 1106 3609 sihi
1130 3553 1346 3609 invicem
1374 3555 1711 3609 subordinatis
1742 3558 1804 3609 ad
1831 3557 2038 3609 eundem
2066 3558 2224 3610 linem.
2245 3554 2368 3609 Hinc
2394 3570 2441 3610 v.
2461 3570 2535 3620 gr.
2564 3554 2645 3621 qui
2674 3559 2860 3610 luratur

380 3642 733 3696 bibliothecam
769 3654 854 3707 per
892 3646 1044 3693 totam
1084 3646 1292 3703 noctem,
1320 3639 1412 3695 etsi
1443 3640 1641 3706 saepius
1681 3644 1987 3694 voluntatem
2029 3641 2217 3695 iurandi
2255 3648 2473 3705 renovet,
2505 3655 2652 3696 unum
2681 3646 2860 3696 lurtum

376 3733 432 3781 et
455 3726 541 3792 qui
564 3727 627 3779 ad
652 3724 972 3779 occidendum
1000 3723 1149 3779 alium
1178 3740 1400 3791 pergens,
1427 3739 1574 3792 saepe
1623 3729 1922 3779 voluntatem
1960 3731 2180 3790 renovat,
2208 3740 2354 3779 unum
2392 3726 2708 3781 homicidium
2733 3741 2862 3780 eom-

383 3811 549 3866 mittit.
572 3809 716 3865 Ratio
743 3817 833 3874 est,
851 3809 965 3875 quia
997 3816 1072 3862 est
1102 3825 1192 3863 una
1220 3809 1347 3863 actio
1375 3817 1597 3875 externa,
1627 3813 1687 3863 ab
1714 3810 1916 3864 internis
1936 3810 2121 3864 intenta
2148 3817 2196 3864 et
2223 3819 2437 3874 causata,
2461 3811 2509 3863 in
2531 3827 2625 3876 qua
2645 3811 2858 3865 internae

378 3911 555 3950 omnes
591 3898 900 3962 complentur
938 3901 986 3947 et
1028 3892 1278 3948 moraliter
1318 3893 1566 3948 uniuntur.
1600 3897 1663 3948 V.
1694 3897 1898 3949 Baldell.
1925 3898 1971 3949 d.
2003 3899 2086 3948 21.
2115 3910 2162 3948 ιι.
2191 3895 2238 3948 4.

495 3981 723 4034 xxvut.
750 3981 801 4033 3.
827 3978 1059 4032 Actiones
1096 3989 1345 4046 externae,
1380 3979 1494 4033 licet
1534 3993 1737 4032 numero
1779 3978 2049 4043 distinctae,
2078 3982 2139 4033 ad
2181 3981 2390 4032 eundem
2432 3987 2589 4034 tamen
2631 3984 2772 4035 tinem
2813 3989 2861 4035 et

376 4074 550 4120 actum
587 4064 903 4133 principalem
940 4068 1139 4127 relatae,
1172 4066 1317 4118 modo
1356 4078 1450 4117 non
1488 4067 1697 4119 habeant
1737 4064 2015 4119 distinctam
2054 4069 2115 4119 ab
2153 4065 2238 4120 illo
2278 4065 2527 4132 malitiam,
2554 4080 2649 4119 non
2695 4066 2862 4120 distin-

376 4157 600 4217 guuntur
638 4153 699 4203 ab
736 4148 845 4217 ipso
872 4152 967 4203 line
994 4157 1044 4203 et
1071 4157 1180 4203 actu
1208 4148 1477 4217 principali,
1505 4148 1752 4203 moraliter
1780 4152 2022 4216 loquendo
2054 4157 2102 4204 et
2126 4149 2179 4204 in
2204 4149 2377 4204 ordine
2403 4152 2465 4204 ad
2489 4150 2862 4205 contessionem.

382 4236 512 4290 Hinc
537 4238 724 4299 oscula,
752 4241 929 4302 tactus,
961 4238 1112 4289 verba
1150 4234 1394 4302 impudica
1433 4243 1521 4288 etc.
1564 4238 1790 4302 copulam
1820 4239 2074 4290 carnalem
2113 4235 2468 4304 praecedentia,
2493 4236 2593 4290 imo
2617 4236 2764 4290 etiam
2789 4252 2868 4291 co-

381 4320 606 4375 mitantia
646 4327 696 4372 et
742 4319 1110 4385 subsequentia,
1149 4326 1374 4385 tanquam
1428 4323 1785 4387 complementa
1831 4326 1880 4374 et
1917 4320 2218 4388 appendices
2257 4320 2439 4388 operiS‚
2477 4336 2623 4375 uuum
2661 4336 2866 4376 numero

384 4414 643 4474 peccatum
669 4411 797 4466 sunt,
818 4411 871 4457 ut
890 4406 1065 4458 docent
1092 4407 1211 4459 Nav.
1234 4421 1277 4458 c.
1304 4407 1353 4458 6.
1376 4421 1422 4458 ιι.
1460 4406 1536 4459 17.
1560 4408 1699 4460 Azor.
1723 4408 1754 4459 l.
1781 4407 1828 4460 4.
1851 4422 1894 4460 c.
1919 4407 1967 4459 4.
1995 4423 2041 4474 q.
2065 4408 2114 4459 6.
2139 4407 2245 4460 Fili.
2269 4408 2300 4459 l.
2323 4422 2364 4460 c.
2389 4421 2435 4460 n.
2466 4407 2583 4460 334.
2606 4413 2698 4461 etc.
2721 4407 2864 4461 Ratio

377 4499 478 4552 est,
504 4489 616 4557 quia
657 4496 770 4542 sunt
797 4492 874 4542 vel
900 4488 1053 4553 initia,
1080 4492 1158 4544 vel
1184 4496 1365 4557 partes,
1394 4494 1473 4544 vel
1505 4494 1864 4558 complementa
1892 4498 1940 4545 et
1977 4491 2270 4559 appendices
2295 4491 2460 4559 operis
2489 4490 2705 4547 eiusdem
2732 4498 2869 4547 aetus

388 4574 598 4630 humani
638 4581 689 4627 et
726 4573 924 4638 obiecti,
949 4573 999 4629 in
1024 4589 1124 4642 qno
1166 4574 1326 4630 omnia
1365 4576 1609 4643 praedicta
1650 4576 1901 4631 moraliter
1940 4576 2186 4633 uniuntur.
