3529 5158
685 326 793 383 578
1060 339 1274 381 macr.
1311 336 1392 378 ιν.
1432 336 1517 376 mr
1552 331 1860 376 pmcn-rs.
1901 332 2098 376 carm
2135 334 2173 374 1.
2215 333 2357 376 mm.
2398 334 2485 376 ιιι.
2526 334 2664 374 Aur.
2706 334 2768 374 11.
3007 317 3156 395 [653]

685 457 1016 522 parumper
1062 437 1306 501 avertas
1356 433 1575 497 faciem
1624 431 1699 496 ad
1746 430 2124 512 loquendum
2175 431 2411 513 aliquid
2465 432 2647 496 breve
2703 450 2844 495 cum
2894 432 3017 495 alio
3067 433 3156 495 ibi

687 538 1012 624 praesenti.
1048 536 1305 617 Quando
1355 554 1497 600 vero
1546 534 1942 599 discessimus
1974 535 2100 598 iam
2147 534 2497 599 voluntarie
2532 534 2610 598 ab
2641 553 2714 598 ca
2746 533 3151 619 cogitatione,

684 642 831 707 licet
875 659 997 704 non
1043 659 1151 723 per
1196 638 1653 703 revocationem
1701 637 2050 701 voluntatis
2098 638 2488 721 praeteritae,
2542 637 2668 702 iam
2700 639 2985 702 censetur
3017 655 3157 701 con-

683 762 932 829 gressus
977 742 1084 806 ille
1130 760 1271 805 cum
1322 740 1559 805 obiecto
1608 738 1823 802 finitus
1871 740 1934 803 et
1980 739 2346 823 completus,
2385 740 2534 804 data
2567 740 2864 804 nimirum
2912 740 3152 804 obiecto

684 846 935 910 licentia
966 844 1313 908 discedendi
1346 845 1407 907 et
1442 841 1724 907 abeundi.
1759 840 1938 921 Quod
1972 842 2024 906 si
2057 844 2273 926 postea
2303 842 2535 920 redeat,
2575 843 2925 907 censebitur
2954 859 3154 906 novus

685 966 1050 1032 congressus
1098 948 1162 1010 et
1209 945 1333 1009 alia
1382 946 1507 1008 iam
1557 944 1873 1009 occasione
1921 944 2177 1028 peccari,
2225 963 2346 1009 non
2397 945 2617 1028 prima,
2659 963 2818 1026 quae
2865 946 2990 1008 iam
3024 962 3155 1007 ces-

686 1069 854 1116 sasse
888 1049 1214 1114 videbatur
1247 1073 1307 1112 ».

775 1153 910 1216 Hac
956 1152 1207 1214 notione
1256 1149 1729 1231 interruptionis
1779 1150 2136 1232 praemissa,
2179 1151 2329 1214 haec
2364 1150 2574 1215 subdit
2620 1151 2695 1214 de
2740 1151 2923 1214 unius
2972 1153 3149 1215 actus

685 1254 1012 1318 duratione
1047 1251 1192 1316 ibid.
1228 1271 1288 1315 n.
1331 1250 1509 1314 570.:
1553 1276 1587 1308 «
1620 1251 1783 1315 Hinc
1813 1251 2026 1328 infero,
2063 1253 2115 1316 si
2154 1272 2368 1317 revera
2407 1254 2888 1336 interruptiones
2919 1254 3153 1318 fuerint

688 1372 880 1437 aeque
935 1355 1167 1431 breveS,
1222 1354 1386 1417 idem
1449 1352 1773 1418 dicendum
1830 1372 1977 1430 esse,
2028 1356 2156 1418 sive
2205 1357 2381 1419 actus
2429 1356 2632 1419 malus
2679 1355 2999 1420 duraverit
3045 1376 3152 1440 per

685 1459 1080 1535 semihoram,
1115 1458 1243 1521 sive
1292 1477 1398 1539 per
1430 1456 1592 1520 diem
1624 1456 1958 1539 integrum.
1993 1454 2131 1520 Non
2165 1456 2343 1520 debet
2391 1456 2554 1521 enim
2586 1457 2823 1522 attendi
2858 1459 2936 1522 ad
2973 1458 3154 1522 dura-

685 1561 874 1626 tionis
898 1579 1272 1637 mensuram,
1299 1561 1372 1623 ut
1405 1559 1489 1623 sit
1514 1577 1674 1622 unus
1702 1558 1800 1621 vel
1826 1558 2051 1640 plures,
2078 1558 2184 1622 sed
2210 1559 2288 1622 ad
2313 1560 2651 1624 carentiam
2675 1560 3150 1643 interruptionis

682 1664 959 1728 moralis.
994 1661 1285 1727 Ceterum
1309 1662 1457 1744 quia
1481 1660 1726 1724 facilius
1758 1660 2070 1744 contingit
2101 1661 2472 1744 interruptio
2505 1663 2759 1727 moralis
2784 1663 2848 1727 in
2879 1664 3150 1748 longiori

684 1765 886 1849 spatio
920 1764 1236 1848 temporis,
1286 1783 1475 1846 quam
1524 1764 1586 1826 in
1631 1763 1895 1827 minori:
1946 1764 2081 1829 ideo
2129 1764 2306 1829 utilis
2355 1768 2451 1830 est
2495 1767 2712 1851 regula
2760 1767 2833 1832 de
2878 1768 3151 1854 longiori

683 1866 1010 1933 duratione
1057 1866 1444 1950 explicanda3
1480 1866 1625 1947 quia
1663 1865 1913 1930 difficile
1962 1867 2073 1944 est,
2116 1867 2282 1948 quod
2321 1871 2457 1933 toto
2496 1867 2607 1933 illo
2655 1870 2932 1952 tempore
2969 1871 3153 1935 duret

682 1971 845 2036 idem
878 1971 1057 2052 quasi
1096 1988 1459 2054 congressus
1492 1988 1633 2033 cum
1668 1969 1907 2033 obiecto
1957 1971 2020 2033 et
2060 1970 2225 2051 quod
2260 1971 2444 2036 homo
2494 1990 2614 2037 non
2663 1971 2941 2036 discedat
2971 1974 3154 2057 plena

683 2072 972 2136 libertate
1006 2072 1084 2135 ab
1115 2090 1187 2136 ea
1220 2071 1599 2156 cogitatione
1632 2097 1693 2135 ».

772 2174 843 2237 In
885 2174 1109 2255 quibus
1158 2174 1485 2258 exponitur
1523 2193 1667 2238 vera
1704 2175 1887 2251 rati0,
1931 2194 2039 2238 cur
2083 2176 2147 2239 in
2195 2176 2581 2259 longioribus
2622 2178 2867 2243 actibus
2904 2182 3150 2263 tempus

682 2276 766 2341 sit
791 2276 1282 2361 exprimendum3
1315 2277 1456 2341 inde
1481 2277 1643 2341 enim
1669 2297 1932 2360 pronum
1965 2277 2038 2341 fit
2062 2278 2362 2343 iudicium
2385 2278 2458 2343 de
2484 2279 2695 2361 aliqua
2718 2283 2942 2347 morali
2967 2282 3153 2348 inter-

681 2380 989 2463 ruptione.
1029 2379 1193 2445 Nam
1230 2380 1392 2444 ratio
1427 2380 1714 2457 aliorum,
1750 2380 1856 2462 qui
1885 2380 1945 2443 id
1979 2379 2296 2445 affirmant
2322 2382 2399 2446 ob
2423 2382 2723 2448 maiorem
2747 2386 3145 2469 gravitatem,

680 2500 802 2547 non
836 2485 930 2546 est
962 2482 1170 2547 firma:
1198 2485 1345 2547 sunt
1370 2502 1512 2547 vcro
1541 2482 1667 2559 alii,
1696 2483 1803 2563 qui
1837 2482 1898 2546 id
1932 2484 2214 2568 exigunt3
2250 2484 2354 2549 sed
2380 2485 2706 2563 rationem,
2734 2507 2844 2552 cur
2876 2488 3147 2573 exigant,

682 2605 877 2668 neque
913 2587 1033 2668 ipsi
1065 2605 1129 2651 se
1161 2587 1315 2650 scire
1342 2586 1695 2651 ostendunt.

770 2683 942 2757 853.
978 2687 1148 2766 Quae
1197 2707 1340 2753 vero
1388 2690 1619 2752 censeri
1642 2689 1863 2753 debeat
1911 2690 2101 2774 longa
2133 2691 2380 2757 duratio
2415 2692 2737 2769 eiusmodi,
2778 2695 2854 2757 ut
2890 2696 3153 2761 interru-

678 2789 810 2871 ptio
849 2789 1103 2853 moralis
1152 2789 1476 2854 accessisse
1524 2792 1865 2868 censeatur,
1926 2793 2013 2855 sic
2061 2794 2369 2875 sapienter
2422 2794 2587 2860 idem
2634 2796 2813 2881 Lugo
2863 2798 3150 2883 designat

676 2890 826 2955 ibid.
859 2911 918 2954 n.
956 2890 1134 2954 570.:
1170 2916 1203 2949 «
1229 2890 1424 2969 Addo,
1462 2910 1583 2955 non
1611 2911 1790 2975 posse
1832 2893 2093 2958 eandem
2130 2915 2484 2962 mensuram
2524 2900 2636 2963 aut
2668 2901 2955 2985 regulam
2989 2900 3147 2965 tradi

680 3013 789 3076 pro
840 2993 1124 3059 omnibus
1172 2995 1413 3059 actibus
1460 2995 1663 3058 malis.
1710 2996 1925 3078 Aliqui
1983 2998 2144 3061 enim
2200 2998 2444 3065 facilius
2499 3003 3044 3087 interrumpuntur
3088 3004 3150 3069 et

678 3097 925 3160 brevius
950 3090 1198 3172 durant,
1224 3117 1282 3161 v.
1316 3116 1409 3182 gr.
1444 3097 1829 3180 blasphemia
1867 3099 2125 3165 interior
2157 3103 2219 3166 et
2259 3102 2366 3166 alii
2400 3108 2576 3169 actus
2610 3106 2863 3185 similes»,
2892 3108 3005 3189 qui
3027 3126 3145 3172 non

677 3199 943 3263 tendunt
968 3199 1045 3264 ad
1079 3199 1387 3264 obiectum
1420 3202 1757 3265 externum.
1805 3202 1931 3266 Alii
1967 3222 2108 3267 vero
2147 3204 2398 3290 longius
2432 3206 2655 3272 durare
2687 3210 2910 3287 solent,
2946 3213 3020 3275 ut
3051 3210 3146 3276 de·

679 3301 974 3365 siderium
1006 3302 1205 3384 turpe,
1249 3300 1458 3365 odium
1498 3304 1759 3384 proximi
1787 3306 1850 3368 et
1880 3305 2132 3370 similes.
2172 3306 2253 3371 Et
2283 3308 2345 3371 in
2379 3309 2455 3372 iis
2487 3310 2736 3395 longius
2762 3311 3012 3391 durant,
3040 3315 3144 3396 qui

677 3422 749 3467 ex
780 3404 1001 3467 maiori
1034 3407 1096 3467 et
1128 3404 1473 3468 vehementi
1497 3406 1781 3487 passione
1815 3410 1926 3471 aut
1962 3410 2456 3492 concupiscentia
2490 3413 2849 3495 procedunt.
2879 3417 3145 3502 Regula-

676 3504 828 3568 riter
860 3505 1026 3568 ultra
1052 3503 1205 3569 duas
1238 3507 1333 3569 vel
1361 3507 1483 3570 tres
1516 3508 1699 3572 horas
1733 3527 1855 3573 non
1889 3511 2136 3576 videtur
2168 3532 2556 3595 perseverare
2580 3519 2902 3584 moraliter
2924 3519 3137 3584 eadem

676 3606 967 3670 voluntas
1000 3625 1163 3670 mere
1194 3607 1465 3686 interna3
1500 3611 1646 3690 quia
1680 3610 1932 3676 difficile
1965 3617 2077 3690 est,
2119 3615 2284 3696 quod
2323 3616 2509 3682 homo
2549 3620 2703 3684 velit
2727 3621 2977 3706 longius
3008 3643 3142 3706 per-

673 3727 953 3773 severare
1000 3709 1062 3772 in
1110 3709 1319 3774 eadem
1366 3711 1745 3796 cogitatione
1795 3717 1906 3778 aut
1957 3734 2165 3781 amore
2214 3720 2276 3783 et
2329 3739 2450 3784 non
2501 3722 2817 3789 attendere
2864 3724 2944 3789 ad
2992 3727 3135 3791 alia.

672 3810 818 3875 Ideo
856 3811 1102 3895 quando
1136 3811 1383 3877 duratio
1423 3815 1518 3877 est
1561 3813 1826 3899 longior,
1877 3817 2037 3882 solet
2070 3821 2389 3902 explicari3
2435 3825 2582 3905 quia
2616 3827 2990 3911 regulariter
3028 3829 3137 3892 ha-

670 3915 839 3978 bebit
884 3915 1365 3998 interruptiones
1416 3917 1655 3999 aliquas
1703 3919 1989 3997 morales,
2040 3939 2149 3985 nec
2197 3924 2383 3989 homo
2432 3926 2637 3990 voluit
2683 3930 2820 3994 toto
2869 3929 2968 3995 die
3017 3950 3136 3996 non

668 4017 971 4083 discedere
1006 4038 1041 4083 a
1074 4018 1189 4083 tali
1215 4019 1617 4104 cogitatione.
1644 4020 1749 4086 sed
1784 4022 1984 4087 voluit
2017 4024 2368 4107 aliquoties,
2403 4028 2548 4093 licet
2580 4033 2797 4112 postea
2832 4034 3132 4118 cogitatio

669 4120 897 4184 iterum
936 4123 999 4185 et
1036 4121 1265 4185 iterum
1302 4121 1549 4204 repulsa
1589 4123 1841 4187 redierit
1873 4150 1932 4189 ».

755 4223 1010 4302 Quoties
1058 4223 1255 4308 igitur
1301 4223 1548 4289 duratio
1583 4246 1653 4290 ex
1691 4227 2028 4309 praemissa
2067 4232 2283 4316 regula
2333 4234 2428 4297 vel
2479 4236 2556 4298 ob
2603 4236 2898 4302 naturam
2945 4239 3134 4303 mate-

670 4326 797 4389 riae
823 4326 918 4389 vel
944 4326 1022 4391 ob
1053 4325 1322 4391 indolem
1356 4330 1417 4392 et
1450 4328 1947 4395 circumstantias
1972 4351 2374 4415 personarum
2398 4337 2545 4401 talis
2570 4339 2673 4416 sit,
2701 4359 2862 4422 quae
2895 4342 3136 4428 regula·

670 4428 822 4492 riter
853 4430 1163 4493 continere
1188 4429 1407 4495 debeat
1430 4432 1931 4516 interruptioneS,
1950 4455 2051 4500 eas
2077 4456 2466 4519 praesumere
2497 4441 2679 4507 debet
2701 4445 3131 4511 confessarius

671 4531 752 4593 Et
798 4531 847 4592 si
899 4530 975 4593 ad
1022 4530 1184 4595 diem
1230 4534 1562 4618 integrum,
1599 4535 1650 4598 si
1698 4535 1777 4600 ad
1824 4537 2272 4606 hebdomadam
2321 4543 2418 4608 vel
2464 4563 2736 4611 mensem
2784 4550 2899 4613 aut
2945 4550 3132 4614 etiam
