3529 5158
684 379 920 418 XXXVIII
1554 376 1766 419 smusss
1806 373 2276 414 cunoxol.0GICA

684 482 753 536 ct
802 476 1027 537 videre
1074 476 1252 552 quod
1301 477 1440 536 sint
1485 476 1745 535 animae
1793 490 1964 549 quae
2012 473 2368 548 proficiunt
2417 474 2483 530 in
2522 473 2635 532 via
2666 472 2971 533 interna:
3023 475 3138 534 sed

684 566 978 641 regulam
1031 582 1354 625 sumerem
1405 583 1444 624 a
1490 566 1741 624 lumine
1789 563 2071 638 quodam
2122 561 2368 621 actuali
2416 562 2800 638 cognitione
2847 563 3140 624 humana

684 672 761 713 ac
806 656 1180 731 theologica
1226 654 1585 731 superiore,
1637 653 1816 728 quod
1864 670 1966 710 me
2000 656 2180 711 certo
2218 667 2616 725 cognoscere
2655 651 2818 711 facit
2848 669 2994 711 cum
3038 654 3137 712 in-

684 750 877 802 terna
908 744 1330 821 certitudine,
1383 744 1559 818 quod
1608 742 1767 802 talis
1798 741 2096 816 operatio
2142 747 2247 799 est
2294 740 2595 800 violenta
2631 744 2701 800 et
2731 748 2957 801 certus
2991 758 3135 801 sum

684 832 859 905 quod
894 832 1019 891 hoc
1050 833 1272 892 lumen
1309 851 1348 892 a
1382 834 1524 892 Deo
1550 831 1879 908 procedit:
1915 831 2074 906 quia
2106 829 2191 889 ad
2225 845 2325 888 me
2360 830 2675 904 provenit
2706 830 3135 890 coniunctum

682 936 828 979 cum
867 921 1269 981 certitudine
1303 921 1481 996 quod
1514 940 1553 981 a
1588 922 1729 981 Deo
1762 919 2119 994 proveniat
2150 922 2219 977 et
2252 918 2416 976 mihi
2452 936 2574 978 nec
2604 919 2908 979 umbram
2947 920 3132 980 dubii

682 1009 1005 1085 relinquit
1052 1011 1119 1069 in
1170 1011 1604 1070 contrarium:
1641 1028 1718 1069 eo
1750 1009 1965 1085 modo,
2001 1025 2133 1084 quo
2184 1008 2518 1067 interdum
2567 1008 2920 1087 contingit,
2955 1010 3135 1084 quod

683 1099 888 1177 DeuS,
938 1100 1195 1174 aliquid
1243 1100 1621 1173 revelando,
1671 1100 1900 1158 eodem
1940 1105 2238 1171 tempore
2269 1097 2559 1156 animam
2593 1102 2840 1157 certam
2890 1099 3131 1178 reddit,

680 1187 861 1262 quod
909 1188 1051 1264 ipse
1084 1189 1173 1247 sit
1205 1189 1318 1264 qui
1356 1189 1610 1248 revelat
1643 1200 1710 1248 et
1758 1187 1982 1247 anima
2011 1186 2081 1245 in
2121 1187 2525 1245 contrarium
2576 1204 2708 1245 non
2742 1191 2967 1262 potest
3012 1189 3135 1247 du-

682 1276 914 1335 bitare.

772 1370 874 1424 54.
919 1366 1317 1440 Spirituales
1349 1367 1532 1425 vitae
1563 1366 1937 1425 ordinariae
1969 1365 2037 1424 iu
2077 1366 2240 1424 hora
2272 1364 2504 1424 mortis
2535 1380 2606 1423 se
2638 1364 2907 1425 delusos
2945 1367 3135 1425 inve-

680 1454 867 1514 nient
916 1462 985 1515 et·
1044 1456 1351 1515 confusos
1408 1463 1475 1514 ct
1530 1473 1680 1515 cum
1737 1455 2046 1513 omnibus
2101 1453 2524 1528 passionibus
2586 1453 2653 1512 in
2702 1455 2834 1513 alio
2881 1455 3131 1516 mundo

678 1544 1068 1619 purgandi&

771 1636 875 1691 55.
911 1633 1041 1692 Per
1076 1634 1250 1692 hane
1281 1633 1459 1693 viam
1500 1634 1834 1693 internam
1872 1632 2284 1709 pervenitur,
2320 1632 2444 1691 etsi
2489 1632 2700 1692 multa
2748 1649 2898 1691 cum
2929 1634 3131 1694 suffe-

678 1723 917 1797 rentia,
953 1722 1035 1781 ad
1074 1723 1458 1798 purgandas
1491 1726 1557 1782 et
1582 1722 2110 1797 exstinguendas
2148 1737 2378 1780 omnes
2408 1721 2772 1799 passioneS,
2809 1722 2904 1780 ita
2949 1724 3125 1798 quod

678 1811 847 1869 nihil
896 1811 1184 1886 amplius
1231 1812 1538 1889 sentitur,
1586 1813 1775 1889 nihil,
1815 1812 2018 1872 nihil:
2056 1828 2177 1870 nec
2216 1812 2355 1869 ulla
2388 1811 2678 1869 sentitur
2711 1811 3126 1888 inquietudO,

680 1900 853 1959 sicut
887 1918 1124 1973 corpus
1158 1906 1511 1979 mortuum,
1550 1919 1669 1961 nec
1702 1901 1924 1960 anima
1956 1919 2025 1960 se
2057 1900 2344 1974 amplius
2377 1901 2773 1959 commoveri
2809 1900 2991 1960 sinit.

768 1990 873 2047 56.
903 1990 1091 2047 Duae
1120 1990 1299 2064 leges
1323 1995 1390 2047 et
1420 1990 1590 2049 dnae
1616 1989 2021 2064 cupiditates
2047 1990 2329 2067 (animae
2353 2006 2490 2047 una
2515 1993 2582 2047 et
2607 1990 2850 2047 amoris
2876 1990 3124 2064 proprii

677 2075 909 2149 altera)
944 2077 1178 2135 tandiu
1227 2079 1610 2153 perdurant,
1647 2078 1947 2154 quandiu
1981 2078 2298 2153 perdurat
2346 2095 2530 2136 amor
2561 2078 2898 2153 proprius:
2949 2079 3129 2138 unde

677 2166 945 2240 quaudo
977 2165 1086 2225 hic
1121 2172 1448 2241 purgatus
1472 2176 1575 2227 est
1601 2173 1667 2227 et
1694 2174 2015 2241 mortlluS,
2053 2174 2126 2225 ut
2155 2168 2228 2226 fit
2254 2184 2374 2241 per
2399 2167 2575 2225 viam
2609 2168 2963 2245 internam,
2993 2185 3122 2227 non

674 2253 921 2314 adsunt
952 2256 1241 2330 amplius
1281 2256 1435 2315 illae
1474 2258 1643 2317 duae
1689 2258 1873 2332 leges
1920 2261 1987 2325 et
2022 2256 2191 2315 duae
2231 2255 2638 2330 cupiditates
2671 2273 2794 2316 nec
2841 2258 3127 2317 ulterius

674 2344 902 2418 lapsus
932 2345 1178 2419 aliquis
1212 2346 1579 2405 incurritur
1616 2364 1735 2406 nec
1768 2346 2023 2421 aliquid
2065 2345 2357 2404 sentitur
2388 2345 2696 2423 ampliuS,
2738 2363 2822 2405 ne
2855 2346 3123 2421 quidem

673 2434 938 2493 veniale
971 2439 1335 2509 peccatum.

764 2525 867 2583 57.
910 2524 1041 2583 Per
1073 2525 1698 2600 contemplationem
1734 2525 2132 2600 acquisitam
2167 2523 2561 2599 pervenitur
2591 2524 2675 2582 ad
2708 2528 2954 2584 statum
2993 2541 3123 2585 non

672 2612 958 2671 faciendi
995 2614 1283 2688 amplius
1315 2620 1587 2688 peccata
1619 2632 1742 2674 nec
1775 2615 2080 2674 mortalia
2117 2631 2240 2674 nec
2279 2613 2587 2673 venialia.

764 2704 866 2760 58.
904 2701 1017 2759 Ad
1052 2702 1428 2761 huiusnnodi
1472 2708 1719 2762 statum
1771 2705 2179 2777 pervcnitur,
2235 2721 2362 2762 non
2401 2702 2803 2762 reflectendo
2836 2704 3123 2778 amplius

672 2788 758 2847 ad
806 2791 1109 2864 proprias
1142 2793 1588 2866 operationes:
1625 2793 1787 2866 qnia
1819 2793 2118 2851 defectus
2151 2811 2230 2851 ex
2265 2792 2624 2852 reflexione
2658 2793 2986 2852 oriuntur.

763 2882 865 2939 59.
904 2880 1033 2938 Via
1083 2880 1343 2939 interna
1392 2882 1696 2940 seiuncta
1726 2886 1828 2941 est
1877 2899 1916 2941 a
1948 2881 2383 2956 confessione,
2426 2899 2465 2939 a
2497 2881 2921 2941 confessariis
2968 2887 3036 2942 ct
3083 2900 3123 2942 a

671 2968 935 3028 casibus
966 2970 1430 3044 conscientiae,
1465 2989 1503 3029 a
1529 2971 1869 3046 theologia
1900 2977 1966 3030 ct
2001 2971 2443 3046 philosophia.

763 3059 864 3116 60.
894 3057 1271 3117 Animabus
1293 3060 1645 3134 provectis,
1674 3077 1846 3134 qnae
1880 3060 2354 3119 reflexionibus
2388 3059 2550 3118 mori
2591 3060 2920 3135 incipiunt
2951 3065 3021 3119 et
3044 3077 3122 3120 eo

669 3145 871 3206 etiam
903 3148 1309 3222 perveniunt
1358 3153 1433 3208 ut
1472 3149 1609 3208 sint
1660 3153 1978 3226 mortuae,
2023 3151 2207 3207 Dens
2241 3148 2720 3208 confessionem
2759 3148 3122 3225 aliquando

666 3236 870 3296 efficit
927 3237 1399 3312 impossibilem
1457 3243 1526 3297 et
1580 3239 1850 3312 supplet-
1906 3239 2045 3313 ipse
2103 3243 2293 3297 tanta
2350 3239 2568 3313 gratia
2624 3245 3118 3314 praeservante,

667 3330 989 3398 quantam
1038 3328 1107 3385 in
1158 3333 1570 3387 sacramento
1608 3328 2011 3402 reciperent:
2063 3333 2132 3387 et
2166 3327 2313 3386 ideo
2346 3327 2732 3387 huiusmodi
2771 3329 3121 3388 animabus

668 3431 796 3472 non
826 3423 929 3474 est
956 3416 1199 3474 honum
1230 3418 1295 3475 in
1324 3418 1441 3475 tali
1472 3435 1624 3475 casu
1660 3417 1741 3476 ad
1772 3422 2258 3477 sacramentum
2287 3417 2752 3476 Poenitentiae
2779 3417 3116 3477 accedere:

666 3502 825 3576 quia
858 3502 923 3560 id
958 3509 1061 3562 est
1096 3505 1162 3561 in
1198 3504 1333 3562 illis
1367 3505 1794 3579 impossibile.

757 3594 859 3650 61.
898 3593 1165 3666 Anima,
1201 3610 1348 3651 cum
1383 3593 1465 3650 ad
1499 3598 1774 3652 mortem
1813 3595 2159 3670 mysticam
2195 3595 2523 3670 pervenit,
2561 3612 2691 3654 non
2728 3598 2950 3670 potest
2982 3612 3119 3652 am·

664 3678 843 3753 plius
875 3680 1058 3738 aliud
1099 3682 1290 3758 velle,
1327 3700 1524 3756 quam
1561 3683 1737 3756 quod
1781 3683 1963 3742 Deus
2005 3685 2185 3762 vult:
2230 3685 2388 3761 quia
2421 3702 2550 3743 non
2592 3684 2798 3744 habet
2829 3684 3118 3758 amplius

664 3769 1079 3828 voluntatem
1117 3775 1182 3829 et
1214 3771 1394 3830 Deus
1430 3771 1522 3830 illi
1560 3788 1700 3831 eam
1737 3772 2040 3832 abstulit.

774 3860 858 3916 ³2.
895 3859 1025 3916 Per
1059 3859 1230 3918 viam
1266 3861 1597 3920 internam
1633 3863 2027 3936 pervenitur
2058 3863 2141 3921 ad
2182 3865 2566 3922 continuum
2606 3867 2856 3922 statum
2890 3862 3119 3921 immo-

665 3945 861 4006 bilem
899 3949 964 4006 in
1004 3967 1163 4023 pacc
1213 3950 1767 4025 imperturbabili.

756 4039 857 4096 63.
902 4039 1032 4097 Per
1069 4038 1245 4097 viam
1286 4039 1610 4099 internam
1647 4041 2042 4115 pervenitur
2077 4043 2276 4101 ctiam
2327 4041 2411 4100 ad
2452 4047 2726 4100 mortem
2764 4058 3116 4102 sensuum:

664 4125 827 4198 quin
876 4127 1007 4186 imo
1055 4128 1319 4203 signum
1380 4129 1555 4203 quod
1605 4130 1754 4204 quis
1810 4130 1877 4188 in
1929 4135 2113 4190 statu
2171 4131 2529 4190 nihilitatisz
2587 4136 2850 4191 maneat
2896 4132 2966 4191 id
3013 4137 3119 4193 est·

664 4215 897 4274 mortis
940 4217 1273 4291 mysticae,
1325 4227 1445 4295 est,
1487 4219 1540 4276 si
1591 4237 1829 4278 sensus
1863 4221 2225 4279 exteriores
2261 4237 2390 4279 non
2428 4224 2933 4295 repraesentent-
2979 4241 3116 4281 am·

665 4302 842 4376 plius
882 4321 983 4362 res
1023 4306 1391 4382 sensibiles,
1443 4308 1616 4367 unde
1665 4309 1805 4368 sint
1841 4327 1916 4368 ac
1955 4309 2009 4367 si
2051 4327 2184 4368 non
2233 4315 2490 4386 essent3
2527 4310 2686 4385 quia
2722 4328 2849 4369 uon
2882 4329 3117 4386 perve-

663 4391 859 4451 niunt
893 4394 974 4452 ad
1010 4395 1381 4454 faciendum
1422 4397 1598 4470 quod
1642 4397 2025 4457 intellectus
2059 4417 2126 4456 se
2161 4399 2242 4458 ad
2277 4415 2389 4458 ens
2422 4399 2735 4475 applicet.

755 4482 855 4541 64.
898 4483 1272 4560 'theologus
1309 4485 1624 4544 minorem
1676 4486 2181 4561 dispositionem
2217 4488 2419 4548 hahet
2468 4507 2667 4563 quain
2699 4489 2896 4547 homo
2931 4488 3117 4548 rudis

662 4568 744 4629 ad
779 4575 1026 4631 statum
1056 4575 1589 4648 contemplativi:
1622 4575 1834 4649 primo
1860 4575 2017 4649 qnia
2042 4593 2173 4634 non
2208 4577 2413 4637 hahet
2445 4578 2638 4636 fidem
2662 4577 2831 4651 adeo
2857 4594 3113 4657 puram,
