3529 5158
667 366 774 420 256
1267 378 1481 418 TRAc'r.
1520 377 1586 417 ιι.
1624 375 1709 415 mn
1746 374 2163 417 conseram-u.
2202 373 2401 415 carm*
2439 373 2527 412 ιιι.
2982 354 3132 431 [228]

670 474 946 539 dandam
991 475 1479 549 cmv-scientiam,·
1526 472 1752 555 quippe
1814 472 1923 553 qui
1974 473 2153 535 cavet
2209 471 2286 535 ab
2347 469 2936 552 apprehensionibus
2980 469 3135 533 mali

668 578 860 641 etiam
904 577 1212 655 inanibuS‚
1274 575 1476 640 multo
1523 574 1726 658 magis
1775 594 1809 637 a
1855 573 2199 637 manifestis
2243 573 2617 636 removetur.
2666 570 2830 635 Hinc
2875 570 2982 652 qui
3029 590 3137 653 per

668 678 867 742 vitam
901 679 1045 763 angi
1071 678 1376 762 scrupulis
1402 680 1869 751 consueverunt,
1912 677 2112 742 solent
2141 676 2205 740 in
2237 681 2439 740 morte
2462 676 2585 739 frui
2616 673 3135 757 tranquillissima

670 800 741 845 ac
773 799 986 846 serena
1018 800 1166 865 pace
1198 784 1386 863 atque
1426 780 1956 846 consolationibus
1989 780 2320 857 abundare,
2356 779 2547 842 etiam
2585 798 2657 842 ex
2687 777 3130 854 recordatione,

668 883 835 965 quod
867 902 1104 967 semper
1140 884 1347 949 conati
1372 885 1516 961 sint,
1551 882 1991 948 conscientiam
2022 882 2320 945 mundam
2350 882 2593 944 habere.

851 989 921 1049 2⁰
952 986 1245 1050 Prosunt
1271 986 1360 1049 ad
1386 985 1694 1049 hominem
1723 986 1928 1067 mayis
1964 988 2214 1048 cautu-m
2245 983 2639 1065 efficiendum
2672 984 2736 1046 in
2768 981 2899 1046 suis
2945 982 3135 1047 actio-

669 1089 869 1164 nibuS,
905 1109 979 1153 ne
1010 1090 1158 1172 quid
1189 1089 1251 1152 in
1287 1089 1374 1153 eis
1406 1088 1508 1165 sit,
1542 1086 1707 1169 quod
1739 1088 1940 1152 Deum
1974 1086 2242 1152 offendat
2286 1085 2672 1167 redduntque
2712 1085 3029 1149 attentum
3062 1103 3133 1148 ac

669 1190 1027 1264 sollicitum,
1063 1192 1137 1254 ut
1168 1190 1375 1255 omnia
1409 1190 1484 1253 ad
1517 1190 1719 1253 Deum
1751 1189 2006 1273 dirigat.

848 1292 918 1354 3⁰
971 1292 1321 1356 Plurimum
1384 1294 1645 1376 prosunt
1689 1290 1779 1354 ad
1819 1292 2138 1355 internam
2203 1289 2738 1363 humiliationem
2786 1288 2924 1353 inde
2970 1287 3132 1352 enim

669 1393 871 1472 discit,
921 1414 1111 1476 quam
1157 1396 1342 1459 miser
1388 1396 1491 1473 sit,
1525 1414 1713 1476 quam
1759 1393 2062 1469 infirmus,
2103 1413 2292 1475 quam
2339 1413 2559 1477 parum
2591 1391 2886 1475 prudens:
2920 1390 3133 1454 deinde

669 1497 917 1581 cogitur
965 1498 1042 1562 ob
1076 1497 1398 1583 angustias
1430 1516 1593 1573 suas,
1635 1515 1697 1561 se
1744 1498 1808 1561 et
1854 1515 1968 1561 sua
2000 1496 2206 1564 omnia
2240 1496 2423 1560 alteri
2460 1495 2695 1578 aperire
2727 1514 2799 1558 ac
2833 1493 3131 1558 iudicium

672 1619 856 1663 suum
891 1599 1172 1665 abdicare
1221 1600 1599 1681 alteriusque
1631 1599 2004 1664 sententiam
2044 1598 2217 1680 sequi
2264 1601 2327 1663 et
2374 1598 2635 1662 obedire.

851 1704 923 1765 4ο
959 1701 1236 1767 Multum
1270 1703 1347 1766 ad
1378 1702 1496 1766 hoc
1533 1703 1814 1785 prosunt,
1847 1706 1923 1764 ut
1963 1702 2106 1781 quis
2142 1720 2253 1765 suo
2302 1705 2569 1779 tempore
2602 1699 2814 1779 possit
2839 1695 3001 1761 alios
3045 1696 3137 1760 di-

670 1806 876 1886 riyere
912 1825 986 1867 ac
1032 1806 1266 1869 iuvare.
1303 1804 1422 1869 Vix
1469 1803 1632 1869 enim
1680 1803 1831 1867 bene
1879 1802 2313 1886 scrupulosum
2360 1802 2606 1886 diriget,
2658 1801 2765 1882 qui
2812 1799 3134 1882 scrupulos

671 1925 792 1972 non
831 1908 1108 1971 senserit.
1145 1907 1318 1972 Unde
1365 1926 1522 1989 quos
1570 1908 1737 1970 Deus
1785 1906 2182 1988 praeordinat
2230 1905 2307 1969 ad
2355 1905 2511 1968 alios
2559 1903 2931 1988 dirigendOS‚
2974 1900 3133 1966 solet

672 2027 774 2073 eos
808 2009 979 2090 prius
1010 2028 1302 2086 exercere,
1338 2010 1413 2072 ut
1441 2009 1642 2073 sciant
1666 2006 1807 2071 aliis
1833 2006 2103 2091 compati
2142 2007 2206 2071 et
2236 2006 2609 2090 experientia
2646 2005 2950 2078 noverint,
2978 2020 3133 2085 quo-

670 2109 853 2174 modo
889 2111 1196 2195 agendum
1227 2130 1368 2173 cum
1417 2110 1800 2194 scrupuloso,
1835 2128 2019 2192 quem
2062 2109 2330 2173 maxime
2377 2109 2630 2190 torquet
2674 2105 2976 2191 cogitatio
3008 2106 3132 2170 ista

670 2231 934 2295 quoque,
974 2214 1139 2295 quod
1171 2215 1477 2278 neminem
1501 2215 1682 2298 putet
1712 2214 1866 2278 scire
1914 2212 2057 2296 quid
2094 2212 2210 2276 sibi
2258 2212 2519 2276 eveniat.

852 2316 920 2379 5⁰
951 2316 1230 2398 Denique
1253 2317 1516 2400 prosunt
1543 2315 1633 2379 ad
1664 2335 1964 2397 mayrmm
1998 2315 2329 2389 mer-itanu
2367 2311 2665 2395 quidquid
2696 2311 2859 2375 enim
2893 2311 3132 2393 patitur

672 2417 1070 2500 scrupulosus
1119 2420 1184 2481 et
1213 2419 1365 2502 agit,
1402 2418 1537 2502 agit
1571 2437 1649 2481 ne
1679 2419 1810 2482 Deo
1843 2416 2168 2499 displiceat
2213 2417 2276 2479 et
2323 2415 2409 2479 sic
2456 2432 2694 2496 semper
2723 2413 3130 2477 intentionem

672 2538 893 2602 puram
923 2520 1139 2585 habet:
1174 2520 1387 2587 deinde
1413 2521 1753 2605 plurimum
1780 2518 2126 2603 scrupulosi
2149 2537 2224 2583 ne
2239 2518 2439 2582 Deum
2467 2513 2781 2582 offendant
2803 2514 3130 2598 patiuntur

663 2624 1053 2705 manentque
1078 2624 1323 2707 saepius
1354 2625 1621 2687 mortem
1654 2623 1878 2700 subire,
1914 2641 2102 2704 quam
2134 2618 2492 2685 huiusmodi
2525 2637 2785 2702 angores
2817 2617 3129 2683 recedendi

673 2726 803 2788 scil.
841 2745 877 2788 a
909 2726 1040 2790 Deo
1071 2726 1246 2789 ferre.
1289 2726 1370 2788 Et
1401 2725 1488 2788 sic
1520 2725 1688 2787 Deus
1718 2725 2027 2808 martyres
2065 2723 2217 2787 facit
2250 2723 2623 2787 incruentos.

761 2825 877 2891 Sed
913 2846 1128 2890 rursus
1175 2826 1451 2910 scrupuli
1496 2827 1643 2889 sunt
1690 2825 1964 2901 curandi,
1998 2844 2073 2889 ne
2111 2825 2336 2889 damna
2382 2842 2573 2905 eaque
2604 2821 2821 2907 gravia
2849 2821 3124 2886 afferant.

670 2929 917 2993 Etenim
953 2929 1120 2993 noxii
1182 2947 1312 2993 esse
1359 2928 1562 2993 solent
1605 2929 1745 2991 tum
1792 2926 2052 3009 corpori,
2100 2928 2250 3008 quia
2303 2925 2635 2989 destruunt
2694 2922 3126 2998 valetudinem,

669 3032 1003 3093 ‹zaenuant
1031 3033 1235 3109 caput,
1269 3050 1448 3110 saepe
1479 3028 1789 3093 hominem
1816 3029 1904 3092 acl
1932 3029 2247 3092 insania-m
2284 3028 2599 3093 adductmt
2629 3047 2698 3092 ac
2734 3030 2922 3091 vitam
2951 3048 3129 3108 saepe

668 3130 1038 3195 abbr-emant
1053 3152 1074 3194 .·
1122 3133 1336 3198 deinde
1383 3133 1575 3197 etiam
1622 3133 1890 3208 animae3
1931 3133 2155 3216 quippe
2187 3152 2325 3195 eam.
2364 3132 2743 3205 intricatam,
2769 3130 3126 3203 cksolatam

655 3233 1027 3314 perplexam
1065 3234 1333 3299 reddunt
1368 3236 1431 3298 et
1468 3235 1838 3317 quandoque
1884 3233 2439 3316 despemhmnkzm,
2479 3232 2866 3298 confundunt
2896 3231 3131 3296 intelle-

669 3342 852 3416 ctum,
888 3338 1216 3402 iudicandi
1260 3339 1384 3401 vim
1407 3338 1793 3418 perturbant
1836 3337 2259 3418 hominemque
2289 3357 2469 3418 saepe
2504 3336 2857 3418 insiyne'bus
2881 3335 3132 3417 praedi-

673 3443 803 3501 tum
851 3439 1106 3504 talentis
1152 3439 1427 3503 reddunt
1469 3440 1558 3503 ad
1599 3460 1810 3504 omnes
1855 3438 2205 3518 functiones
2242 3439 2549 3519 ineptum:
2588 3441 2905 3523 praeterea
2954 3439 3132 3518 impe-

669 3540 858 3604 diunt
915 3541 1114 3605 multa
1162 3541 1323 3605 bona
1370 3563 1576 3622 opera,
1613 3542 1968 3625 prodiyunt
2027 3544 2263 3622 tempus
2313 3541 2531 3608 multis
2587 3541 2796 3620 variis»,
2846 3541 3133 3606 inanibus

669 3643 1156 3728 cogitationibus
1188 3646 1302 3708 etc.

779 3788 998 3841 XXXV.
1020 3790 1166 3855 Resp.
1188 3792 1237 3842 2.
1261 3788 1395 3843 Licet
1434 3788 1625 3854 operari
1651 3803 1761 3842 cum
1788 3788 2084 3843 conscientia
2123 3790 2428 3855 scrupulosa,
2454 3795 2677 3841 manente
2716 3787 2964 3853 scrupulo,
2991 3788 3123 3838 dum·

672 3876 816 3926 modo
853 3872 1096 3927 iudicetur
1134 3888 1244 3928 esse
1281 3877 1544 3942 scrupulus
1580 3881 1628 3927 et
1667 3880 1718 3927 ut
1757 3873 1869 3927 talis
1905 3881 2254 3928 contemnatur.
2295 3875 2462 3937 Neque
2501 3882 2658 3927 tamen
2698 3886 2823 3939 opus
2852 3880 2946 3932 est,
2972 3878 3025 3925 ut
3061 3871 3120 3922 ad

671 3958 889 4023 singulos
920 3967 1057 4014 actus
1095 3963 1330 4014 formetur
1356 3965 1451 4014 hoc
1477 3974 1766 4030 expressum
1792 3958 2041 4022 iudicium,
2067 3959 2198 4025 quod
2226 3956 2290 4012 sit
2328 3961 2615 4023 scrupulus:
2656 3959 2743 4011 sed
2769 3957 2964 4021 sufficit,
2993 3957 3120 4022 quod

669 4051 836 4098 contra
865 4059 975 4098 eum
1003 4053 1173 4109 agatur
1198 4060 1257 4098 cx
1288 4044 1522 4099 habituali
1545 4047 1623 4099 vel
1652 4043 1854 4097 virtuali
1879 4043 2078 4106 iudici0‚
2100 4046 2161 4096 ab
2183 4041 2482 4109 experientia
2507 4041 2884 4108 praeteritorum
2908 4047 3120 4094 actuum.

669 4128 811 4182 Ratio
840 4138 928 4192 cst,
955 4129 1068 4195 quia
1094 4128 1204 4182 talis
1229 4129 1348 4183 nulli
1375 4129 1593 4197 periculo
1620 4144 1674 4183 se
1699 4128 1928 4195 exponit;
1955 4143 2063 4182 cum
2091 4130 2151 4180 ad
2182 4129 2304 4180 bene
2330 4127 2627 4192 operandum
2655 4124 2862 4178 sufficiat
2888 4124 3118 4178 iudicium

671 4213 923 4278 probabile
950 4213 1132 4278 aliquid
1175 4212 1346 4267 licere:
1376 4216 1634 4280 scrupulus
1672 4221 1855 4277 autem,
1884 4226 1993 4266 cum
2032 4226 2091 4265 ex
2131 4211 2230 4266 levi
2257 4211 2568 4264 fundamento
2596 4211 2846 4274 procedat,
2874 4223 2971 4262 non
2996 4207 3119 4262 tollit

669 4297 901 4350 iudicium
930 4296 1197 4364 practicum
1223 4298 1492 4365 probabile.
1521 4302 1694 4352 Sancti.
1723 4297 1871 4351 Mor.
1898 4298 1931 4350 l.
1956 4299 2002 4348 1.
2024 4311 2066 4349 c.
2093 4299 2155 4350 10
2171 4333 2184 4348 .
2202 4311 2249 4349 n.
2271 4298 2355 4349 80.
2378 4297 2498 4359 fleg.
2520 4295 2693 4347 Becan.
2719 4297 2751 4346 Ι.
2771 4307 2812 4347 c.
2835 4307 2881 4358 q.
2913 4296 2991 4347 10.
3015 4293 3117 4346 Fiu.

669 4390 730 4436 tr.
753 4386 836 4437 21.
856 4399 897 4436 c.
921 4382 967 4436 4.
989 4398 1037 4436 n.
1061 4383 1179 4435 176.

758 4494 940 4568 228.
992 4498 1218 4563 Sensus
1257 4502 1369 4575 est,
1418 4500 1599 4564 licere
1631 4498 1873 4582 operari
1919 4517 2060 4562 cum
2108 4495 2586 4580 apprehensione
2632 4493 2765 4566 illa,
2799 4512 2960 4575 quae
2990 4511 3125 4576 sug-

668 4602 834 4686 gerit
870 4602 1175 4666 actionem
1208 4620 1337 4666 esse
1367 4602 1890 4685 peccaminosam3
1927 4595 2260 4664 dummodo
2283 4597 2593 4662 iudicetur
2623 4614 2755 4661 esse
2781 4595 3121 4678 scrupulus,
