3529 5158
334 344 481 420 [465]
801 362 1091 404 cassano
1125 363 1320 406 mors.
1360 364 1789 409 mansuumo
1826 366 1903 407 m
1940 365 2141 408 norro
2179 365 2345 408 mars
2691 350 2802 405 443

429 457 654 521 Differt
683 457 852 522 fictio
875 459 1032 524 iuris
1055 479 1091 523 a
1114 462 1613 544 praesumptione
1636 462 2033 546 potissimum
2056 482 2128 528 ex
2151 482 2224 528 eo
2254 462 2420 545 quod
2450 461 2623 527 fictio
2648 461 2801 526 data

334 577 525 642 opera
561 558 758 623 sciens
804 562 868 624 et
911 561 1177 644 prudens
1222 562 1452 628 falsum
1499 565 1723 648 accipit
1769 584 1880 649 pro
1913 584 2078 642 vero,
2114 567 2188 629 ut
2218 564 2442 628 idcirco
2476 582 2799 647 perperam

328 661 475 744 quis
519 663 738 726 contra
785 662 986 745 ipsam
1030 664 1335 730 niteretur
1381 666 1699 731 ostendere
1743 667 2094 745 veritatem,
2142 685 2413 748 quacum
2453 682 2799 747 numquam

329 764 508 829 fictio
537 764 854 839 convenit;
887 768 1311 850 praesumptio
1344 768 1408 832 in
1439 788 1504 833 re
1534 769 1724 834 dubia
1754 770 2041 834 versatur
2070 771 2136 833 et
2165 768 2495 833 veritatem
2527 766 2796 849 quaerit,

335 885 531 948 quam
550 868 739 949 putat
760 868 1075 952 attigisse:
1101 867 1328 935 idcirco
1352 870 1635 937 admittit
1656 870 2086 955 probationem
2117 872 2181 935 in
2204 871 2609 936 contrarium.
2634 868 2802 933 Hinc

337 969 764 1052 praesumptio
795 988 1114 1037 assensum
1144 973 1440 1050 continet,
1473 974 1937 1057 probabilitatis
1972 974 2197 1039 saltem
2227 974 2335 1051 rei,
2368 973 2541 1038 fictio
2588 991 2803 1055 appre-

336 1072 635 1136 hensione
672 1072 806 1137 sola
836 1075 1209 1140 continetur.

419 1171 582 1238 Cum
595 1174 765 1240 fictio
780 1177 1067 1241 creatura
1082 1178 1167 1242 sit
1178 1178 1356 1256 iuria,
1374 1182 1631 1243 eatenus
1646 1180 1834 1255 valet,
1852 1179 2159 1262 quatenus
2176 1177 2273 1243 ius
2291 1178 2515 1255 voluit,
2535 1176 2801 1258 ideoque

333 1296 464 1342 non
489 1276 677 1342 habet
703 1278 912 1344 locum
941 1279 1063 1344 nisi
1084 1281 1149 1345 in
1172 1281 1418 1346 casibus
1442 1300 1480 1346 a
1502 1283 1636 1347 iure
1658 1282 1985 1365 expressis3
2012 1300 2210 1364 neque
2234 1282 2398 1346 enim
2421 1281 2485 1345 in
2510 1278 2800 1345 omnibus

335 1401 433 1446 ex.
460 1402 522 1466 g.
549 1382 723 1446 heres
745 1401 871 1446 una
893 1401 1154 1465 persona
1177 1386 1272 1449 est
1294 1403 1438 1450 cum
1459 1386 1761 1450 testatore
1778 1386 1843 1449 et
1857 1384 2189 1449 canonicus
2210 1383 2494 1448 infirmus
2518 1383 2803 1447 lucratur

336 1483 590 1568 quidem
627 1483 1097 1550 distributiones
1142 1486 1559 1568 quotidianas,
1608 1506 1731 1552 non
1778 1506 1923 1552 vero
1971 1505 2094 1563 eas,
2144 1506 2305 1570 quae
2335 1486 2484 1551 solis
2524 1502 2804 1568 praesen-

337 1587 514 1652 tibus
544 1588 925 1670 competunt.
963 1587 1036 1677 Id
1069 1589 1233 1653 enim
1261 1589 1361 1653 ius
1393 1607 1517 1653 non
1548 1590 1802 1654 statuit.

432 1686 593 1754 Cum
623 1687 792 1754 fictio
824 1690 1153 1755 veritatem
1176 1691 1478 1766 imitetur,
1519 1694 1592 1756 ut
1622 1692 1849 1757 idcirco
1882 1692 2115 1757 versari
2145 1690 2367 1755 debeat
2389 1690 2454 1753 in
2486 1707 2637 1753 casu
2667 1706 2808 1771 pos-

339 1792 530 1866 sibili,
580 1810 703 1856 non
750 1793 889 1875 plus
943 1797 1237 1877 operatur
1294 1794 1358 1857 in
1405 1812 1554 1858 casu
1599 1793 1768 1870 ficto,
1817 1813 2005 1877 quam
2052 1792 2284 1859 veritas
2328 1792 2394 1855 in
2440 1810 2589 1856 casu
2634 1809 2801 1855 vero.

337 1895 611 1976 Ideoque
657 1896 776 1959 etsi
821 1895 1022 1961 adhuc
1065 1897 1129 1960 in
1174 1899 1354 1961 utero
1402 1897 1699 1962 exsistens
1746 1897 2090 1979 accipiatur
2124 1914 2235 1979 pro
2283 1894 2471 1971 edito,
2506 1893 2561 1957 si
2593 1894 2803 1956 tamen

336 1998 624 2080 deinceps
655 2016 776 2062 non
817 1998 1029 2063 vitalis
1058 1999 1286 2082 prodit,
1324 1998 1495 2064 fictio
1527 2018 1601 2064 ea
1632 1999 1790 2063 nihil
1821 1998 2077 2063 confert.

429 2102 625 2165 Porro
655 2099 825 2166 fictio
857 2102 1012 2166 iuris
1047 2102 1114 2165 in
1142 2102 1275 2167 foro
1307 2122 1555 2185 quoque
1585 2102 1995 2168 conscientiae
2026 2102 2156 2166 vim
2184 2101 2393 2177 habet,
2429 2101 2503 2165 ut
2547 2097 2705 2162 illud
2737 2097 2805 2161 in

334 2204 714 2269 conscientia
752 2204 1209 2270 admittendum
1239 2206 1341 2282 sit,
1382 2206 1547 2288 quod
1569 2207 1739 2291 leges
1770 2206 2062 2271 statuunt
2091 2204 2335 2268 innixae
2357 2201 2596 2267 fictioni
2624 2199 2801 2265 iuris.

339 2304 434 2372 Cf.
475 2306 793 2372 Reiffenst.
832 2308 876 2372 l.
914 2310 973 2371 1.
1012 2308 1114 2373 tit.
1151 2311 1211 2373 2.
1246 2329 1348 2374 nn.
1389 2309 1534 2374 185.
1574 2328 1746 2391 seqq.

1362 2514 1633 2582 CAPUT
1680 2515 1791 2579 VI.

570 2658 604 2693 *
655 2673 732 2719 nr:
780 2672 1348 2721 mrnnpnsmmoxe
1396 2673 1571 2720 Lacus
1617 2673 1694 2720 ET
1741 2671 2062 2721 SPECIATIM
2110 2671 2187 2718 DE
2235 2670 2506 2718 ΕΡῙΚΕῙΑ.
2544 2654 2577 2690 *

433 2831 611 2907 485.
645 2836 1106 2919 Interpretatio,
1132 2855 1291 2918 quae
1315 2838 1411 2900 est
1433 2835 1770 2901 declaratio
1802 2854 2018 2901 sensus
2047 2835 2223 2920 legis,
2262 2833 2388 2898 alia
2420 2834 2516 2897 est
2550 2830 2808 2895 authen-

343 2942 489 3015 tica,
523 2941 649 3005 alia
681 2937 944 3016 amanlis,
980 2938 1105 3003 alia
1141 2937 1531 3003 doctrinalis.

437 3043 651 3107 Prima
679 3044 793 3119 est,
827 3060 1016 3123 quam
1045 3041 1370 3125 legislator
1404 3042 1534 3124 ipse
1565 3044 1678 3105 aut
1711 3042 1842 3105 eius
1874 3057 2186 3105 successor
2221 3040 2320 3102 vel
2353 3038 2631 3119 superior
2655 3038 2809 3101 facit

337 3146 679 3227 eademque
723 3144 946 3226 duplex
977 3143 1406 3228 distinguitur,
1447 3143 1644 3206 altera
1675 3141 2192 3221 comprehensiva,
2235 3140 2431 3203 altera
2464 3138 2803 3201 emmim.

338 3251 527 3314 Prior
573 3251 686 3325 est,
733 3265 891 3329 quae
937 3245 1214 3310 declarat
1258 3245 1340 3322 id,
1389 3244 1552 3326 quod
1600 3245 1727 3307 iam
1756 3245 1822 3307 in
1859 3244 2015 3326 lege,
2050 3242 2196 3305 licet
2231 3241 2573 3315 obscuriu8‚
2614 3240 2809 3302 conti-

345 3352 573 3416 netur:
622 3350 830 3426 altera,
880 3368 1038 3431 quae
1079 3348 1284 3432 legem
1330 3346 1604 3411 extendit
1651 3346 1727 3410 ad
1776 3345 1970 3409 alium
2017 3362 2229 3407 casum
2260 3343 2396 3425 lege
2434 3342 2635 3425 priore
2682 3359 2807 3405 non

340 3451 874 3536 comprehensum.
922 3451 1203 3534 Utraque
1253 3468 1566 3514 occurrere
1611 3451 1818 3531 potest
1863 3449 1927 3512 in
1972 3447 2484 3529 interpretatione
2530 3444 2805 3509 eiusdem

343 3557 530 3641 legis.

435 3658 618 3722 Prior
653 3677 794 3721 cum
824 3674 946 3721 non
981 3657 1064 3720 sit
1101 3675 1262 3720 nova
1308 3656 1422 3731 lex,
1475 3674 1596 3719 non
1635 3654 1873 3738 indiget
1904 3654 2441 3738 promulgatione3
2485 3654 2683 3717 altera
2714 3653 2812 3716 in-

343 3762 549 3846 diget3
599 3761 766 3843 quia,
816 3759 1022 3842 quoad
1067 3759 1129 3823 id
1177 3758 1341 3841 quod
1380 3758 1570 3836 addit,
1607 3758 1959 3840 aequivalet
1990 3776 2185 3822 novae
2215 3758 2359 3842 legi.
2395 3755 2487 3821 cf.
2523 3756 2689 3819 dicta
2738 3755 2812 3819 de

345 3863 884 3948 Ptomulgatione.

439 3967 882 4049 Interpretatio
915 3964 1159 4028 emulis
1189 3984 1259 4029 ea
1298 3966 1412 4039 est,
1446 3983 1636 4046 quam
1673 3964 1919 4028 exhibet
1949 3961 2350 4037 consuetudo,
2386 3978 2545 4042 quae
2575 3961 2690 4032 est,
2738 3961 2815 4022 ut

344 4071 596 4146 dicitur,
649 4070 886 4152 optima
930 4069 1142 4153 legum
1189 4068 1507 4150 interpres,
1544 4065 1609 4130 Si
1655 4065 2036 4131 consuetudo
2069 4062 2215 4126 talis
2248 4063 2351 4136 sit,
2386 4064 2459 4125 ut
2497 4060 2621 4123 vim
2656 4060 2814 4144 legis

344 4174 650 4248 obtineat,
692 4171 841 4235 haec
874 4171 1304 4252 interpretatio
1335 4173 1638 4251 tanquam
1676 4166 2035 4232 authentica
2073 4164 2357 4229 habenda
2384 4168 2496 4229 est.

436 4272 840 4340 Docmnalis
886 4276 1000 4350 est,
1048 4293 1237 4355 quam
1285 4291 1396 4356 ope
1443 4272 1735 4337 scientiae
1782 4271 1845 4334 et
1890 4268 2302 4352 experientiae
2348 4267 2530 4351 periti
2577 4266 2819 4330 faciunt

342 4380 826 4458 contineturque
873 4377 1192 4439 sententiis
1239 4376 1565 4440 doctorum
1602 4377 1665 4439 et
1701 4373 2219 4456 iurisperitorum.
2254 4371 2425 4435 Haec
2459 4388 2580 4434 non
2627 4370 2819 4434 habet

345 4481 476 4544 vim
494 4477 846 4564 obligandi3
864 4496 1007 4541 cum
1024 4478 1233 4541 tamen
1250 4496 1581 4542 consensus
1605 4477 1930 4541 doctorum
1949 4476 2043 4538 est
2066 4474 2399 4547 unanimiS,
2427 4492 2556 4536 rem
2581 4474 2815 4536 certam

343 4583 677 4647 moraliter
713 4579 867 4643 facit
912 4580 976 4642 et
1012 4580 1107 4642 est
1143 4580 1321 4644 testis
1368 4578 1850 4644 consuetudinis.
1900 4576 2064 4641 Huic
2110 4575 2609 4658 interpretationi
2644 4575 2820 4638 locus
