3529 5158
706 353 814 408 636
1519 366 1834 406 appanmx
1873 367 1912 406 1.
1954 363 2350 407 3133113111πο

710 481 891 528 33130
938 464 1100 527 311113
1151 465 1335 528 antea
1383 464 1664 528 docuerit
1710 464 1898 545 atque
1938 463 2239 528 ’adversus
2284 463 2822 547 probabilioristas
2870 485 2943 529 ac
2985 468 3176 532 tutio—

705 568 890 631 ristas
937 568 1248 649 quoslibet
1285 567 1790 652 propugnaverit,
1842 566 2082 631 licitum
2111 587 2241 631 esse
2273 587 2454 631 usum
2485 568 2801 647 opinionis
2816 569 3175 648 probabilis

691 690 817 750 pro
856 668 1162 745 libertate,
1201 672 1485 752 quamvis
1514 690 1706 751 aeque
1723 669 2081 749 probabilis
2110 671 2320 750 opinio
2349 670 2578 734 militet
2598 692 2725 752 pro
2762 670 2894 753 leye
2924 673 3018 753 (in
3047 692 3172 754 qua

709 772 1039 856 hypothesi
1087 773 1645 855 probabilioristas,
1681 773 1756 837 ut
1785 773 2007 837 notum
2053 775 2168 849 est,
2203 773 2673 852 contendebant,
2707 775 3002 839 standum
3042 794 3175 841 esse

705 876 954 940 omnino
991 894 1101 958 pro
1140 876 1323 961 lege),
1360 894 1680 959 perperam
1710 875 1986 959 profecto
2033 877 2337 960 generalis
2375 876 2562 940 huius
2591 877 2876 960 principii
2912 896 3024 941 ceu
3055 878 3175 961 pri-

707 997 885 1042 mum
918 978 1236 1043 auctorem
1269 980 1580 1061 quispiam
1612 978 1898 1042 laudaret
1930 997 1977 1042 s.
2011 978 2402 1062 Alphonsum
2432 999 2628 1062 neque
2660 999 2709 1044 s.
2744 981 2977 1044 Doctor
3013 980 3174 1044 hanc

710 1080 826 1144 sibi
874 1080 1125 1145 laudem
1171 1081 1367 1144 tribui
1412 1082 1627 1145 contra
1674 1081 1973 1144 historiae
2018 1081 2347 1145 veritatem
2387 1083 2724 1164 pateretur.
2757 1081 2973 1146 Nonne
3004 1083 3172 1146 enim

708 1182 868 1247 hanc
914 1182 1262 1247 doctrinam
1309 1183 1438 1266 ipse
1485 1183 1777 1266 proponit
1823 1185 2123 1264 tanquam
2171 1203 2327 1259 eam,
2376 1202 2533 1265 quae
2580 1203 2901 1265 nunquam
2945 1185 3010 1247 in
3058 1183 3173 1247 Ec-

701 1284 892 1347 clesia
939 1303 1061 1348 non
1108 1284 1428 1368 viguerit?
1473 1285 1691 1348 Nonne
1728 1285 1852 1348 ista
1889 1285 2082 1349 thesis
2128 1288 2265 1349 erat
2308 1305 2451 1369 pars
2498 1287 2857 1370 systematis
2889 1287 3172 1369 probabi-

705 1387 997 1450 listarum
1029 1387 1133 1468 (cf.
1171 1387 1330 1451 infra
1363 1407 1421 1450 n.
1466 1389 1649 1470 91.)·?
1681 1388 1762 1451 Et
1793 1407 1869 1451 ne
1907 1389 2088 1471 plura
2119 1389 2181 1451 in
2219 1408 2285 1453 re
2320 1388 2652 1453 manifesta
2686 1389 3009 1466 addamuS,
3042 1390 3169 1472 ipse

703 1507 753 1552 s.
790 1490 1023 1553 Doctor
1054 1489 1116 1553 in
1151 1489 1624 1563 Dissertatione‚
1657 1509 1847 1571 quam
1879 1510 2019 1554 ann.
2062 1490 2250 1555 1763.
2286 1491 2497 1566 edidit,
2524 1492 2597 1556 de
2620 1491 2836 1556 eadem
2859 1492 2978 1555 1133
3011 1492 3167 1555 thesi

700 1591 791 1654 ita
839 1590 927 1673 (g.
978 1590 1242 1674 XXXI.)
1290 1591 1539 1655 scribit:
1588 1616 1623 1649 «
1656 1592 1827 1655 Adde
1875 1592 1971 1656 his
2020 1591 2435 1677 (argumentis
2486 1612 2704 1677 nempe
2759 1595 3166 1678 probantibus

703 1693 1005 1757 moralem
1051 1694 1238 1757 huius
1284 1693 1601 1757 doctrinae
1648 1694 2112 1778 certitudinem)
2143 1696 2540 1778 potissimum
2586 1699 3049 1781 argumentum,
3080 1699 3166 1762 ui-

702 1796 933 1860 mirum
979 1797 1145 1878 quod
1192 1797 1246 1859 si
1295 1797 1600 1860 sententia
1649 1798 1862 1860 nostra
1909 1798 2130 1861 fuisset
2175 1798 2352 1875 falsa,
2402 1799 2655 1863 minime
2702 1800 2952 1881 quidem
3001 1820 3167 1864 com·

703 1899 976 1962 1111131131·
1003 1918 1037 1961 3
1072 1898 1446 1963 Doctoribus
1479 1898 1749 1980 undique
1784 1899 2005 1963 fuisset
2041 1903 2303 1983 recepta,
2338 1904 2411 1965 ut
2440 1921 2653 1965 revera
2677 1905 2925 1985 recepta
2958 1903 3082 1967 fuit
3104 1928 3163 1967 ».

695 1998 869 2079 Quae
900 1999 1150 2082 quidem
1183 2020 1230 2063 3.
1266 2000 1557 2064 Doctoris
1582 2002 1768 2064 verba
1801 2021 1942 2065 cum
1967 2002 2183 2066 itidem
2215 2003 2506 2085 legantur
2529 2006 2594 2068 et
2623 2006 2686 2067 in
2712 2005 3165 2070 Dissertatione

697 2102 1115 2185 praecedentis
1164 2117 1303 2166 ann.
1348 2102 1538 2166 1755.
1581 2104 1717 2184 (ubi
1754 2104 1828 2167 de
1877 2104 2146 2186 113319113-
2191 2107 2501 2168 sententia
2547 2107 2879 2189 scripserat
2925 2129 2984 2171 11.
3022 2110 3163 2171 52.;

699 2228 736 2262 «
766 2204 939 2267 Adde
986 2204 1083 2268 his
1129 2205 1527 2287 potissimum
1560 2208 1999 2289 argumentum
2038 2209 2152 2271 sub
2187 2208 2441 2273 initium
2477 2211 2887 2292 propositum,
2928 2230 3058 2293 cap.
3102 2212 3159 2276 1.

696 2326 755 2368 n.
792 2307 874 2381 3.,
910 2306 1224 2381 3113111131,
1260 2307 1425 2389 quod
1457 2309 1507 2371 si
1542 2309 1848 2371 sententia
1873 2310 2138 2394 benigna
2167 2310 2391 2375 fuisset
2412 2312 2590 2388 falsa,
2625 2314 2875 2376 minime
2906 2313 3157 2394 quidem

695 2411 1108 2474 communiter
1145 2430 1181 2474 a
1213 2411 1590 2476 Doctoribus
1622 2411 1892 2494 undique
1924 2412 2145 2477 fuisset
2191 2415 2435 2496 recepta
2463 2440 2537 2489 »ς
2580 2418 2655 2479 111
2685 2416 2908 2480 idcirco
2945 2435 2996 2481 s.
3036 2417 3162 2481 Do-

690 2514 826 2577 ctor
863 2514 1164 2577 eiusmodi
1211 2514 1557 2578 doctrinam
1605 2516 1827 2581 dixerit
1873 2518 2465 2601 communissv'mam)
2511 2537 2659 2603 ergo
2706 2519 2867 2583 hanc
2898 2519 3163 2584 alteram

696 2636 941 2698 quoque
975 2617 1523 2700 probabilistarum
1570 2620 1817 2696 thesim,
1853 2639 2042 2701 quam
2081 2619 2295 2685 deinde
2334 2621 2570 2704 placuit
2607 2622 2919 2705 appellare
2955 2624 3165 2704 aequi-

683 2717 1229 2796 probabilismum,
1269 2722 1841 2785 communissimam
1874 2723 2182 2785 exstitisse
2211 2724 2342 2805 ipse
2373 2724 2664 2787 testatur.

778 2819 839 2881 4.
890 2818 1048 2882 Cum
1094 2820 1304 2901 itaque
1352 2841 1399 2885 3.
1442 2823 1794 2904 Alphonsus
1842 2844 1962 2887 non
2009 2824 2146 2888 ideo
2193 2826 2420 2888 censeri
2456 2845 2524 2889 ac
2557 2825 2676 2889 dici
2708 2830 2931 2892 auctor
2963 2830 3027 2892 et
3059 2849 3160 2911 pa-

691 2940 830 2985 rens
854 2922 1054 3003 possit
1084 2924 1229 2987 novi
1259 2923 1607 3007 cuiuspiam
1638 2926 2016 3008 systematiS‚
2044 2927 2207 3007 quod
2232 2927 2580 2992 doctrinam
2612 2932 2796 2994 antea
2834 2931 2897 2993 in
2932 2932 3188 2997 scholis-

690 3024 1012 3088 catholicis
1059 3025 1185 3088 iam
1234 3028 1806 3090 communissimam
1853 3029 2062 3091 contra
2121 3028 2655 3112 probabilioristas
2717 3031 3158 3097 defendendam

690 3125 1042 3191 felicissime
1089 3129 1461 3211 susceperitz
1496 3129 1917 3209 quaerendum
1963 3134 2261 3213 superest,
2297 3153 2445 3197 num
2485 3135 2634 3198 haec
2670 3137 3056 3220 nuncupatio
3088 3156 3157 3199 33

688 3230 827 3293 laus
877 3229 1012 3294 ideo
1047 3250 1095 3294 3.
1133 3231 1389 3295 Doctori
1439 3232 1780 3308 accesserit,
1816 3233 1983 3314 quod
2029 3233 2373 3297 doctrinam
2422 3235 2850 3317 probabilismi
2898 3240 3029 3302 iam
3077 3239 3156 3302 vi-

693 3335 943 3416 gentem
991 3333 1201 3417 aliquo
1250 3334 1432 3399 modo
1480 3334 1929 3412 reformaverit,
1981 3336 2131 3400 adeo
2181 3338 2253 3400 ut
2299 3337 2634 3414 doctrinae,
2683 3360 2874 3422 quam
2925 3341 3158 3424 alioqui

687 3454 799 3499 ceu
819 3435 1330 3513 probabiliorem,
1358 3437 1484 3500 imo
1500 3437 2096 3515 wobabv'lvssimam,
2130 3441 2278 3520 quin
2313 3441 2377 3503 et
2405 3441 2731 3504 moraliter
2752 3447 2991 3507 certam
3027 3465 3164 3528 pro-

690 3540 1036 3622 pugnatam
1075 3540 1319 3625 egregie
1353 3540 1429 3602 ab
1460 3541 1594 3623 ipso
1631 3541 1690 3603 in
1724 3541 2062 3623 praemissa
2109 3542 2304 3626 ipsius
2339 3544 2787 3610 Dissertatione
2826 3549 3157 3624 cernimus,

684 3641 1022 3705 detraxisse
1047 3642 1327 3724 deinceps
1354 3643 1671 3724 quidpiam
1696 3643 1986 3709 dicendus
2018 3645 2121 3721 sit,
2155 3646 2412 3728 ideoque
2435 3649 2498 3711 in
2531 3648 2804 3713 eiusdem
2838 3649 3159 3716 doctrinae

688 3743 1101 3824 patrocinium
1151 3744 1491 3806 auctoritas
1528 3745 1724 3826 ipsius
1759 3766 1806 3808 s.
1842 3747 2130 3810 Doctoris
2162 3766 2282 3811 non
2331 3749 2599 3831 amplius
2637 3751 2835 3834 possit
2868 3753 3157 3816 absolute

684 3864 910 3910 vocam.

772 3949 967 4030 Atqui
1015 3949 1131 4013 hoc
1177 3951 1289 4025 est,
1341 3950 1505 4032 quod
1553 3952 1903 4034 negandum
1950 3954 2246 4034 putamus
2295 3972 2364 4016 ac
2410 3972 2591 4036 porro
2632 3957 2993 4021 ostensuros
3042 3977 3151 4022 nos

686 4050 865 4132 plane
913 4050 1297 4126 confidimus,
1348 4073 1394 4117 s.
1440 4053 1769 4117 Doctorem
1818 4053 2207 4135 Alphonsum
2253 4075 2362 4119 nec
2407 4055 2734 4139 pristinam
2789 4058 2967 4123 illam
3013 4079 3145 4122 sen-

685 4153 948 4215 tentiam
973 4172 1153 4216 suam
1177 4173 1453 4234 unqua-m
1484 4155 1864 4238 improbasse
1888 4175 1996 4218 nec
2026 4157 2345 4239 quidpiam
2369 4159 2460 4221 illi
2488 4178 2764 4241 unquam
2788 4160 3139 4225 detraxisse.

775 4256 833 4316 5.
863 4254 944 4317 Et
977 4255 1176 4336 primo
1211 4255 1458 4338 quidem
1490 4276 1612 4321 non
1638 4257 2061 4332 diffitebimur,
2089 4258 2371 4325 futurum
2396 4261 2688 4343 profecto,
2716 4263 2791 4326 ut
2824 4263 2902 4327 ad
2935 4265 3146 4327 nostra

686 4354 835 4419 haec
868 4357 1051 4421 verba
1092 4358 1347 4439 quidam
1395 4360 1835 4442 obstupescant
1882 4363 2179 4442 tanquam
2226 4362 2299 4426 de
2336 4363 2645 4446 paradoxo
2687 4383 2809 4428 non
2857 4367 3064 4431 solum
3111 4384 3146 4428 3

686 4459 948 4522 veritate
974 4459 1078 4523 sed
1112 4479 1143 4522 3
1174 4461 1710 4524 verisimilitudine
1745 4464 1993 4526 0111111110
2029 4463 2248 4538 alieno,
2276 4464 2321 4527 ii
2354 4467 2735 4548 praesertim,
2765 4466 2841 4530 ad
2881 4487 3144 4549 quorum

682 4578 902 4623 31311113
941 4580 1011 4623 33
1046 4561 1480 4626 tantummodo
1514 4583 1561 4626 s.
1592 4564 1878 4628 Doctoris
1917 4566 2147 4648 scripta
2178 4569 2587 4649 provenerint,
2615 4587 2773 4650 quae
2804 4569 2881 4633 de
2911 4571 3029 4634 hoc
3055 4591 3145 4634 31·-
