3529 5158
368 375 473 451 [59]
1111 392 1628 433 coscumscmffrra
1667 392 1819 441 Qum
1857 391 1951 434 srr
2760 380 2829 435 57

367 487 603 551 inflicta
650 487 748 563 iis,
798 487 907 568 qui
954 487 1194 553 violant
1240 489 1594 552 clausuram
1639 488 2028 563 monialium,
2080 489 2156 551 ob
2202 489 2418 572 gravia
2464 490 2698 555 scilicet
2743 491 2831 555 in-

366 588 712 666 commoda,
748 609 905 671 quae
952 609 1125 654 secus
1164 590 1345 654 facile
1393 592 1816 671 sequerentur.
1859 588 1958 653 Sic
1989 590 2194 672 plures
2231 610 2519 655 censurae
2551 593 2831 675 propriae

364 691 666 757 Ordinum
714 692 1147 776 religiosorum
1194 694 1292 757 vel
1340 690 1775 775 Capitulorum
1823 694 1938 756 etc.

472 856 662 908 ΧΧΙΧ.
706 857 844 922 Quae
880 858 1133 921 hucusque
1173 856 1233 908 de
1272 853 1543 918 ignorantia
1571 853 1698 906 dicta
1726 861 1853 913 sunt,
1897 851 2249 905 accommodari
2273 867 2330 905 ea
2371 855 2547 905 debent
2585 856 2645 905 ad
2693 853 2833 906 aliam

367 938 710 1004 ignorantiam,
738 954 861 1005 quae
898 954 994 993 non
1032 937 1299 1006 opponitur
1337 938 1569 992 scientiae
1607 944 1657 990 et
1697 935 1988 1001 cognitioni,
2027 938 2113 989 sed
2151 939 2308 989 solum
2347 936 2508 1003 privat
2547 938 2725 991 actuali
2748 941 2835 990 ad-

369 1024 613 1079 ver-tentia
635 1039 719 1079 seu
742 1024 976 1078 memoria
1000 1032 1050 1079 et
1067 1025 1235 1078 vocari
1254 1026 1380 1077 solet
1407 1038 1701 1076 lGNORANTlA
1723 1036 1853 1075 ACTU
1865 1036 1973 1076 ‚nus
2001 1020 2248 1086 magisque
2275 1021 2473 1088 proprie
2497 1021 2677 1076 (licitur
2695 1039 2831 1077 imo-

364 1124 673 1178 varam-u,
694 1124 1120 1171 rxcousmsaarrm
1141 1124 1352 1162 onmvro.
1376 1109 1491 1161 vid.
1511 1112 1695 1160 suarez
1718 1106 1766 1159 in
1795 1109 1838 1159 l.
1868 1110 1916 1158 2.
1939 1112 2079 1160 tract.
2102 1109 2149 1159 2.
2170 1106 2295 1173 disp.
2319 1106 2365 1159 4.
2389 1115 2506 1161 sect.
2532 1110 2551 1159 ³l
2565 1147 2578 1160 .
2606 1123 2652 1161 n.
2675 1111 2758 1162 22.
2781 1116 2829 1162 et

362 1201 482 1249 sect.
503 1196 553 1247 3.
575 1201 676 1248 turn
712 1201 855 1248 tract.
875 1196 923 1249 5.
945 1195 1070 1261 disp.
1096 1195 1140 1247 4.
1167 1201 1285 1247 sect.
1319 1192 1446 1246 unic.
1475 1208 1521 1245 n.
1555 1195 1604 1244 6.

450 1306 575 1383 58.
608 1313 704 1377 De
735 1311 832 1377 his
866 1332 1022 1394 quae
1048 1314 1125 1376 ab
1150 1310 1770 1375 inconsiderationem
1803 1328 1913 1373 seu
1946 1310 2462 1375 inadvertentiam
2495 1312 2821 1393 pertinent,

363 1414 518 1479 satis
564 1412 807 1479 dictum
855 1416 946 1479 est
990 1414 1107 1479 hoc
1153 1414 1374 1496 capite.

1381 1642 1652 1706 CAPUT
1702 1642 1811 1705 IV.

1109 1799 1207 1844 DE
1279 1797 2084 1845 CONCUPISCENTIA

467 1962 635 2014 XXX.
655 1958 1094 2026 Concupiscentiae
1132 1960 1326 2013 nomine
1366 1958 1475 2012 heic
1501 1957 1787 2023 intelligitur
1812 1973 1908 2013 non
1935 1959 2132 2024 quidem
2157 1968 2426 2026 perpetuus
2460 1960 2546 2015 ille
2586 1961 2824 2028 nobisque

359 2044 532 2097 insitus
564 2059 827 2109 pravarum
866 2043 1145 2111 cupidinum
1188 2048 1356 2111 tomes»,
1388 2047 1451 2097 de
1481 2058 1578 2109 quo
1616 2042 1816 2110 saepius
1842 2045 2128 2110 Apostolus,
2166 2046 2252 2098 sed
2290 2061 2456 2100 morus
2494 2061 2823 2102 APPE‘rrrlvAB

362 2146 590 2184 vmrurrs
628 2146 911 2194 sensimus,
955 2147 1034 2192 Qut
1071 2146 1161 2185 Esr
1200 2147 1263 2184 ex
1300 2146 1652 2184 iuaorsxnosss
1692 2146 1799 2183 nom
1847 2139 1898 2184 et
1942 2147 2038 2196 quo
2077 2134 2137 2186 ad
2178 2135 2358 2186 bonum
2397 2133 2627 2187 sensibile
2654 2150 2820 2201 prose·

357 2219 602 2282 quendum
632 2216 937 2270 inclinamur.
967 2216 1081 2269 Vid.
1109 2232 1148 2268 s,
1173 2219 1411 2269 'l'liomam
1442 2218 1482 2267 l.
1506 2219 1554 2268 2.
1575 2231 1620 2281 q.
1646 2219 1729 2268 30.
1754 2231 1799 2268 a.
1827 2220 1842 2267 l
1859 2255 1871 2267 .
1892 2223 1957 2269 ct.
1980 2221 2029 2270 3.
2051 2218 2168 2270 dist.
2188 2222 2272 2272 26.
2293 2235 2338 2285 q.
2366 2222 2382 2271 1
2412 2234 2457 2272 a.
2481 2222 2531 2274 l.

445 2335 567 2409 59.
593 2339 837 2414 FomeS‚
864 2339 937 2402 de
963 2357 1085 2420 quo
1109 2338 1470 2420 Apostolus.‚
1497 2340 1592 2401 est
1614 2336 1711 2400 lex
1734 2356 2085 2420 repugnans
2107 2338 2233 2421 legi
2260 2340 2401 2403 Dei:
2429 2340 2600 2403 video
2623 2341 2820 2404 aliam

357 2440 551 2523 Iegem
579 2442 653 2503 in
685 2441 975 2504 naembris
1019 2441 1173 2503 mis
1218 2444 1670 2521 repaynantem
1701 2439 1827 2520 leyi
1856 2439 2082 2502 naeniis
2113 2459 2298 2503 meae.
2333 2441 2514 2505 Rom.
2540 2442 2684 2506 VII.
2713 2445 2817 2508 23.

358 2545 469 2609 Et:
520 2564 649 2609 non
694 2545 862 2608 enim
906 2543 1073 2625 quod
1101 2542 1235 2606 volo
1282 2543 1529 2616 bonum,
1562 2541 1671 2606 hoe
1701 2562 1843 2623 aye,
1875 2541 1987 2606 sed
2028 2541 2196 2623 quod
2222 2542 2327 2606 odi
2369 2543 2625 2619 vitalum,
2657 2544 2824 2610 illud

358 2647 518 2725 facio
552 2668 608 2711 v.
652 2649 753 2711 19.
788 2650 850 2712 et
888 2648 1014 2711 alia
1061 2645 1442 2711 huiusmodi.
1477 2645 1614 2709 Hoc
1660 2664 1843 2709 sensu
1889 2646 2383 2728 concupiscentia
2430 2649 2543 2723 est,
2577 2668 2700 2729 qua
2732 2669 2822 2714 re-

360 2750 633 2832 fugimus
682 2751 942 2814 honesta
989 2752 1053 2814 et
1096 2750 1161 2813 in
1211 2748 1599 2813 delectabilia
1646 2748 1870 2811 illicita
1916 2747 2190 2812 ferimur.

444 2853 497 2915 A
529 2852 708 2917 nobis
742 2853 1043 2934 accipitur
1076 2870 1185 2935 pro
1231 2853 1411 2915 motu
1443 2850 1756 2933 appetitus
1805 2850 2130 2927 sensibilia,
2171 2870 2294 2933 quo
2334 2852 2702 2917 inclinamur
2740 2854 2818 2919 ad

354 2952 585 3017 bonum
633 2954 922 3018 sensibile
983 2953 1475 3036 prosequendum
1537 2954 1601 3016 et
1662 2953 1739 3016 ad
1787 2953 2027 3017 malum
2087 2952 2469 3036 fugiendum,
2519 2955 2820 3040 imagina-

352 3057 521 3120 tione
561 3057 1031 3140 apprehensum.
1067 3058 1166 3121 Ita
1199 3077 1247 3121 s.
1289 3056 1559 3121 Thomas
1597 3057 1653 3119 1.
1690 3059 1749 3119 2.
1778 3075 1836 3137 q.
1872 3058 1978 3119 30.
2015 3075 2069 3119 a.
2112 3058 2198 3119 l.:
2240 3082 2274 3113 «
2307 3055 2814 3140 Concupiscentia

355 3158 597 3242 proprie
644 3159 951 3240 loquendo
985 3163 1081 3224 est
1110 3160 1175 3224 in
1209 3160 1490 3242 appetitu
1537 3159 1834 3223 sensitivo
1869 3161 1932 3222 et
1965 3159 2027 3220 in
2061 3158 2120 3221 vi
2151 3159 2630 3240 concupiscibili,
2657 3180 2815 3239 quae

354 3261 429 3324 ab
475 3281 550 3324 ea
597 3261 1035 3326 denominatur
1066 3288 1100 3318 »
1140 3263 1204 3326 et
1248 3262 1478 3326 ibidem
1526 3280 1580 3324 a.
1619 3263 1702 3323 2.:
1744 3287 1778 3316 «
1811 3261 2056 3323 Bonum
2090 3259 2449 3323 delectabile
2481 3260 2814 3325 secundum

355 3383 603 3428 sensum
635 3369 731 3428 est
761 3365 1175 3429 communiter
1207 3365 1520 3429 obiectum
1551 3361 2044 3444 concupiscibilis
2070 3387 2130 3424 ».
2157 3361 2238 3424 Et
2271 3362 2333 3425 3.
2360 3361 2502 3426 dist.
2532 3363 2636 3425 26.
2664 3381 2721 3444 q.
2755 3363 2811 3426 1.

355 3455 411 3527 a.
453 3467 545 3528 1.:
587 3492 623 3524 «
656 3467 911 3550 Proprie
957 3468 1263 3549 loquendo
1312 3467 1516 3550 passio
1564 3467 1660 3530 est
1706 3465 1769 3529 in
1818 3464 2278 3546 operationibus
2324 3464 2638 3547 appetitus
2686 3485 2816 3529 sen-

354 3568 570 3633 sitivae
602 3570 823 3652 partis,
851 3570 1186 3634 secundum
1219 3569 1385 3652 quod
1410 3570 1829 3632 Damasoenus
1854 3567 2023 3643 dicit,
2051 3566 2216 3648 quod
2250 3566 2454 3650 passio
2479 3569 2573 3632 est
2602 3573 2812 3633 motus

355 3672 731 3753 appetitivae
764 3673 1017 3737 virtutis
1050 3673 1375 3746 sensibiIiS,
1404 3671 1511 3753 qui
1543 3675 1637 3735 est
1684 3691 1754 3734 ex
1787 3670 2234 3753 imaginatione
2266 3671 2412 3736 boni
2444 3671 2540 3734 vel
2572 3672 2722 3735 mali
2749 3699 2809 3736 ».

440 3775 723 3838 Dicimus
749 3777 960 3839 autem
980 3798 994 3838 ε
1014 3779 1078 3840 et
1102 3775 1179 3839 ad
1204 3775 1441 3838 malum
1472 3773 1856 3857 fugiendum.
1878 3772 1933 3835 N
1939 3792 2059 3847 am,
2080 3774 2153 3835 ut
2186 3773 2276 3836 ait
2300 3792 2347 3836 S.
2369 3773 2638 3838 Thomas
2671 3775 2726 3838 1.
2748 3777 2807 3839 2.

354 3894 409 3955 q.
436 3877 538 3940 25.
567 3896 624 3940 a.
655 3878 740 3940 2.;
774 3903 810 3934 ‹<
836 3877 1074 3941 obiecta
1102 3876 1595 3959 concupiscibilis
1627 3878 1774 3940 sunt
1806 3875 2038 3938 bonum
2070 3877 2134 3938 et
2163 3874 2400 3937 malum
2425 3901 2458 3930 »
2491 3877 2555 3937 et
2584 3875 2810 3939 ibidem

352 3995 407 4058 q.
446 3979 545 4041 77.
581 3998 640 4042 a.
677 3980 739 4041 6.
776 3978 853 4042 ad
885 3980 984 4042 4.:
1024 4005 1060 4036 «
1100 3979 1252 4062 fuga
1296 3979 1449 4043 mali
1495 3981 1791 4043 causatur
1839 3997 1909 4040 ex
1958 3975 2239 4058 appetitu
2287 3976 2433 4040 boni
2465 4001 2524 4038 ».

433 4080 774 4164 Appetitas
822 4085 1035 4145 autem
1095 4082 1427 4146 sensitivus
1474 4101 1596 4145 non
1651 4082 1900 4144 tantum
1946 4079 2012 4142 in
2059 4078 2266 4141 anima
2313 4077 2538 4141 residet
2599 4077 2704 4142 sed
2751 4080 2814 4144 et

354 4201 570 4266 corpus
621 4184 840 4247 afficit.
890 4183 979 4248 Ut
1024 4184 1191 4248 enim
1238 4185 1443 4265 inquit
1488 4205 1535 4247 s,
1576 4183 1849 4248 Thomas
1902 4184 1957 4245 1.
2010 4184 2070 4245 2.
2105 4201 2162 4262 q.
2217 4181 2318 4244 77.
2370 4200 2425 4244 a.
2476 4182 2537 4246 3.
2588 4181 2665 4245 ad
2713 4183 2810 4247 2.:

361 4309 393 4342 ⁴<
412 4287 757 4370 Appetitas
783 4287 1117 4351 sensitivus
1141 4289 1237 4352 est
1261 4288 1462 4351 virtus
1487 4288 1667 4350 utens
1695 4303 1929 4369 organo
1953 4283 2256 4367 corporali
2283 4308 2343 4348 ».
2372 4282 2582 4349 Sermo
2608 4286 2813 4350 tamen

350 4391 440 4451 est
484 4389 559 4453 de
605 4388 1018 4464 motionibus,
1067 4409 1225 4470 quae
1270 4389 1335 4452 in
1383 4407 1633 4470 corpore
1692 4388 1910 4469 utique
1956 4386 2322 4461 excitantur,
2374 4391 2441 4452 at
2485 4407 2609 4453 non
2656 4408 2813 4470 quae

350 4491 545 4555 malae
606 4511 715 4574 per
771 4509 838 4553 se
884 4490 1028 4562 sint,
1077 4491 1182 4555 sed
1244 4494 1552 4572 quatenus
1609 4490 1927 4554 ordinatae
1990 4490 2066 4553 ab
2114 4492 2364 4553 auctore
2419 4493 2679 4553 naturae
2734 4488 2812 4554 ad

342 4593 600 4658 subiecti
651 4593 1205 4658 conservationem.
1235 4594 1414 4657 Hinc.
1466 4593 1559 4656 uti
1607 4592 1973 4668 videbimuS‚
2022 4592 2337 4673 passiones
2375 4611 2482 4657 seu
2530 4592 2812 4673 concupi-
