3529 5158
720 338 830 394 580
1080 354 1295 396 rnac'r.
1334 355 1415 395 ιν.
1453 353 1541 394 nn
1576 352 1883 395 mecam.
1921 352 2119 394 oum
2155 353 2196 394 1.
2233 350 2377 394 nun.
2416 350 2505 390 111.
2544 349 2685 391 ΛΒΤ.
2723 350 2790 391 11.
3038 334 3184 409 [655]

806 447 979 520 855.
1013 451 1204 514 Nunc
1250 450 1324 514 de
1368 450 1610 514 actibus
1639 451 1932 523 interni-5,
1964 448 2276 512 ordinatis
2310 445 2401 510 ad
2426 465 2580 527 opus
2615 448 2961 510 externum.
3003 444 3185 512 Circa

715 552 831 617 hos
862 552 1017 617 duas
1042 553 1231 618 habet
1251 553 1487 617 Auctor
1518 552 1583 616 in
1606 552 1813 617 Resol.
1849 554 1922 616 2⁸
1945 551 2304 616 solutiones.
2330 550 2511 614 Prior
2536 548 2609 614 de
2643 549 2887 613 actibus
2922 550 3186 616 internis

718 657 795 721 ad
826 674 1023 719 unum
1067 657 1280 720 actum
1325 657 1646 720 externum
1692 654 2026 720 ordinatis:
2061 654 2328 719 secunda
2374 656 2470 719 est
2506 653 2581 718 de
2628 653 2874 718 actibus
2919 654 3181 721 internis

716 758 1016 823 ordinatis
1048 757 1125 821 ad
1172 758 1377 841 plures
1409 759 1690 822 externos
1722 757 2159 823 subordinatos
2191 755 2268 820 ad
2302 756 2575 838 aliquem
2621 755 2808 820 finem
2855 756 3133 823 unicum.

802 861 886 925 Et
915 860 989 925 de
1018 860 1286 924 secunda
1316 861 1433 924 hac
1463 860 1701 925 faciunt
1738 860 1816 924 ad
1846 879 1978 924 rem
2008 860 2131 923 ista
2162 878 2212 923 s.
2236 859 2561 942 Alphonsi,
2595 878 2754 941 quae
2785 877 3180 926 communem

713 963 1059 1029 doctrinam
1103 963 1377 1028 referunt
1420 984 1480 1027 n.
1516 965 1652 1028 4o.:
1686 988 1722 1021 ‹<
1752 963 1950 1027 Actus
1989 961 2352 1038 voluntatis
2389 962 2440 1026 si
2489 981 2561 1027 ex
2607 962 2812 1044 prima
2851 961 3181 1030 voluntate

708 1066 1042 1148 procedant
1072 1067 1137 1129 et
1180 1065 1501 1130 moraliter
1532 1066 1934 1148 permaneant
1963 1066 2028 1130 in
2061 1065 2270 1146 aliquo
2318 1064 2558 1141 effectu,
2596 1065 2708 1147 qui
2755 1064 3060 1130 conducat
3099 1067 3180 1131 ad

706 1167 1263 1233 consummandum
1307 1169 1630 1250 peccatum
1676 1171 2016 1243 externum,
2053 1187 2176 1247 per
2222 1166 2663 1249 qualecumque
2715 1172 2951 1248 temus
2995 1169 3185 1233 duret

694 1290 904 1349 prava
933 1269 1240 1346 voluntas,
1267 1289 1463 1334 unum
1493 1270 1699 1334 solum
1721 1271 2045 1353 peccatum
2068 1270 2480 1336 constituunt.
2511 1270 2672 1335 Hinc
2702 1270 2987 1349 infertur,
3014 1272 3182 1354 quod

706 1373 760 1436 si
805 1373 944 1453 quis
991 1375 1298 1455 proponat
1342 1372 1613 1437 occidere
1658 1374 1975 1438 hominem
2020 1377 2086 1439 et
2129 1373 2354 1438 idcirco
2403 1393 2578 1439 arma
2628 1377 2974 1457 praeparet,
3010 1376 3177 1440 viam

706 1475 965 1557 arripiat
1011 1476 1075 1539 et
1127 1474 1449 1540 inimicum
1494 1475 1775 1549 occidat3
1823 1495 2020 1540 unum
2066 1477 2388 1559 peccatum
2447 1477 2816 1553 committit,
2868 1475 3016 1540 licet
3060 1498 3181 1559 per

705 1576 932 1640 multos
960 1575 1094 1641 dies
1129 1576 1313 1641 illum
1347 1578 1689 1659 quaesierit
1716 1581 1780 1641 et
1813 1577 2058 1657 pluries
2089 1577 2468 1643 voluntatem
2503 1579 2841 1659 repetierit.
2876 1580 2980 1644 Ita
3011 1600 3180 1647 com-

708 1680 981 1744 muniter
1018 1698 1066 1743 s.
1107 1679 1388 1745 Bonav...
1428 1681 1492 1744 et
1528 1700 1577 1745 s.
1612 1680 1886 1746 Thomas
1917 1683 2031 1746 etc.
2067 1706 2128 1746 ».

791 1782 958 1866 Ergo
1010 1802 1132 1846 non
1173 1783 1268 1848 est
1299 1783 1731 1859 necessarium,
1767 1785 1842 1847 ut
1872 1781 2299 1849 Confessarius
2339 1784 2412 1849 de
2450 1784 2546 1848 his
2578 1785 2957 1869 interroget;
3000 1789 3178 1868 quasi

705 1884 991 1967 repetitio
1038 1885 1160 1950 ista
1207 1886 1408 1949 malae
1446 1885 1792 1950 voluntatis
1830 1888 1894 1949 et
1938 1886 2115 1969 pravi
2159 1886 2466 1969 propositi
2510 1886 2766 1953 inducat
2816 1890 3179 1972 multiplici-

703 1989 901 2052 tatem
932 1989 1343 2070 peccatorum.
1379 1987 1570 2069 quue
1601 1987 1886 2070 frequens
1917 1990 2045 2063 est;
2087 1989 2235 2070 quia
2264 1988 2329 2052 in
2361 1989 2650 2071 peccatiS,
2688 2010 2850 2072 quae
2882 2011 3009 2057 non
3050 2012 3179 2076 per-

703 2090 1028 2170 petrantur
1051 2109 1123 2154 ex
1146 2091 1353 2154 subita
1376 2090 1717 2173 cupiditate
1739 2093 1804 2154 et
1829 2091 2164 2168 occasione,
2191 2090 2298 2155 sed
2321 2091 2788 2173 praemeditate,
2819 2095 3172 2160 cuiusmodi

701 2190 826 2256 fere
856 2193 1002 2255 sunt
1032 2191 1203 2257 furta
1235 2212 1292 2256 v.
1319 2214 1433 2276 gr„
1462 2193 1791 2265 vindictae,
1818 2192 2084 2269 fraudeS,
2109 2192 2362 2275 peccata
2382 2193 2664 2258 luxuriae
2695 2195 2860 2260 inter
2890 2196 3168 2263 diversas

703 2311 992 2375 personas
1039 2297 1177 2371 etc„
1210 2296 1334 2360 ista
1380 2296 1566 2360 series
1603 2295 1860 2359 actuum
1906 2314 1978 2359 ac
2023 2295 2225 2359 malae
2270 2296 2618 2360 voluntatis
2676 2298 2960 2381 repetitio
3007 2300 3175 2365 inter

702 2398 1154 2463 exsecutionem
1201 2398 1539 2480 parandam
1569 2397 1693 2461 fere
1725 2398 1933 2462 locum
1970 2398 2175 2461 habet.
2203 2398 2293 2461 Ex
2325 2398 2662 2480 praemissa
2695 2398 2974 2465 doctrina
3010 2402 3172 2466 nihil

703 2517 857 2583 opus
888 2502 983 2565 est
1011 2501 1318 2585 inquirere
1349 2520 1386 2565 a
1431 2502 1802 2585 poenitente,
1835 2520 1986 2565 num
2022 2520 2094 2564 ex
2131 2501 2338 2565 subita
2386 2502 2722 2577 occasione,
2756 2522 2835 2566 an
2901 2522 2974 2568 ex
3004 2524 3176 2588 prae-

705 2603 1107 2669 meditatione
1146 2604 1491 2686 deliquerit.

795 2701 966 2775 858.
994 2707 1074 2771 Et
1097 2707 1232 2771 heic
1261 2706 1659 2771 memoranda
1690 2707 1979 2772 anomala
2009 2708 2315 2771 sententia
2339 2707 2621 2790 Vasquez
2646 2709 2738 2790 (et
2769 2713 3166 2792 quorundam

706 2827 849 2871 cum
879 2811 1000 2890 eo),
1034 2809 1143 2890 qui
1189 2810 1334 2873 utut
1369 2809 1432 2873 in
1475 2810 1532 2873 1.
1575 2811 1635 2872 2.
1668 2809 1823 2892 disp.
1863 2811 1964 2874 75.
2000 2829 2129 2892 cap.
2173 2811 2231 2873 2.
2266 2830 2325 2874 n.
2365 2811 2422 2875 7.
2464 2811 2702 2890 doceat,
2739 2831 2865 2877 non
2897 2815 3036 2880 fieri
3069 2836 3172 2881 no-

708 2929 856 2975 vum
892 2913 1233 2993 peccatum,
1272 2911 1517 2992 quando
1563 2930 1635 2975 ex
1665 2912 2051 2993 praecedenti
2097 2912 2421 2977 voluntate
2465 2913 2606 2978 finis
2645 2914 2709 2979 in
2756 2916 3061 2983 electione
3105 2923 3168 2985 et

706 3013 1133 3095 prosecutione
1169 3012 1512 3077 mediorum
1543 3013 1678 3096 ipsa
1708 3013 2001 3078 voluntas
2032 3013 2171 3078 finis
2202 3017 2537 3080 renovatur
2568 3019 2631 3080 et
2666 3019 3010 3100 repetitum
3043 3022 3169 3086 imo

706 3116 851 3180 ibid.
893 3136 951 3179 n.
985 3118 1045 3180 9.
1088 3115 1295 3191 addat,
1328 3134 1551 3198 parum
1596 3115 1838 3189 referre,
1872 3116 2037 3198 quod
2082 3115 2276 3180 multo
2324 3120 2437 3182 aut
2471 3118 2670 3197 paulo
2718 3125 2867 3183 ante
2898 3142 3171 3205 praeces-

707 3220 856 3283 serit
902 3219 1191 3284 voluntas
1238 3237 1519 3301 expressa
1556 3217 1729 3292 finis;
1764 3221 2042 3283 attamen
2087 3218 2234 3283 ibid.
2284 3238 2416 3303 cap.
2454 3221 2513 3284 3.
2555 3241 2614 3285 n.
2671 3224 2772 3286 11.
2824 3226 3162 3303 contendit,

706 3321 1093 3386 voluntatem
1124 3321 1492 3403 interrumpi
1523 3339 1595 3384 ac
1625 3339 1857 3385 novum
1887 3320 2100 3385 haberi
2129 3323 2450 3404 peccatum
2482 3342 2587 3405 per
2624 3325 3164 3409 interruptionem,

704 3443 861 3504 quae
892 3423 1006 3487 fiat
1036 3424 1350 3489 occasione
1396 3423 1597 3488 somni
1643 3426 1706 3487 et
1751 3423 2000 3505 quidem
2036 3424 2236 3488 somni
2267 3424 2612 3503 incidentis,
2649 3426 2802 3491 dum
2835 3430 2975 3511 quis
3008 3450 3171 3497 exse-

703 3525 942 3606 quendo
975 3527 1143 3609 operi
1171 3527 1449 3590 intentus
1485 3528 1600 3599 est,
1631 3546 1690 3589 V.
1724 3546 1818 3609 gr.
1853 3525 2087 3590 insistit
2116 3526 2324 3590 itineri
2372 3527 2448 3592 ad
2497 3528 2905 3595 homicidium
2941 3531 3166 3597 facien-

702 3628 883 3691 dum:
925 3627 1092 3708 quia,
1124 3628 1346 3708 inquit,
1380 3628 1443 3690 in
1476 3646 1691 3693 somno
1724 3646 1846 3693 non
1877 3630 2087 3693 manet
2116 3648 2227 3693 nec
2264 3634 2614 3712 perseverat
2651 3632 2838 3707 actio,
2876 3653 3038 3716 quae
3070 3640 3164 3702 est

704 3733 1022 3814 peccatum
1070 3731 1255 3812 atque
1303 3730 1453 3796 adeo
1500 3731 1656 3794 nihil
1700 3732 1931 3807 manet,
1970 3732 2033 3795 in
2081 3750 2202 3813 quo
2251 3734 2576 3813 peccatum
2621 3736 3046 3803 continuetur.
3087 3739 3168 3803 Et

701 3834 866 3916 quod
910 3833 1112 3918 magis
1158 3833 1388 3898 mirum
1434 3835 1546 3911 est,
1582 3832 1754 3897 addit
1801 3833 1947 3897 ibid.
1996 3854 2055 3896 n.
2094 3834 2195 3897 12.
2229 3836 2550 3916 peccatum
2586 3836 2958 3922 interrumpi
2992 3865 3028 3898 «
3059 3861 3165 3925 per

700 3936 1281 4001 inconsiderantiam
1327 3936 1694 4010 naturalem,
1744 3954 1887 4001 cum
1933 3937 2118 4000 homo
2174 3934 2378 4012 finem,
2427 3936 2503 4000 ad
2550 3957 2735 4019 quem
2781 3940 3007 4015 tendit,
3055 3965 3163 4009 nec

699 4059 975 4121 expresse
1019 4038 1366 4103 considerat
1412 4057 1521 4102 nec
1557 4038 1807 4102 confuse
1842 4039 1906 4102 in
1940 4038 2071 4121 ipso
2121 4058 2298 4122 opere
2345 4039 2510 4121 quod
2542 4039 2726 4104 facit:
2763 4046 3161 4125 quemadmo-

699 4142 846 4205 dum
892 4161 1034 4205 cum
1080 4141 1218 4223 quis
1264 4140 1383 4205 iter
1420 4140 1588 4218 facit,
1624 4143 1696 4205 ut
1729 4140 1968 4205 occidat
1997 4141 2318 4205 inimicum
2365 4144 2428 4206 et
2476 4142 2724 4208 interim
2772 4147 3016 4210 animus
3061 4149 3156 4212 ita

697 4244 1085 4316 distrahitur,
1119 4244 1192 4307 ut
1222 4263 1344 4307 non
1375 4243 1728 4308 recordetur
1773 4243 2090 4307 homicidii
2122 4263 2230 4307 nec
2260 4243 2401 4320 loci,
2435 4263 2558 4326 quo
2592 4247 2793 4311 tendit
2824 4269 2934 4315 nec
2962 4251 3162 4335 ipsius

696 4347 934 4409 itineris
966 4369 1027 4410 2».
1068 4346 1157 4409 Ex
1202 4345 1427 4427 quibus
1474 4345 1883 4418 concludereS,
1917 4346 2043 4409 iam
2075 4349 2396 4428 peccatum
2427 4347 2814 4434 interrumpi,
2849 4355 2969 4418 nisi
3020 4356 3160 4438 quis

698 4448 831 4530 iugi
876 4449 1275 4513 meditatione
1323 4449 1528 4513 animo
1576 4467 1689 4513 suo
1731 4450 2004 4531 repetat:
2041 4449 2197 4516 vado
2235 4453 2485 4534 propter
2530 4452 2665 4528 hoc,
2703 4473 2926 4522 moveo
2975 4460 3156 4542 pedes

700 4555 769 4614 ut
806 4567 943 4612 eam
974 4549 1121 4612 illuc
1154 4569 1259 4612 nec
1290 4549 1564 4634 cogitare
1601 4550 1850 4632 quidem
1881 4552 2078 4634 possit
2109 4572 2165 4616 V.
2200 4573 2295 4637 gr.
2329 4553 2401 4619 de
2431 4553 2761 4620 ientaculo
