3529 5158
714 352 823 411 378
1222 367 1435 409 'ruric-r.
1475 368 1565 408 111.
1601 366 1688 407 nn
1723 365 2004 409 nmmos.
2048 366 2245 409 CAPUT
2285 367 2365 408 iv.
2407 366 2550 409 mm.
2588 366 2679 408 111.
3042 350 3181 426 [385]

1798 540 1960 603 Dus.
1987 538 2105 602 ΠΙ.

1253 679 1367 743 An
1400 681 1651 742 excuset
1675 678 2044 757 impotentia
2076 678 2265 740 totius
2297 676 2392 741 vel
2409 678 2645 758 partis.

824 832 1028 888 Lxxx.
1069 836 1216 901 Resp.
1248 837 1295 888 1.
1320 834 1442 888 Cum
1482 835 1542 887 ad
1579 832 1884 900 impossibile
1915 847 2058 887 nemo
2094 840 2335 897 teneatur,
2375 839 2564 887 eertum
2601 837 2692 896 est,
2726 835 2859 897 quod
2896 831 3186 898 impotentia

719 925 939 984 excuset,
965 918 1111 972 etiam
1138 917 1237 982 illa,
1258 919 1338 972 cui
1364 924 1473 972 ante
1500 933 1695 972 causam
1725 933 1838 972 cum
1864 926 2065 986 peccato
2091 918 2288 984 dedisti,
2315 920 2580 972 dummodo
2607 920 2668 971 de
2694 921 2791 972 hoc
2811 920 3000 971 doleas
3022 920 3187 985 Quare

716 1001 765 1054 id
805 1002 1068 1069 praecipue
1105 1002 1213 1056 heic
1250 1002 1513 1064 dubitatur,
1541 1017 1600 1054 an
1638 1003 1723 1068 qui
1761 1017 1858 1056 non
1897 1010 2059 1070 potest
2096 1002 2296 1070 implere
2335 1009 2507 1067 totum,
2545 1010 2767 1057 teneatur
2805 1004 2866 1055 ad
2906 1009 3110 1070 partem.

809 1110 984 1184 385.
1012 1111 1282 1177 Causam
1305 1113 1710 1196 impotentiae
1735 1113 2168 1197 multipliciter
2192 1112 2331 1196 quis
2359 1131 2583 1197 ponere
2622 1114 2847 1195 potest,
2876 1112 2969 1175 ita
3001 1133 3060 1176 v.
3087 1133 3181 1197 gr.

719 1218 828 1299 qui
865 1217 1168 1299 dilapidat
1199 1216 1602 1292 substantias,
1638 1218 1712 1280 ut
1750 1216 1965 1280 deinde
1999 1236 2121 1281 non
2158 1217 2360 1300 possit
2390 1217 2503 1281 aut
2543 1215 2704 1280 alere
2730 1215 3039 1279 familiam
3077 1219 3189 1280 aut

721 1321 956 1384 solvere
1002 1319 1229 1383 debita.
1279 1320 1380 1383 Ita
1426 1319 1650 1382 mulier
1696 1319 2026 1398 catholica,
2076 1339 2234 1401 quae
2266 1319 2546 1403 nupserit
2593 1320 2904 1383 haeretico
2954 1319 3187 1385 volenti

723 1423 959 1506 prolem
990 1421 1236 1486 educari
1283 1421 1346 1486 in
1379 1441 1490 1486 sua
1540 1422 1725 1486 secta.
1766 1421 1867 1485 Ita
1906 1421 2012 1504 qui
2062 1424 2209 1487 voto
2259 1422 2570 1486 castitatis
2601 1420 2839 1505 ligatus
2878 1421 3191 1485 contraxit

724 1524 1216 1590 matrimonium.

812 1626 988 1708 Quod
1026 1647 1170 1691 vero
1209 1626 1446 1692 Auctor
1493 1627 1662 1703 dicit,
1714 1626 2142 1706 impotentiam
2180 1645 2496 1698 excusare,
2531 1623 2856 1689 dummodo
2894 1625 2971 1689 de
3002 1646 3193 1689 eausa

712 1730 926 1811 posita
958 1728 1188 1804 delecte,
1227 1730 1391 1793 hunc
1437 1748 1687 1793 sensum
1735 1729 1942 1805 habet,
1984 1728 2148 1811 quod
2195 1748 2303 1811 per
2335 1728 2610 1793 dolorem
2648 1731 2711 1793 et
2740 1728 3191 1812 poenitentiam

726 1836 901 1915 potes
932 1832 1132 1897 delere
1169 1833 1490 1914 peccatum
1536 1833 1664 1895 iam
1711 1831 2111 1896 commissum
2144 1833 2312 1909 tunc,
2351 1830 2599 1912 quando
2638 1830 2833 1895 sciens
2866 1833 2931 1895 et
2976 1832 3191 1896 volens

726 1935 990 2018 posuisti
1023 1954 1304 2011 causam3
1355 1954 1499 1997 nam
1548 1934 1825 2016 alioquin
1865 1935 1986 1998 nisi
2018 1934 2168 1997 tunc
2197 1952 2529 2016 peccasses,
2563 1934 2764 2017 reipsa
2797 1953 2919 1998 non
2952 1937 3197 1999 contra-

727 2038 976 2102 heretur
1008 2040 1217 2102 reatus
1256 2037 1500 2121 quando
1536 2038 1787 2102 omissio
1814 2038 2141 2121 contingit.

815 2142 912 2205 An
943 2140 1277 2223 impeditus
1317 2160 1560 2205 servare
1592 2143 2009 2224 praeceptum,
2044 2159 2166 2222 quo
2201 2139 2458 2224 ligatur,
2493 2139 2692 2218 debet,
2728 2139 2779 2204 si
2818 2141 3047 2223 potest.
3080 2140 3195 2204 im-

729 2242 1148 2326 pedimentum
1194 2243 1460 2307 tollere?
1491 2240 1690 2320 Certe,
1740 2243 1794 2306 si
1833 2242 2034 2306 adhuc
2070 2242 2154 2306 sit
2192 2242 2307 2306 sub
2341 2241 2721 2326 obligatione
2751 2242 2910 2325 legis
2958 2245 3023 2307 et
3070 2263 3190 2308 non
3242 2284 3260 2301 .

727 2345 1061 2411 admodum
1098 2346 1309 2430 gravis
1350 2345 1433 2409 sit
1480 2345 1713 2409 ablatio
1761 2344 2215 2427 impedimenti;
2267 2344 2414 2426 quia
2462 2346 2524 2408 et
2557 2344 2635 2408 ad
2665 2345 2783 2408 hoc
2811 2345 3194 2429 intelligitur

725 2451 822 2514 lex
854 2450 1147 2534 obligare.
1183 2448 1509 2513 Limitatio
1558 2447 1803 2524 addita3
1838 2467 1964 2512 non
1993 2448 2082 2512 sit
2109 2446 2442 2511 admodum
2476 2447 2691 2528 pravis
2721 2450 2836 2511 etc.
2876 2448 3050 2513 valet
3082 2467 3189 2532 pro

725 2553 968 2638 legibus
999 2552 1308 2616 humanis,
1341 2550 1504 2614 Nam
1538 2550 1602 2614 in
1636 2550 1811 2633 praxi
1842 2568 1952 2634 pro
1978 2549 2242 2635 singulis
2275 2549 2518 2614 casibus
2550 2550 2767 2635 regula
2799 2551 3067 2633 petenda
3099 2554 3193 2616 est

729 2655 805 2719 ab
854 2673 924 2717 eo
958 2653 1292 2736 principio:
1342 2652 1506 2734 quod
1552 2652 1648 2716 lex
1695 2653 1971 2716 humana
2003 2672 2125 2717 non
2160 2652 2399 2736 obligat
2445 2653 2788 2738 generatim
2837 2673 2982 2717 cum
3013 2654 3188 2738 gravi

667 2785 670 2789 ⁴
731 2755 1152 2822 incommodo:
1195 2755 1299 2819 sed
1337 2755 1413 2818 cf.
1448 2753 1701 2819 dicenda
1740 2755 1855 2819 sub
1894 2776 1995 2819 nn.
2033 2756 2181 2820 388.
2217 2776 2383 2839 seqq.

834 2899 1064 2952 Lxxxl.
1086 2900 1233 2963 Resp.
1261 2901 1309 2950 2.
1337 2896 1388 2950 si
1415 2903 1727 2962 praeceptum
1757 2900 1851 2949 tale
1889 2897 1968 2963 sit,
1998 2904 2048 2950 ut
2075 2901 2329 2951 commode
2358 2898 2511 2964 possit
2538 2905 2624 2951 aut
2651 2901 2808 2951 soleat
2847 2898 3004 2953 dividi
3041 2907 3189 2967 atque

727 2986 775 3039 in
816 2984 921 3038 eius
947 2989 1084 3051 parte
1109 2986 1327 3037 salvetur
1352 2982 1475 3035 ratio
1502 2996 1588 3035 seu
1616 2981 1726 3034 nnis
1754 2981 2019 3049 praecepti,
2043 2990 2155 3036 tunc
2182 2982 2263 3048 qui
2290 2997 2385 3036 non
2417 2989 2575 3050 potest
2612 2997 2812 3036 servare
2839 2989 3017 3048 totum,
3044 2987 3188 3038 debet

727 3085 928 3126 servare
965 3075 1170 3136 partem,
1197 3084 1341 3134 quam
1369 3074 1547 3134 potest.
1579 3069 1721 3135 Quod
1752 3066 1793 3120 si
1818 3081 1939 3120 vcro
1968 3082 2062 3121 non
2089 3070 2308 3121 salvetur
2333 3068 2456 3122 ratio
2483 3068 2732 3135 praecepti
2763 3068 2813 3122 in
2840 3076 2998 3136 parte,
3034 3085 3189 3137 neque

726 3155 774 3209 id
812 3156 1066 3209 commode
1105 3152 1260 3221 possit
1294 3158 1380 3206 aut
1417 3154 1571 3207 soleat
1610 3152 1732 3215 fleri,
1772 3157 1887 3206 tunc
1923 3150 2008 3219 qui
2045 3167 2153 3205 nou
2179 3158 2340 3220 potest
2377 3159 2547 3216 totum,
2588 3156 2680 3206 boc
2717 3159 2792 3206 est
2845 3160 3053 3218 tantum,
3095 3169 3189 3222 quo

725 3240 977 3295 moraliter
999 3237 1195 3305 impleri
1219 3245 1477 3292 censeatur
1499 3237 1739 3302 integrum
1768 3243 2094 3303 praeceptum,
2122 3236 2164 3290 is
2192 3252 2286 3290 nou
2326 3242 2518 3291 tenetur
2543 3238 2604 3291 ad
2633 3246 2839 3304 partem.
2863 3239 3003 3306 Quae
3027 3238 3186 3293 omnia

728 3325 1022 3380 aestimanda
1061 3332 1174 3376 sunt
1209 3321 1260 3374 ⁴⁰
1288 3338 1346 3375 ex
1375 3321 1643 3376 intentione
1671 3321 1980 3386 legislatoris,
2010 3323 2063 3374 2⁰
2091 3336 2152 3375 ex
2179 3320 2384 3387 ratione,
2411 3324 2507 3375 fine
2544 3329 2594 3375 et
2632 3321 2832 3376 materia
2876 3322 3015 3388 legis,
3045 3322 3102 3377 3⁰
3130 3337 3189 3377 cx

727 3409 909 3464 iudicio
936 3411 1245 3474 prudentum,
1274 3409 1328 3459 4⁰
1356 3421 1415 3460 ex
1442 3405 1688 3460 communi
1714 3422 1824 3460 usu.
1852 3408 1919 3459 lta
1948 3409 2122 3459 Sancb.
2147 3407 2192 3459 1.
2216 3407 2361 3460 Mor.
2387 3421 2428 3459 c.
2462 3407 2543 3458 Ὶ19.
2566 3408 2736 3471 Laym.
2769 3408 2797 3460 Ι.
2826 3409 2868 3459 l.
2899 3415 2932 3461 t.
2962 3408 3012 3461 4.
3040 3424 3086 3462 c.
3112 3411 3189 3461 19.

816 3513 992 3587 386.
1027 3515 1464 3595 Quaestionem
1489 3516 1839 3599 generalem
1863 3517 2114 3580 revocat
2144 3515 2381 3578 Auctor
2413 3515 2490 3578 ad
2523 3516 2848 3599 specialem
2875 3519 3193 3598 quaestio-

729 3639 886 3696 nem,
928 3616 1173 3698 quando
1224 3617 1300 3680 ad
1339 3619 1579 3700 partem
1618 3621 1905 3681 teneatur
1950 3618 2075 3692 ille,
2118 3618 2224 3698 qui
2262 3637 2384 3683 non
2418 3620 2626 3700 potest
2655 3618 2912 3701 implere
2962 3623 3189 3685 tot-um.

728 3723 818 3784 Ac
854 3723 1098 3804 praeter
1126 3721 1456 3784 nonnullos
1489 3739 1687 3796 casus,
1739 3739 1896 3801 quos
1927 3721 2166 3784 Auctor
2198 3721 2409 3784 subdit
2454 3721 2518 3784 111
2549 3721 3056 3789 resolutionibus,
3105 3726 3192 3787 in-

729 3824 969 3888 numeri
1001 3823 1106 3887 alii
1140 3823 1399 3907 proponi
1436 3824 1706 3905 possent,
1742 3823 1848 3903 qui
1882 3823 2091 3886 tamen
2124 3823 2255 3887 suis
2285 3823 2437 3887 locis
2469 3822 2695 3887 discuti
2729 3823 2947 3889 solent.

817 3926 888 3990 In
936 3926 1151 4009 primis
1186 3946 1330 4010 ergo
1373 3926 1610 3990 attendi
1658 3925 1855 3998 debet,
1908 3944 2006 4002 an,
2042 3925 2144 3989 ubi
2187 3925 2538 3990 substantia
2571 3926 2880 4009 praecepti
2914 3932 3008 3991 est
3042 3928 3193 3991 indi-

729 4031 1008 4104 visibilis,
1037 4032 1186 4094 haec
1211 4032 1508 4104 servetur,
1535 4027 1681 4091 licet
1706 4028 1938 4091 servari
1971 4048 2092 4093 non
2127 4028 2368 4111 possint
2400 4047 2490 4106 ea,
2519 4047 2677 4109 quae
2708 4029 2771 4092 in
2805 4049 2953 4093 casu
2979 4029 3191 4095 haberi

726 4135 985 4214 possunt
1035 4133 1231 4196 veluti
1282 4131 1703 4195 accidentalia.
1746 4131 1845 4194 lta
1893 4151 1951 4194 v.
1988 4152 2048 4215 g.
2085 4131 2139 4194 si
2185 4131 2324 4212 quis
2373 4130 2670 4213 anticipet
2715 4131 3045 4214 prandium
3095 4133 3192 4196 die

730 4234 938 4297 ieiunii
967 4234 1166 4298 adhuc
1191 4237 1399 4318 potest
1422 4233 1840 4296 substantiam
1871 4231 2086 4297 ieiunii
2119 4251 2383 4310 servare,
2412 4249 2569 4314 quae
2595 4232 2879 4297 consistit
2909 4233 2971 4297 in
3009 4236 3192 4298 unica

728 4337 1135 4402 comestione:
1172 4337 1387 4400 contra
1419 4336 1526 4416 qui
1566 4336 1772 4419 plures
1805 4335 2210 4400 comestiones
2242 4335 2368 4398 iam
2396 4335 2681 4418 sumpsit,
2723 4354 2842 4399 non
2879 4338 3192 4400 tenebitur

729 4457 764 4500 a
801 4438 1058 4522 reliquis
1093 4439 1419 4502 abstinere.

817 4540 880 4604 Si
915 4560 1056 4604 vero
1091 4540 1344 4603 dividua
1376 4540 1461 4604 sit
1491 4542 1774 4616 materia,
1816 4541 2162 4606 cuiusmodi
2195 4544 2289 4606 est
2314 4562 2370 4605 v.
2398 4562 2491 4627 gr.
2528 4540 2758 4606 solutio
2792 4542 3053 4606 alicuius
3093 4542 3194 4606 de-

727 4644 859 4719 biti,
901 4643 1183 4725 egregias
1215 4642 1463 4724 regulas
1495 4644 1855 4708 brevissime
1893 4645 2130 4709 Auctor
2160 4645 2471 4727 proponit.
