3529 5158
345 371 484 446 [173]
1186 388 1724 431 pnoaaammmsm
1761 388 1952 431 omno
2702 374 2806 428 169

433 479 590 552 172.
625 484 708 548 Et
754 484 870 549 hac
917 486 1166 551 omnino
1213 486 1287 550 de
1332 504 1520 550 causa
1566 489 1704 550 tum
1751 487 1814 550 in
1864 485 2194 550 absurdam
2228 484 2573 553 laxitatem.
2613 504 2804 566 quam

342 586 608 650 diximus
641 586 895 653 adducti
930 591 1098 665 sunt,
1137 591 1277 653 tum
1312 590 1744 654 necessitatem
1776 588 2052 654 sectandi
2098 588 2515 672 probabiliora
2561 589 2801 671 generis

343 689 601 752 humani
637 689 977 754 cervicibus
1008 691 1320 774 imponere
1356 691 1709 757 voluerunt.

426 790 591 866 Dixi,
625 790 859 855 idcirco
888 793 1045 857 istos
1082 792 1146 856 in
1183 812 1321 857 eam
1352 793 1701 876 pudendam
1731 794 2058 859 laxitatem
2089 793 2422 856 devenisse.
2457 790 2621 855 Nam
2657 810 2798 855 cum

338 894 450 958 fiat
471 893 790 958 interdum
821 894 1016 976 (quod
1046 915 1270 979 negare
1307 896 1428 978 ipsi
1457 915 1580 961 non
1613 898 1950 980 poterant),
1984 899 2058 960 ut
2088 895 2380 970 rationes,
2407 895 2472 958 in
2509 894 2802 977 quapiam

340 996 593 1079 speciali
617 997 1037 1063 controversia
1069 998 1370 1081 prolatae,
1395 996 1726 1063 videantur
1748 999 1890 1062 hinc
1912 997 2052 1062 inde
2078 1016 2270 1079 aeque
2293 996 2662 1079 probabiles,
2693 998 2803 1060 aut

339 1099 429 1162 ita
476 1118 590 1182 pro
640 1099 946 1164 alterutra
1004 1100 1510 1166 contradictionis
1556 1104 1733 1183 parte
1785 1099 2250 1183 probabiliores
2299 1102 2375 1163 ut
2419 1099 2635 1182 negari
2681 1116 2801 1163 non

338 1201 538 1283 possit
569 1200 832 1265 alterius
869 1220 1115 1284 quoque
1145 1202 1341 1285 partis
1379 1201 1816 1284 probabilitas3
1856 1202 1965 1266 isti
2003 1202 2255 1284 proinde
2286 1220 2358 1265 ex
2399 1201 2659 1282 pristino
2693 1200 2802 1265 illo

339 1303 719 1385 praeiudicio
757 1305 1061 1387 compulsi
1083 1307 1230 1368 sunt
1262 1304 1591 1380 affirmare,
1627 1305 1690 1368 in
1713 1303 1941 1370 ultimo
1964 1302 2193 1367 iudicio
2220 1303 2490 1385 practico
2524 1302 2597 1366 de
2623 1303 2806 1367 hone-

338 1408 502 1470 state
540 1406 807 1471 actionis
846 1408 959 1470 aut
982 1406 1261 1471 sufficere
1292 1407 1820 1490 probabilitatem,
1850 1408 1962 1470 aut
1993 1408 2156 1470 certe
2193 1405 2491 1470 maiorem
2525 1405 2806 1488 probabi-

338 1509 607 1574 litatem.
632 1510 913 1575 Accessit
944 1514 1155 1575 autem
1187 1511 1263 1575 ad
1303 1530 1407 1576 eos
1440 1512 1502 1575 in
1528 1512 1643 1575 hac
1674 1511 1957 1576 doctrina
1994 1509 2445 1574 confirmandos
2485 1527 2804 1591 perperam

338 1613 657 1677 intellecta
695 1612 1086 1694 quorundam
1122 1613 1467 1678 Doctorum
1505 1614 1832 1688 sententia,
1873 1616 1948 1677 ut
1985 1613 2173 1696 paulo
2211 1614 2354 1694 post
2391 1610 2754 1675 videbimus,

426 1714 573 1778 Dixi
620 1713 856 1788 deinde,
887 1715 1045 1779 istos
1091 1713 1206 1777 hac
1236 1715 1311 1778 de
1347 1734 1537 1779 causa
1585 1714 1662 1779 ad
1708 1713 2221 1799 propugnandam
2251 1713 2684 1777 necessitatem
2716 1731 2806 1776 se·

338 1821 548 1886 ctandi
595 1819 1014 1903 probabiliora
1061 1822 1350 1904 abreptos
1396 1822 1587 1885 fuisse
1632 1823 1696 1885 et
1744 1821 1821 1885 ad
1868 1819 2255 1885 dilaniandos
2302 1836 2425 1893 eoS,
2467 1819 2576 1900 qui
2621 1818 2805 1882 licere

338 1924 662 1997 docebant,
702 1924 878 2005 sequi
916 1923 1266 2007 opinionem
1304 1924 1707 2007 probabilem,
1743 1922 1962 1988 relicta
2008 1921 2440 2005 probabiliore.
2482 1919 2608 1984 Cur
2639 1921 2802 1984 enim

337 2028 449 2091 hos
488 2025 1055 2109 reprehendebant?
1092 2025 1253 2106 Quia
1298 2025 1594 2089 nimirum
1640 2025 2060 2109 (inquiebant)
2102 2023 2671 2107 imprudentissime
2707 2023 2801 2087 illi

338 2131 564 2215 agunt3
600 2146 767 2205 nam,
801 2127 1116 2193 deficiente
1148 2128 1538 2205 certitudine,
1578 2128 1871 2193 debemus
1909 2128 2133 2192 saltem
2169 2126 2326 2190 illud
2358 2127 2602 2203 sectari,
2636 2126 2802 2208 quod

337 2232 540 2316 magis
589 2230 825 2296 accedit
871 2230 949 2295 ad
996 2250 1210 2295 verum
1258 2234 1321 2295 et
1368 2230 1533 2313 quod
1579 2231 1996 2297 verosimilius
2044 2232 2140 2293 est
2186 2229 2552 2301 honestum;
2587 2230 2805 2311 proba-

335 2335 587 2399 bilistae
620 2334 833 2398 autem
870 2333 1332 2416 amplectuntur
1368 2334 1533 2416 quod
1578 2333 1789 2397 minus
1837 2331 1912 2396 ad
1961 2350 2176 2396 verum
2225 2329 2459 2393 accedit
2496 2331 2560 2392 et
2594 2330 2802 2393 minus

340 2436 777 2502 verosimiliter
821 2439 916 2500 est
961 2436 1310 2501 honestum.
1356 2436 1549 2500 Porro
1597 2454 1721 2517 quo
1770 2437 1951 2518 pacto
2000 2434 2262 2516 possunt
2305 2432 2424 2514 ipsi
2472 2432 2803 2515 prudenter

338 2541 639 2626 deponere
685 2539 943 2605 dubium
979 2538 1323 2623 practicum
1368 2536 1442 2603 de
1490 2537 1752 2603 actionis
1799 2537 2129 2621 pravitate,
2179 2534 2425 2618 quando
2472 2534 2801 2600 validiores

339 2664 446 2729 pro
481 2646 881 2710 inhonestate
911 2646 1088 2708 actus
1125 2643 1399 2707 rationes
1432 2642 1729 2717 militant,
1764 2660 1956 2724 quam
1992 2659 2104 2724 pro
2142 2641 2510 2704 honestate?
2546 2640 2647 2702 Ita
2692 2639 2800 2703 isti

337 2748 802 2831 reprehensores
847 2745 1398 2830 probabilistarum
1446 2745 1810 2829 arguebant,
1860 2743 2150 2808 sistentes
2186 2742 2412 2806 idcirco
2460 2742 2522 2806 in
2569 2741 2798 2806 iudicio

338 2851 751 2935 probabiliore
797 2848 991 2932 (quod
1038 2847 1295 2912 dubium
1342 2847 1416 2911 de
1463 2847 1746 2930 opposito
1796 2866 1916 2911 non
1966 2844 2281 2930 excludit),
2323 2848 2626 2927 tanquam
2664 2864 2800 2928 pro-

340 2956 499 3019 xima
533 2952 754 3038 regula
787 2951 1050 3015 actionis
1080 2950 1394 3015 honestae.
1429 2948 1582 3015 Ecce
1619 2969 1742 3032 quo
1781 2949 2041 3014 honesto
2071 2949 2209 3014 loco
2248 2950 2398 3012 nata
2430 2950 2525 3011 est
2554 2949 2797 3013 theoria

337 3058 457 3122 ista
494 3057 570 3121 de
608 3055 1144 3140 probabiliorismo
1181 3053 1522 3118 necessario
1569 3051 1889 3118 sectando!
1931 3051 2137 3134 prodit
2184 3049 2479 3113 nimirum
2518 3069 2589 3112 ex
2636 3051 2797 3112 male

342 3159 672 3245 perspectis
706 3158 921 3241 primis
952 3156 1332 3221 moralitatis
1371 3155 1690 3219 elementis
1722 3155 1836 3236 (a).

427 3259 581 3333 173.
618 3260 737 3326 Sed
773 3260 927 3325 etin
967 3259 1161 3323 alium
1194 3258 1520 3340 scopulum
1556 3256 1665 3320 isti
1693 3257 2106 3339 impegerunt.
2141 3252 2426 3334 Namque
2472 3252 2624 3315 dum
2661 3269 2801 3316 con-

341 3364 598 3431 tendunt
629 3363 927 3427 ultimum
964 3361 1271 3426 dictamen
1303 3359 1647 3442 practicam
1683 3357 1758 3422 de
1790 3357 2051 3422 actionis
2091 3357 2415 3420 honestate
2464 3354 2800 3438 petendum

343 3487 484 3542 esse,
510 3486 634 3532 non
658 3484 731 3530 ex
762 3464 1062 3548 principio
1108 3463 1405 3546 quopiam
1436 3459 1677 3537 reflexo,
1712 3463 1786 3524 ut
1822 3460 1887 3523 in
1925 3478 1990 3523 re
2020 3460 2255 3524 incerta
2285 3458 2637 3522 faciendum
2668 3477 2799 3522 esse

342 3570 712 3636 unanimiter
756 3568 1055 3632 Doctores
1107 3566 1463 3638 docuerant,
1513 3563 1618 3629 sed
1663 3582 1735 3627 ex
1783 3563 2162 3646 quaestionis
2218 3562 2502 3646 specialis
2549 3560 2622 3627 de
2670 3581 2795 3643 qua

370 3739 580 3746 —-—-—·..

337 3883 579 3926 iudimndt
606 3881 738 3924 illam
758 3881 916 3934 potine
941 3891 1083 3933 quam
1111 3879 1367 3932 oppoeitam
1396 3887 1489 3920 ecce
1516 3887 1672 3920 veram
1693 3892 1733 3918 2.
1767 3873 1863 3919 Ubi
1889 3877 2049 3929 patet.
2081 3877 2256 3930 negari
2300 3875 2353 3918 in
2392 3886 2512 3920 casu
2547 3872 2796 3917 iudicium

334 3948 499 3993 adeste
526 3949 590 3992 de
618 3947 909 3996 honestum
939 3947 1059 3999 quia
1085 3957 1148 3988 ex
1176 3943 1466 3986 intrinsecis
1510 3942 1796 3986 rat10nibus
1824 3954 1906 3984 res
1935 3947 2012 3985 est
2051 3942 2223 3984 dubia.
2255 3942 2322 3984 Et
2365 3942 2573 3983 interim
2615 3941 2797 3982 doctus

334 4016 427 4058 isto
453 4027 555 4059 non
583 4013 811 4065 videbat,
837 4023 895 4054 oo
915 4011 1020 4065 ipso
1040 4010 1172 4065 quod
1199 4022 1302 4053 non
1330 4012 1591 4064 appareat,
1621 4008 1783 4062 legem
1813 4011 1905 4050 ant
1934 4007 2293 4063 obligationem
2322 4019 2428 4050 esse
2459 4006 2626 4060 potius
2645 4018 2802 4059 qnam

336 4095 435 4126 non
460 4094 583 4132 one,
611 4080 727 4124 ideo
752 4078 1009 4122 hominem
1035 4088 1139 4121 non
1168 4076 1335 4133 ligari,
1364 4079 1424 4119 nt
1453 4075 1507 4119 id
1534 4075 1704 4130 potins
1731 4087 1886 4129 quam
1918 4075 2062 4118 aliud
2091 4077 2350 4130 sequatur.

410 4148 477 4191 Et
504 4147 760 4190 Gonznlez
787 4145 976 4199 disput.
999 4145 1038 4188 1.
1058 4158 1113 4188 n.
1131 4145 1203 4187 47.
1239 4162 1259 4182 ι
1279 4142 1458 4197 Opinio
1487 4140 1757 4196 probabilis
1777 4141 1839 4183 de
1860 4140 2128 4184 honestate
2156 4146 2301 4183 actus
2322 4139 2486 4182 solum
2507 4141 2671 4193 potest
2692 4151 2798 4182 esso

330 4227 502 4258 secura.
530 4213 712 4269 regul·
738 4209 979 4265 operandi
1008 4223 1097 4266 pro
1123 4210 1244 4264 illis,
1276 4210 1365 4264 qni
1394 4209 1541 4251 illam
1568 4207 1916 4250 iudicaverint
1944 4219 2049 4251 esse
2078 4218 2253 4250 veram
2280 4210 2330 4248 et
2363 4204 2462 4260 legi
2489 4206 2580 4249 Dei
2608 4204 2806 4249 confor-

328 4294 479 4334 metm
509 4294 612 4325 non
638 4283 825 4323 autom
848 4290 938 4332 pro
963 4279 1086 4333 illio,
1113 4279 1205 4333 qni
1234 4275 1606 4328 dubitaverint,
1638 4287 1706 4317 an
1737 4275 1806 4318 sit
1834 4286 1961 4318 vero.
1989 4275 2074 4318 vel
2101 4274 2232 4318 falsa
2253 4291 2294 4316 ι.

408 4349 475 4392 Et
502 4349 564 4391 de
591 4359 714 4390 casn
744 4344 995 4399 opinionis
1022 4344 1368 4399 probabilioris
1395 4355 1485 4396 pro
1514 4342 1622 4396 lege
1641 4341 1769 4396 disp.
1790 4344 1833 4384 4.
1857 4356 1907 4384 n.
1931 4343 2025 4386 13.:
2053 4360 2070 4380 c
2093 4341 2347 4396 Implicat,
2371 4341 2696 4385 intellectum
2719 4354 2806 4384 no·

324 4419 489 4458 strum
515 4415 675 4457 etiam
704 4423 769 4455 ex
797 4410 1007 4465 imperio
1032 4411 1315 4455 voluntatis
1346 4408 1583 4453 assentiri
1611 4409 1702 4450 uni
1726 4409 1863 4461 parti
1893 4408 2328 4462 contradictionis,
2351 4408 2554 4462 qnando
2573 4406 2803 4462 opposita

327 4486 537 4537 apparet.
564 4479 666 4526 ei...
697 4477 1026 4522 verisimilior
1048 4496 1087 4520 ο.

406 4549 472 4593 Et
497 4551 572 4593 ita
601 4559 756 4604 porro
786 4546 1157 4589 ratiocinantur
1185 4549 1434 4600 quotquot
1466 4545 1619 4588 istam
1653 4544 1909 4587 theoriam
1940 4547 2244 4598 sequuntur.

406 4619 470 4672 (a)
500 4616 629 4671 Lege
658 4610 970 4657 Lehmkuhl.
1000 4611 1109 4656 Vol.
1143 4616 1180 4656 1.
1210 4625 1261 4655 n.
1295 4613 1364 4654 78.
1397 4612 1454 4656 Ε.
