3529 5158
344 381 484 457 [1681
726 396 1125 440 consensum&
1161 396 1371 439 nunu.
1409 396 1703 445 Quonono
1741 397 2164 441 onponmmuu
2200 400 2442 442 mmmm
2706 390 2812 445 165

452 495 537 547 lx.
566 496 714 560 Resp.
740 494 789 546 3.
831 492 927 561 Qui
963 491 1178 559 practice
1214 491 1394 547 dubins
1429 499 1506 546 est
1543 492 1669 547 circa
1710 492 1907 558 aliquod
1945 508 2086 560 011113,
2128 501 2319 549 tenetur
2355 511 2408 550 se
2445 498 2798 553 resolverent

344 577 535 643 quidem
574 592 672 631 non
711 592 799 646 per
839 579 1005 633 solnm
1044 580 1272 632 affectum
1311 586 1362 631 et
1404 579 1706 631 voluntatem
1747 582 1863 643 (boc
1902 578 2028 631 enim
2069 594 2164 633 non
2203 584 2438 643 sumcere,
2466 590 2597 636 reete
2635 585 2811 637 docent

346 665 496 729 Vasq.
524 666 703 717 Sancb.
741 664 776 717 1.
804 664 853 716 l.
882 661 1097 717 Moral.
1123 677 1166 715 0.
1196 664 1244 715 9.
1272 665 1324 716 et
1358 662 1460 717 alii
1497 663 1888 725 communiter,
1929 671 2100 717 eontra
2138 665 2344 733 Caiet.);
2380 666 2492 732 quia
2530 669 2689 722 adbuc
2729 681 2810 720 ex-

344 755 549 815 poneret
575 762 628 801 se
654 746 876 814 periculo
906 746 1157 814 peccandi,
1184 748 1270 800 sed
1291 761 1379 815 per
1400 746 1634 801 motivum
1665 747 1970 811 rationabile,
1997 751 2140 814 quale
2162 755 2237 803 est
2266 750 2317 801 10
2352 751 2495 804 Ratio
2523 751 2806 819 probabilis,

346 834 400 886 2⁰
428 833 718 898 Exemplum
760 833 1000 885 bonorum
1055 831 1274 885 virorum
1300 831 1405 885 sine
1432 834 1658 898 scrupulo
1685 831 1754 885 sic
1781 832 2086 899 operantium
2112 836 2309 896 (Sancb.
2339 836 2512 889 Becan.
2540 836 2573 889 l.
2599 852 2641 889 e.
2669 851 2712 889 0.
2738 837 2810 903 8.)

344 920 401 969 3⁰
439 916 724 970 Auctoritas
769 915 866 968 viri
915 914 1119 970 alicuius
1156 914 1289 968 docti
1326 922 1375 968 et
1413 915 1499 982 pii.
1541 917 1681 983 Quod
1723 915 1764 969 si
1806 923 1962 969 tamen
2002 917 2201 970 dubium
2231 918 2334 971 siue
2364 918 2552 973 ratione
2592 926 2640 974 et
2676 919 2804 974 iusta

343 1016 484 1056 eausa
522 1009 710 1055 temere
750 1007 1058 1066 conceptum
1098 1007 1246 1061 esset,
1280 1006 1447 1067 posset
1485 1000 1631 1054 etiarn
1670 1000 1775 1055 sine
1813 1015 1940 1054 nova
1977 1001 2169 1054 ratione
2220 1002 2416 1069 deponi.
2454 1005 2514 1057 Et
2551 1004 2617 1057 ita
2655 1005 2807 1071 expli·

345 1088 440 1142 cari
478 1094 643 1154 potest
680 1085 835 1143 Caiet.

433 1206 590 1280 188.
628 1210 767 1273 1)110
816 1208 930 1272 1160
975 1209 1368 1291 responsione
1413 1208 1840 1272 continentur:
1881 1206 1946 1271 1⁰
1978 1208 2292 1293 Obligatio
2326 1210 2664 1295 deponendi
2696 1214 2806 1277 du-

346 1311 535 1386 bium,
580 1307 650 1373 2⁰
688 1310 914 1375 Modus
946 1309 1286 1393 deponendi
1316 1310 1672 1375 huiusmodi
1717 1311 1995 1376 dubium.

428 1413 510 1476 Et
535 1412 746 1495 quoad
774 1413 859 1475 1¹¹²
892 1412 1054 1477 idest
1080 1411 1523 1496 obligationem
1547 1432 1612 1475 se
1633 1412 2000 1491 resolvendi,
2020 1416 2361 1481 revocanda
2385 1417 2506 1481 huc
2537 1421 2684 1482 sunt
2705 1438 2797 1497 ea,

346 1534 501 1597 quae
526 1515 693 1598 (sup.
728 1534 790 1579 n.
830 1514 1006 1597 166.)
1043 1514 1308 1579 diximus
1340 1514 1413 1579 de
1446 1515 1845 1600 obligatione,
1887 1536 1961 1579 ne
1993 1518 2150 1598 quie,
2192 1517 2340 1582 dum
2373 1519 2491 1582 sibi
2520 1521 2799 1586 conscius

346 1620 459 1692 est,
486 1636 552 1682 se
585 1616 787 1701 legem
812 1616 1118 1701 ignorare,
1146 1616 1549 1701 aggrediatur
1574 1636 1746 1700 oan,
1775 1620 2110 1700 antequam
2134 1620 2207 1683 de
2230 1620 2367 1704 lege
2389 1622 2800 1703 inquisiverit.

353 1720 624 1785 Tenetur
662 1708 829 1784 enim
864 1738 1099 1794 cavere,
1130 1738 1206 1784 ne
1236 1719 1441 1802 legem
1471 1719 1663 1783 violet
1694 1710 1801 1801 per
1832 1738 2010 1783 suam
2046 1721 2487 1804 ignorantiam.

430 1822 603 1885 Haec
627 1824 840 1885 tamen
865 1821 1168 1905 obligatio
1192 1821 1560 1885 disiunctive
1592 1824 1687 1885 est
1717 1821 2138 1906 intelligenda,
2165 1823 2460 1888 nimirum
2491 1827 2584 1890 ve]
2616 1828 2803 1892 absti-

343 1923 523 1987 nendi
573 1924 653 1987 ab
702 1941 899 2006 opere,
949 1922 1022 1987 de
1067 1923 1244 1987 cuius
1304 1923 1551 1988 malitia
1612 1924 1880 2007 practice
1935 1924 2184 1989 dubitat
2230 1927 2328 1990 vel
2373 1946 2480 2010 per
2526 1929 2800 2011 aliquam

345 2027 655 2090 rationem
703 2024 961 2089 dubium
1005 2024 1099 2090 ita
1147 2023 1505 2108 deponendi,
1544 2027 1619 2090 111
1665 2026 2015 2090 existimare
2052 2027 2267 2109 possit,
2303 2048 2366 2093 se
2396 2028 2565 2094 licite
2598 2050 2797 2116 agere.

348 2128 425 2193 Et
469 2129 592 2193 hnc
640 2130 877 2192 veteres
923 2128 1297 2192 revocabant
1342 2127 1597 2192 effatum
1641 2127 1799 2191 illud
1854 2154 1887 2187 «
1921 2127 2004 2191 In
2036 2128 2244 2193 dubiis
2277 2132 2468 2194 tutior
2499 2152 2663 2212 pars
2707 2137 2803 2197 est

339 2230 627 2312 eliyenda
658 2255 719 2293 ».

420 2334 643 2414 Quoad
676 2335 766 2397 2¹¹¹
800 2352 964 2412 vero,
1005 2334 1079 2398 de
1123 2334 1308 2398 modo
1355 2333 1693 2416 deponendi
1739 2334 2017 2414 dubium,
2054 2336 2322 2402 advertit
2351 2340 2657 2422 imprimis
2694 2340 2790 2416 A„

339 2437 595 2501 dubium
619 2454 743 2500 non
768 2436 902 2500 solo
926 2435 1272 2500 voluntatis
1306 2436 1529 2500 affectu
1560 2454 1689 2501 esse
1714 2436 2166 2521 deponendum:
2195 2459 2251 2503 v.
2279 2461 2371 2525 gr.
2400 2441 2451 2503 si
2476 2442 2614 2523 quis
2639 2441 2793 2505 nihil

338 2539 626 2624 praesidii
660 2537 955 2604 adhibens
989 2538 1066 2603 ad
1105 2537 1492 2604 eximendum
1528 2540 1738 2623 gravis
1785 2541 2001 2624 culpae
2048 2542 2324 2621 dubium,
2357 2563 2522 2608 mere
2554 2545 2795 2610 conclu-

339 2644 504 2708 deret
536 2662 782 2707 secum:
815 2641 985 2706 Nolo
1013 2641 1359 2721 mammos,
1391 2641 1534 2705 nolo
1554 2663 1832 2722 peecare.
2258 2659 2285 2691 ⁰

423 2746 641 2811 Monet
670 2747 881 2810 tamen
910 2744 985 2810 A.
1019 2745 1083 2809 in
1113 2743 1235 2808 fine
1266 2745 1471 2809 Resol.
1503 2745 1566 2809 id
1597 2745 1731 2811 fieri
1760 2765 1939 2830 posse
1969 2748 2099 2813 sine
2129 2768 2290 2814 nova
2314 2751 2573 2828 ratione,
2601 2753 2654 2815 si
2685 2752 2794 2816 du-

339 2849 507 2914 bium
538 2849 624 2913 sit
655 2867 886 2912 vanum
919 2850 983 2912 et
1013 2846 1223 2931 (adde)
1247 2849 1299 2912 si
1331 2866 1563 2912 vanum
1594 2850 1804 2932 aliquo
1835 2852 2019 2917 modo
2052 2853 2485 2936 subappareat,
2513 2856 2612 2919 vel
2635 2856 2791 2920 alias

340 2970 374 3014 a
403 2952 604 3016 doctis
643 2951 783 3032 quis
815 2950 1141 3027 audiverit,
1182 2968 1314 3014 esse
1342 2969 1591 3015 vanum.

424 3052 672 3128 Subdit,
708 3053 797 3116 sic
832 3052 992 3117 forte
1025 3052 1447 3136 explicandam
1486 3056 1857 3119 sententiam
1894 3053 2196 3119 Caietani.
2229 3057 2471 3133 Nesci0,
2504 3076 2626 3137 quo
2666 3077 2797 3139 spe-

338 3159 460 3220 ctet
488 3156 761 3220 Auctor:
796 3154 903 3219 sed
938 3155 1101 3220 forte
1145 3155 1224 3218 ad
1269 3175 1342 3219 ea
1387 3155 1669 3220 Caietani
1699 3156 1888 3219 verba
1922 3155 2186 3235 (Summ.
2221 3157 2296 3218 V.
2341 3155 2791 3239 Commeatum:

342 3283 375 3316 «
408 3259 697 3342 Deponat
728 3260 941 3322 autem
971 3258 1328 3323 huiusmodi
1364 3275 1681 3322 erroneam
1718 3256 2158 3320 conscientiam
2190 3275 2266 3318 eat
2296 3276 2359 3318 se
2396 3257 2495 3320 vel
2527 3257 2793 3321 aliorum

337 3360 594 3425 consilio
634 3361 699 3425 et
737 3359 825 3424 sic
860 3359 1050 3424 libere
1088 3362 1392 3443 operetur,
1428 3361 1501 3424 ut
1530 3358 1639 3421 alii
1676 3359 2013 3440 operantur
2042 3383 2103 3420 ».

422 3463 492 3527 Id
526 3480 672 3527 vero
705 3461 973 3527 maxime
1003 3461 1190 3539 valet,
1225 3480 1367 3525 cum
1401 3460 1613 3545 agitur
1643 3460 1715 3524 (16
1747 3459 1935 3524 dubio
1969 3461 2272 3541 neyativo,
2306 3461 2589 3527 videlicet
2626 3462 2791 3544 quod

340 3566 515 3630 nulla
546 3564 874 3630 verisimili
918 3564 1159 3629 ratione
1206 3564 1512 3628 excitatur
1541 3581 1652 3646 pro
1686 3563 1882 3627 altera
1920 3566 2096 3645 parte
2128 3566 2190 3627 et
2220 3567 2315 3629 est
2350 3565 2550 3629 inanis
2597 3567 2793 3650 suspi-

330 3669 460 3741 cio:
495 3668 549 3732 si
590 3685 737 3731 vero
774 3666 948 3730 nulla
979 3667 1142 3731 ratio
1176 3666 1337 3730 adsit
1368 3684 1477 3749 pro
1509 3668 1776 3747 utraque
1814 3668 2008 3748 parte,
2043 3666 2252 3748 potius
2284 3686 2473 3748 quam
2509 3668 2786 3748 dubium,

333 3771 454 3836 dici
489 3770 674 3835 debet
703 3769 1059 3854 ignorantia
1097 3771 1159 3833 et
1196 3768 1428 3851 pariter
1457 3770 1819 3850 contemptu
1850 3767 2150 3833 utendum
2181 3771 2293 3833 est.

420 3873 644 3953 Quoad
675 3873 935 3937 dubium
970 3890 1094 3937 non
1125 3891 1376 3948 vanum,
1401 3872 1727 3954 multiplex
1759 3891 1890 3936 esse
1926 3875 2133 3955 potest
2162 3874 2384 3939 modus
2416 3875 2788 3960 deponendi:

331 3995 493 4060 quae
525 3975 737 4042 omnia
769 3978 979 4040 tamen
1016 3977 1385 4040 revocantur
1415 3975 1514 4038 vel
1546 3974 1624 4038 ad
1661 3975 1928 4039 aliorum
1967 3976 2427 4054 auctoritatem,
2462 3980 2560 4043 vel
2593 3979 2669 4043 ad
2699 3999 2795 4044 ra-

334 4081 574 4144 tionem
608 4077 886 4159 aliquam
921 4078 1338 4142 intrinsecam.

417 4182 517 4249 Ad
565 4179 1012 4246 auctoritatem
1064 4181 1435 4245 revocantur
1486 4180 1551 4243 1⁰
1596 4178 1960 4261 Exemplum
2021 4180 2287 4262 piorum,
2338 4181 2407 4244 2⁰
2453 4183 2797 4248 Doctorum

323 4285 609 4352 consilia.

412 4388 511 4453 Ad
551 4385 871 4450 rationem
904 4386 1115 4448 autem
1145 4385 1544 4449 intrinsecam
1574 4385 1884 4466 pertinent
1916 4384 2156 4449 diversa
2180 4386 2498 4469 principia,
2523 4405 2683 4468 qnae
2707 4406 2801 4450 ar-

321 4492 707 4577 gumentum
744 4486 1137 4568 suppeditare
1168 4489 1317 4551 tunc
1340 4489 1620 4569 possunt,
1648 4490 1720 4550 ut
1744 4491 1920 4551 actus
1954 4487 2161 4550 licitus
2194 4488 2498 4552 videatur.
2523 4488 2796 4552 Possunt

321 4596 538 4658 autem
588 4606 730 4654 esse
776 4588 874 4652 vel
926 4589 1221 4665 rationeS‚
1271 4608 1430 4670 quae
1482 4589 1708 4653 directe
1763 4589 2084 4663 suadeant,
2133 4589 2297 4652 hunc
2342 4590 2573 4662 aetum,
2622 4588 2684 4650 in
2733 4607 2795 4650 se
