3529 5158
687 356 797 412 436
1190 370 1403 411 mac-r.
1443 369 1532 408 111.
1571 368 1656 407 nn
1693 366 1973 409 mersus.
2010 367 2209 409 cAPn'r
2244 367 2326 408 1v.
2364 367 2511 410 nun.
2548 367 2631 409 ιν.
3015 353 3158 431 [457]

689 488 877 533 causa
924 468 1198 532 iudicata
1233 468 1320 531 sit
1363 468 1678 550 perpetua,
1719 465 2097 549 dispensatio
2145 466 2354 530 tamen
2400 465 2549 530 data
2580 464 2704 529 fuit
2734 466 2851 529 sub
2887 466 3014 530 hac
3049 467 3161 530 im-

689 572 902 655 plicita
951 571 1318 647 conditione,
1352 569 1517 651 quod
1564 570 1689 633 tale
1736 568 2033 633 iudicium
2074 587 2286 632 verum
2333 567 2512 631 foret.
2549 565 2664 632 Sed
2697 567 2914 632 exinde
2962 569 3156 652 patet,

687 674 973 739 idoneam
1020 694 1142 739 non
1190 692 1321 738 esse
1366 673 1646 757 regulam
1701 672 1764 736 in
1820 673 1937 736 hac
1990 671 2350 753 quaestione
2407 670 2565 734 illud
2620 670 2941 748 iudicium,
2992 673 3159 754 quod

687 778 1022 861 praecessit
1066 777 1140 841 de
1185 795 1373 841 causa
1421 776 1716 858 perpetuo
1767 775 2095 839 exstitura.

777 879 1041 945 Proinde
1085 898 1135 944 s.
1169 879 1524 961 Alphonsus
1569 898 1630 941 11.
1686 877 1832 941 196.
1881 877 2081 941 reiicit
2122 876 2532 941 resolutiones
2578 875 2833 958 (saltem
2887 877 3155 960 primam

688 984 753 1046 et
798 982 1098 1066 tertiam),
1147 1000 1302 1063 quas
1356 999 1428 1044 ex
1482 980 1683 1043 Diana
1737 980 1989 1044 subiicit
2034 979 2289 1056 Auctor,
2339 978 2449 1060 qui
2501 979 2710 1043 tamen
2759 979 2913 1045 scite
2958 980 3151 1055 addit,

686 1086 911 1149 melius
959 1085 1115 1149 alios
1159 1084 1349 1166 (inter
1394 1102 1550 1165 quos
1598 1084 1662 1146 et
1707 1101 1755 1146 s.
1792 1082 2009 1165 Alph.)
2054 1082 2439 1146 contrarium
2484 1082 2734 1145 sentire.

777 1182 956 1257 457.
998 1186 1139 1249 Dixi
1171 1205 1218 1249 s.
1254 1185 1643 1269 Alphonsum
1672 1184 1921 1249 reiicere
1957 1185 2179 1249 saltem
2210 1183 2731 1267 dispensationem
2761 1185 2970 1265 quoad
3003 1185 3153 1250 ieiu-

685 1290 862 1354 nium
909 1288 972 1351 et
1016 1287 1425 1365 breviarium;
1474 1287 1680 1369 quoad
1725 1287 2151 1369 dispensatum
2199 1287 2277 1351 ob
2321 1284 2753 1351 infirmitatem
2791 1305 2828 1350 a
2862 1288 3012 1351 voto
3059 1308 3152 1352 re-

685 1391 959 1477 ligionis,
995 1391 1118 1454 alia
1151 1391 1247 1455 est
1275 1391 1362 1454 rei
1395 1390 1689 1455 conditio.

777 1493 1120 1558 Discrimen
1168 1512 1315 1578 ergo
1363 1494 1642 1576 apposite
1679 1493 1768 1557 sic
1804 1493 2085 1577 assignat
2131 1490 2358 1556 Suarez
2391 1491 2465 1555 de
2506 1490 2659 1572 Leo.
2708 1491 2820 1556 lib.
2857 1493 2917 1555 6.
2952 1513 3005 1556 6.
3047 1495 3149 1557 20.

685 1618 747 1662 n.
792 1596 930 1659 18.:
964 1620 1000 1654 «
1025 1595 1384 1678 Respondeo
1415 1596 1939 1677 dispensationem
1974 1595 2148 1659 illam
2184 1593 2288 1677 (de
2323 1592 2638 1658 recitando
2676 1593 3007 1671 breviario,
3044 1595 3155 1659 aut

684 1699 1034 1777 ieiunando,
1071 1699 1184 1762 aut
1211 1697 1596 1763 comedendis
1628 1698 1945 1781 carnibus)
1975 1716 2098 1762 non
2145 1715 2276 1761 esse
2309 1696 2519 1772 talem,
2559 1715 2719 1776 quae
2765 1696 2955 1760 simul
2988 1699 3052 1760 et
3083 1698 3145 1761 in

684 1801 992 1885 praesenti
1037 1801 1174 1864 tota
1219 1799 1364 1875 fiat3
1414 1800 1562 1881 quia
1607 1799 1872 1864 materia
1920 1799 2050 1863 eius
2098 1817 2221 1864 non
2268 1801 2364 1863 est
2408 1796 2829 1875 indivisibilis,
2868 1798 2969 1862 sed
3022 1817 3151 1863 suc-

684 1901 1019 1967 cessionem
1065 1901 1270 1966 habet.
1307 1901 1468 1966 Nam
1513 1901 1610 1965 lex
1656 1902 1873 1966 ieiunii
1919 1899 2493 1984 quadragesimalis,
2541 1898 2690 1963 licet
2737 1919 2844 1982 per
2890 1900 3145 1965 modum

683 2005 869 2068 unius
892 2004 1296 2086 concipiatur,
1329 2023 1542 2068 revera
1574 2004 1808 2069 virtute
1845 2004 1941 2068 est
1969 2002 2296 2085 multiplex
2329 2002 2392 2066 et
2421 2002 2687 2088 singulis
2720 2001 2937 2067 diebus
2970 2003 3148 2086 quasi

682 2124 911 2170 novam
960 2106 1402 2191 obligationem
1448 2106 1731 2189 imponit.
1772 2106 1854 2170 Et
1881 2106 2019 2170 ideo
2067 2104 2446 2188 dispensatio
2483 2104 2547 2168 in
2580 2105 2690 2169 illa
2736 2106 2874 2190 lege
2913 2124 3040 2171 non
3075 2106 3149 2170 fit

685 2208 969 2272 absolute
1017 2209 1152 2272 tota
1198 2207 1386 2272 simul
1431 2211 1494 2272 et
1539 2209 1775 2273 virtute
1822 2209 1917 2272 est
1959 2208 2287 2290 multiplex
2332 2207 2710 2290 dispensatio
2758 2211 2821 2274 et
2868 2229 2983 2293 pro
3032 2210 3148 2274 sin-

681 2310 848 2395 gulis
880 2310 1094 2374 diebus
1126 2310 1322 2374 veluti
1353 2310 1635 2393 singulae
1665 2310 2152 2393 dispensationes
2190 2309 2611 2374 conceduntur
2642 2311 2705 2374 et
2737 2330 3146 2394 unaquaeque

683 2412 998 2495 propriam
1029 2431 1283 2477 causam
1314 2430 1423 2495 pro
1455 2431 1569 2477 suo
1609 2413 1885 2495 tempore
1916 2431 2024 2476 seu
2055 2411 2153 2477 die
2181 2412 2462 2495 requirit.
2496 2412 2703 2494 Atque
2735 2414 2828 2477 ita
2858 2416 3149 2497 quamvis

681 2513 746 2578 in
795 2534 864 2579 eo
912 2533 1059 2579 casu
1091 2514 1376 2579 videatur
1407 2515 1541 2579 dari
1572 2514 1757 2579 simul
1797 2534 1907 2599 pro
1939 2516 2076 2579 tota
2122 2515 2618 2600 quadragesima,
2652 2534 2775 2581 non
2813 2516 2907 2582 ita
2938 2517 3147 2597 datur,

683 2620 758 2683 ut
801 2620 1019 2683 statim
1067 2619 1311 2683 auferat
1356 2618 1563 2683 totum
1609 2619 1928 2683 vinculum
1973 2619 2129 2702 legis
2168 2638 2278 2701 pro
2325 2618 2461 2683 tota
2508 2618 3013 2704 quadragesima,
3048 2623 3154 2688 sed

683 2722 760 2784 ut
788 2721 1127 2784 successive
1157 2720 1312 2784 illud
1338 2720 1598 2796 auferat,
1633 2721 1821 2804 prout
1849 2721 2189 2785 successive
2220 2720 2611 2805 obligaverit,
2645 2722 2698 2786 si
2730 2723 2946 2788 eadem
2986 2726 3153 2790 ratio

682 2821 1158 2904 dispensationis
1193 2826 1558 2905 perseveret.
1598 2823 1811 2905 Neque
1849 2823 1911 2886 in
1944 2824 2052 2887 illa
2090 2824 2354 2887 materia
2400 2825 2609 2906 potest
2646 2824 2830 2889 aliter
2875 2827 3154 2892 conside-

680 2924 809 2988 rari
854 2942 1041 2988 causa
1085 2925 1430 2990 iustificans
1476 2925 2016 3008 dispensationem,
2058 2926 2178 2990 nisi
2209 2927 2284 2989 ut
2328 2926 2560 2990 habens
2608 2927 2883 2991 tractum
2917 2949 3153 2995 sueces-

682 3027 886 3091 sivum
935 3048 1073 3092 cum
1119 3029 1254 3111 ipsa
1290 3029 1445 3112 lege,
1481 3029 1544 3091 et
1589 3027 1726 3092 ideo
1773 3029 1836 3092 in
1884 3029 2116 3093 talibus
2154 3028 2718 3113 dispensationibus
2772 3033 3151 3116 regulariter

679 3128 842 3193 solet
885 3131 1174 3213 explicari
1219 3131 1329 3194 illa
1375 3130 1680 3206 conditi03
1730 3131 1896 3212 quod
1943 3131 1996 3195 si
2039 3131 2353 3197 interdum
2406 3150 2528 3197 non
2574 3133 2963 3216 exprimitur,
3013 3137 3147 3202 ideo

680 3232 792 3308 est,
833 3232 980 3313 quia
1026 3232 1124 3297 vel
1170 3232 1416 3297 duratio
1454 3252 1677 3298 causae
1709 3234 2011 3316 tanquam
2046 3235 2370 3299 moraliter
2415 3237 2583 3299 certa
2631 3238 3013 3319 supponitur
3045 3240 3143 3303 vel

679 3334 826 3414 quia
873 3354 945 3398 ex
989 3336 1295 3416 qualitate
1325 3336 1625 3400 materiae
1664 3340 1980 3416 tamquam
2025 3339 2173 3399 nota
2220 3336 2609 3418 relinquitur.
2643 3337 2726 3401 Et
2756 3337 2923 3404 idem
2956 3342 3143 3406 estin

678 3434 987 3500 similibus
1030 3437 1372 3519 praeceptis
1416 3438 1787 3501 habentibus
1836 3440 2108 3503 tractum
2154 3438 2591 3503 successivum.
2632 3437 2821 3504 Secus
2855 3461 3004 3507 vero
3052 3447 3145 3508 est

676 3537 741 3600 in
788 3536 1262 3618 dispensatione,
1312 3558 1470 3619 quae
1515 3540 1735 3603 statim
1780 3542 1917 3605 tota
1964 3541 2152 3605 simul
2198 3541 2553 3606 conceditur
2605 3543 2671 3607 et
2727 3543 2920 3608 habet
2964 3548 3143 3628 quasi

676 3637 1115 3703 indivisibilem
1153 3640 1455 3716 effectum,
1494 3642 1767 3707 tollendo
1804 3643 2283 3720 inhabilitatem,
2317 3643 2832 3728 impedimentum
2873 3649 2989 3712 aut
3038 3668 3148 3713 vo·

679 3740 849 3803 tum:
900 3760 1045 3805 nam
1089 3742 1198 3805 illa
1242 3742 1432 3807 simul
1483 3744 1671 3808 habet
1722 3746 1933 3810 totum
1986 3747 2269 3811 effectum
2314 3749 2380 3811 et
2424 3747 2612 3812 simul
2676 3748 2868 3813 etiam
2917 3751 3145 3816 habere

679 3843 886 3926 potest
921 3863 1194 3923 causam,
1232 3848 1482 3929 propter
1517 3867 1706 3929 quam
1739 3849 2024 3913 absolute
2055 3849 2430 3914 concedatur
2471 3875 2533 3914 ».

763 3946 854 4009 Ex
885 3947 1109 4028 quibus
1155 3949 1498 4013 luculenter
1529 3950 1692 4014 ratio
1725 3950 1921 4033 patet,
1955 3970 2064 4015 cur
2096 3952 2278 4016 aliter
2314 3951 2387 4016 de
2425 3952 2692 4017 secunda
2737 3955 3141 4026 resolutione,

677 4049 783 4113 ubi
812 4049 885 4113 de
916 4053 1084 4131 voto,
1111 4052 1292 4116 aliter
1323 4052 1396 4116 de
1435 4052 1635 4135 prima
1667 4054 1730 4116 et
1761 4053 1949 4116 tertia
1981 4054 2088 4118 ubi
2125 4054 2197 4118 de
2230 4074 2340 4119 esu
2377 4056 2659 4120 carnium
2689 4058 2753 4121 et
2774 4058 3141 4125 recitatione

677 4151 966 4216 breviarii
1002 4153 1400 4218 iudicandum
1439 4155 1542 4218 sit.

760 4248 940 4323 458.
967 4255 1264 4320 Rationes
1296 4253 1472 4319 Salas
1498 4259 1561 4321 et
1584 4257 1876 4322 Οτι-3113113
1907 4258 2094 4323 refert
2126 4259 2329 4323 Diana
2366 4261 2519 4325 tom.
2550 4260 2611 4324 3.
2642 4262 2722 4325 tr.
2752 4263 2814 4325 2.
2840 4281 2960 4328 res.
2995 4265 3134 4327 147.

673 4374 710 4417 3
741 4374 801 4417 11.
833 4356 890 4417 7.
924 4374 1083 4435 quae
1119 4377 1190 4422 eo
1228 4358 1560 4422 collineant
1592 4378 1823 4438 61111166,
1857 4360 2023 4444 quod
2059 4361 2382 4446 legislator
2405 4363 2595 4427 tollat
2624 4363 2689 4428 in
2721 4382 2874 4430 casu
2908 4368 3139 4452 obliga-

672 4456 941 4522 tionem:
980 4459 1144 4539 quod
1176 4460 1386 4523 autem
1423 4460 1809 4527 destructum
1842 4464 1939 4527 est
1968 4463 2125 4544 (scil.
2163 4463 2493 4548 obligatio)
2523 4484 2646 4530 non
2678 4467 3129 4549 reproducitur,

670 4558 786 4622 nisi
823 4559 900 4622 ab
938 4578 1028 4638 66,
1069 4562 1178 4644 qui
1205 4562 1394 4626 habet
1430 4564 1556 4629 vim
1587 4567 2048 4649 reproducendi,
2083 4568 2212 4632 scil.
2249 4568 2421 4633 solus
2450 4568 2794 4652 legislator.
