3529 5158
372 364 519 441 [679]
633 380 955 424 moenum
994 382 1300 437 nom-Am,
1338 383 1625 425 mamam.
1675 384 1759 424 An
1798 384 2072 426 murana
2109 384 2346 425 comm
2385 386 2595 427 mmm
2741 374 2851 428 593

460 474 630 547 8⁷6.
666 478 893 544 Suarez
925 479 1001 544 de
1038 479 1289 544 Pcccat.
1325 480 1482 564 disp.
1518 482 1577 544 2.
1614 482 1762 545 sect.
1792 482 1852 545 5.
1879 501 1940 545 n.
1974 481 2112 545 14.:
2148 481 2377 546 statuit
2413 484 2480 545 1⁰
2509 483 2843 549 Peccatum

371 582 608 647 veniale
634 582 843 664 aliquo
875 582 1058 647 modo
1091 602 1223 648 6666
1248 583 1543 647 offensam
1567 582 1717 659 Dei;
1742 584 1893 665 quia
1918 584 1981 647 et
2012 584 2289 648 continet
2319 584 2841 651 inordinationem

374 684 449 748 ad
482 684 779 749 ultimum
808 685 994 750 finem
1024 687 1090 750 et
1119 686 1287 750 Deus
1321 704 1499 750 omne
1534 686 1856 768 peccatum
1887 685 2080 750 etiam
2113 687 2350 750 veniale
2383 687 2523 752 odio
2557 688 2747 753 habet
2778 691 2843 753 et

374 787 583 869 aliquo
615 788 800 852 modo
837 788 934 852 661
962 790 1180 852 666116
1225 789 1426 873 legem
1463 788 1598 853 Dei.
1635 790 1703 851 2ο
1734 788 1850 853 Est
1881 789 2089 853 tamen
2127 789 2244 854 Dei
2283 789 2512 855 offensa
2543 808 2668 855 non
2697 791 2842 855 sim-

371 891 631 974 pliciter,
658 890 765 955 sed
788 890 1126 955 secundum
1149 890 1299 972 quid
1322 892 1387 956 et
1418 890 1756 975 analogice,
1784 890 1932 974 quia
1966 910 2086 957 non
2112 893 2396 956 versatur
2418 892 2580 957 circa
2604 893 2828 971 Deum,

370 993 465 1059 uti
503 996 597 1058 est
633 993 978 1059 formaliter
1009 994 1272 1059 ultimus
1308 993 1469 1058 finis.

454 1095 598 1160 Huc
645 1115 883 1173 revoca,
916 1096 1083 1177 quod
1129 1094 1351 1161 866166
1398 1096 1574 1174 dixit,
1615 1095 1853 1160 veniale
1894 1114 2043 1172 esse,
2084 1095 2250 1177 quod
2298 1098 2392 1161 est
2438 1098 2655 1162 contra
2700 1116 2839 1161 con-

365 1197 600 1261 cilium.
634 1198 856 1263 Scotus
889 1198 1072 1276 enim,
1106 1198 1311 1281 inquit
1334 1197 1511 1262 Suar.
1538 1199 1581 1261 l.
1608 1218 1660 1262 6.
1679 1219 1739 1262 n.
1773 1198 1898 1274 13„
1924 1198 2052 1262 late
2088 1216 2240 1261 usus
2263 1201 2359 1263 est
2390 1217 2539 1263 voce
2569 1199 2831 1276 consilii,

363 1304 440 1366 ut
469 1301 1009 1384 comprehenderet
1040 1302 1267 1376 omnia,
1301 1320 1460 1382 quae
1508 1319 1630 1364 non
1677 1302 1826 1364 sunt
1866 1300 1943 1364 ad
1990 1299 2256 1364 salutem
2290 1301 2652 1366 neccssaria.
2688 1300 2832 1364 Vid.

367 1407 434 1470 et
463 1406 645 1469 Azor.
679 1426 736 1487 p.
775 1404 831 1467 1.
871 1403 979 1468 111).
1015 1405 1075 1466 4.
1110 1423 1243 1486 666.
1278 1405 1338 1466 9.
1372 1422 1432 1485 q.
1468 1405 1528 1467 2.

452 1507 618 1571 Bene
663 1506 842 1591 Lugo
891 1505 965 1568 de
1010 1504 1264 1569 Poenit.
1305 1505 1460 1588 disp.
1500 1504 1601 1569 16.
1636 1526 1696 1569 6.
1745 1504 1893 1568 102.
1926 1505 2185 1586 loquens
2232 1505 2306 1568 de
2344 1502 2524 1569 Card.
2566 1505 2830 1569 Toleto:

367 1634 403 1668 «
436 1609 702 1674 Nomine
749 1608 1058 1690 praecepti
1104 1607 1404 1691 intelligit
1439 1607 1525 1671 ibi
1558 1607 1875 1689 (Toletus)
1914 1606 2072 1671 illud
2120 1607 2344 1682 solum,
2379 1606 2543 1688 quod
2592 1606 2833 1691 obligat

360 1712 443 1775 ad
474 1711 760 1787 mortale,
795 1712 869 1773 ut
900 1708 1276 1791 explicuerat
1313 1709 1526 1772 eodem
1550 1709 1773 1790 capite,
1800 1708 1931 1772 scil.
1959 1726 2091 1791 cap.
2128 1710 2188 1771 2.
2222 1708 2331 1773 111).
2366 1709 2458 1785 3.3
2485 1729 2669 1791 quem
2705 1728 2836 1773 166-

360 1814 516 1878 dum
545 1811 839 1894 loquendi
868 1812 1250 1894 usurparunt
1281 1809 1472 1874 etiam
1496 1808 1738 1888 866166,
1766 1809 2039 1889 Gabriel,
2063 1810 2382 1889 BassoluS,
2410 1811 2672 1887 Alensis,
2701 1811 2832 1875 Ma·

357 1916 560 2000 gister
592 1913 1053 1979 Sententiarum
1083 1932 1225 1977 cum
1255 1913 1473 1977 multis
1511 1932 1582 1977 ex
1615 1912 2091 1995 antiquioribus,
2125 1932 2281 1994 quos
2313 1913 2592 1998 congerit
2625 1911 2823 1978 86166.

356 2016 496 2097 Quo
529 2017 822 2098 loquendi
844 2015 1027 2081 modo
1052 2034 1174 2080 666
1199 2014 1605 2100 significatur,
1631 2015 1797 2097 quod
1823 2018 2143 2098 peccatum
2174 2014 2413 2079 veniale
2437 2014 2610 2078 nullo
2643 2014 2827 2079 modo

355 2121 442 2185 sit
473 2121 690 2184 contra
730 2118 982 2199 aliquod
1027 2117 1307 2182 divinum
1338 2119 1755 2202 praeceptum,
1791 2117 1894 2181 sed
1925 2117 2091 2199 quod
2122 2135 2243 2181 non
2276 2117 2361 2181 sit
2389 2116 2685 2202 graviter,
2722 2116 2829 2181 sed

352 2223 576 2288 leviter
607 2223 795 2303 atque
825 2221 962 2285 ideo
995 2221 1426 2303 comparatum
1457 2239 1600 2284 cum
1631 2222 1881 2303 peccato
1913 2219 2169 2284 mortali
2199 2218 2486 2284 videatur
2517 2237 2648 2282 esse
2682 2237 2826 2282 ana-

351 2325 556 2411 logice
585 2327 800 2389 contra
832 2325 1229 2408 praeceptum
1260 2325 1323 2386 et
1353 2341 1476 2387 non
1507 2323 1872 2406 simpliciter
1908 2321 2012 2386 sed
2044 2322 2246 2386 solum
2280 2320 2616 2385 secundum
2649 2319 2819 2401 quid,

352 2429 520 2494 sicut
565 2428 843 2493 accidens
892 2446 1030 2492 vere
1079 2428 1173 2491 est
1219 2446 1345 2505 666,
1387 2425 1492 2489 sed
1524 2426 1955 2508 comparatum
1987 2443 2130 2488 cum
2161 2422 2515 2487 substantia
2561 2440 2683 2487 non
2730 2421 2817 2486 di-

350 2533 521 2597 citur
551 2531 913 2615 simpliciter
944 2550 1069 2609 ens,
1104 2529 1209 2595 sed
1257 2527 1594 2594 secundum
1625 2527 1775 2610 quid
1806 2529 1869 2593 et
1899 2527 2186 2591 creatura
2229 2525 2377 2591 11661
2408 2543 2548 2589 vere
2593 2523 2824 2588 habeat

352 2655 509 2709 esse,
536 2636 895 2718 comparata
918 2636 1129 2699 tamen
1152 2653 1294 2697 cum
1324 2634 1600 2697 creatore
1623 2630 1852 2695 dicitur
1874 2629 2055 2712 quasi
2085 2647 2210 2694 non
2241 2647 2348 2693 ens
2372 2630 2436 2693 et
2458 2627 2631 2692 solus
2648 2627 2820 2691 Deus

351 2739 555 2805 dicere
592 2740 832 2823 potest:
869 2737 1008 2821 Eyo
1045 2757 1203 2810 sum,
1237 2736 1349 2817 qui
1375 2755 1517 2798 sum
1554 2759 1614 2797 ».

445 2838 620 2914 677.
647 2840 707 2906 8.
736 2842 1008 2906 Thomas
1040 2840 1179 2923 plus
1218 2838 1405 2904 semel
1442 2838 1483 2901 l.
1513 2838 1573 2900 2.
1600 2856 1658 2917 q.
1695 2835 1799 2900 86.
1836 2837 1954 2899 611.
1986 2836 2043 2898 1.
2070 2835 2135 2898 61
2160 2834 2219 2897 2.
2254 2834 2318 2897 61
2341 2853 2399 2915 q.
2432 2833 2579 2897 109.
2609 2835 2727 2896 art.
2763 2832 2819 2894 7.

352 2944 667 3010 maculam
690 2944 935 3008 videtur
966 2942 1189 3007 habere
1219 2961 1330 3006 666
1363 2940 1647 3005 effectum
1677 2937 1915 3020 peccati
1950 2934 2263 3011 mortalis3
2299 2935 2446 3017 quia
2478 2936 2553 2998 ut
2596 2933 2821 3015 inquit,

348 3049 601 3115 macula
632 3066 754 3112 non
786 3048 882 3111 661
919 3045 1108 3124 aliud,
1143 3064 1331 3127 quam
1362 3042 1632 3126 privatio
1663 3040 1927 3124 gratiae,
1962 3056 2121 3119 quae
2157 3039 2252 3101 661
2289 3035 2481 3100 661161
2511 3035 2698 3099 61161.
2736 3036 2827 3098 At

349 3154 483 3227 alii,
524 3155 598 3217 ut
635 3171 683 3215 s.
718 3150 1180 3224 Bonaventura,
1213 3165 1283 3210 eo
1332 3163 1516 3208 sensu
1560 3141 1871 3205 maculam
1904 3138 2137 3209 dicunt,
2170 3136 2336 3218 quod
2383 3137 2468 3199 sit
2499 3138 2678 3199 actus
2725 3154 2824 3199 ca-

347 3273 493 3321 rens
525 3255 850 3319 honestate
887 3254 952 3315 et
989 3250 1267 3315 bonitate
1315 3248 1502 3327 atque
1550 3244 1700 3307 adeo
1748 3243 1880 3306 Deo
1913 3239 2259 3323 displicens.
2292 3238 2456 3302 Azor
2486 3238 2528 3300 l.
2569 3256 2622 3300 6.
2661 3256 2720 3318 q.
2757 3238 2817 3300 8.

443 3356 616 3430 678.
652 3359 786 3440 Quo
825 3378 1012 3423 sensu
1041 3357 1364 3440 peccatum
1393 3350 1659 3416 mortale
1691 3367 1763 3412 66
1788 3346 2024 3411 veniale
2062 3344 2367 3422 differant,
2408 3345 2521 3406 aut
2550 3360 2672 3407 666
2707 3340 2824 3405 dif-

344 3463 555 3529 ferant
599 3463 818 3546 specie,
866 3461 1056 3525 habes
1102 3460 1164 3522 in
1213 3454 1444 3539 duplici
1489 3454 1606 3517 hac
1651 3450 1813 3515 thesi
1859 3447 2086 3514 Suarez
2133 3446 2208 3510 de
2255 3445 2506 3510 Peccat.
2557 3444 2712 3528 disp.
2756 3446 2817 3509 2.

346 3568 500 3630 6661.
537 3568 597 3629 5.
630 3585 734 3629 nn.
785 3566 845 3627 2.
889 3565 987 3626 3.;
1031 3562 1097 3625 1⁰
1142 3558 1475 3625 Peccatum
1521 3554 1787 3621 mortale
1834 3552 1907 3618 de
1953 3570 2018 3617 se
2064 3552 2128 3616 61
2172 3552 2246 3615 61
2292 3550 2418 3614 1616
2465 3550 2580 3626 661,
2630 3548 2822 3612 habet

346 3668 628 3750 aliquam
659 3665 1189 3731 deordinationem
1220 3661 1418 3744 specie
1449 3658 1810 3723 distinctam
1844 3655 1923 3720 ab
1955 3654 2122 3720 omni
2154 3673 2245 3730 ea,
2274 3672 2432 3735 quae
2465 3655 2561 3717 est
2589 3652 2654 3716 in
2688 3671 2822 3735 pec-

344 3773 491 3836 cato
524 3769 773 3835 veniali.
813 3767 978 3832 Nam
1009 3766 1285 3849 pravitas
1322 3763 1453 3838 illa,
1487 3780 1645 3843 quae
1678 3762 1773 3824 est
1809 3759 2037 3823 directe
2082 3757 2395 3823 contraria
2431 3755 2656 3819 ultimo
2689 3754 2820 3830 fini,

342 3878 411 3941 et
460 3875 702 3939 ratione
749 3872 929 3936 cuius
958 3870 1144 3933 homo
1192 3865 1497 3930 avertitur
1537 3865 1614 3928 ab
1660 3863 1795 3945 ipso
1829 3863 1893 3925 et
1938 3859 2321 3925 convertitur
2353 3857 2430 3921 ad
2467 3857 2822 3921 creaturam

342 3982 422 4044 ut
473 3979 549 4042 ad
593 3977 894 4043 ultimum
939 3973 1144 4048 finem,
1179 3973 1273 4034 est
1304 3966 1553 4051 propria
1584 3966 1814 4049 species
1847 3960 2329 4028 deordinationis
2377 3961 2441 4025 et
2486 3958 2820 4043 pravitatis

339 4081 622 4158 16616116,
651 4083 715 4145 61
759 4079 911 4142 haec
949 4074 1204 4159 reperiri
1248 4091 1371 4136 non
1419 4068 1626 4153 potest
1671 4068 1732 4131 in
1768 4068 2017 4149 peccato
2066 4063 2312 4130 veniali.
2355 4064 2425 4125 2ο
2461 4060 2710 4124 Malitia
2757 4062 2823 4125 et

338 4183 733 4249 deordinatio
789 4179 1066 4256 moralia,
1115 4194 1273 4259 quae
1321 4172 1590 4237 sumitur
1653 4190 1723 4234 ex
1773 4169 2011 4235 obiecto
2076 4166 2374 4250 proxime,
2424 4184 2554 4230 esse
2611 4165 2821 4247 potest

337 4286 623 4352 eiusdem
659 4283 884 4367 speciei
914 4283 977 4345 in
1009 4281 1259 4363 peccato
1307 4275 1560 4341 mortali
1606 4276 1671 4338 et
1708 4271 1954 4338 veniali.
1991 4271 2176 4335 Patet
2206 4268 2518 4333 conclusio
2551 4267 2616 4331 in
2648 4265 2817 4331 furto

334 4389 527 4474 gravi
562 4391 628 4453 61
657 4387 801 4451 levi.

434 4486 612 4560 6¹19.
641 4489 745 4552 Fit
770 4486 1052 4570 quaestio
1085 4485 1352 4567 insuper,
1382 4501 1459 4545 an
1493 4480 1730 4545 veniale
1753 4477 1982 4542 habeat
2010 4475 2321 4541 infinitam
2343 4473 2673 4538 malitiam.
2702 4472 2818 4537 Re-

335 4594 610 4679 spondet
657 4593 868 4656 autem
914 4588 1140 4653 Suarez
1172 4586 1246 4650 de
1284 4583 1535 4648 Peccat.
1569 4583 1725 4666 disp.
1761 4583 1820 4645 2.
1856 4583 2002 4646 6661.
2041 4581 2099 4644 5.
2132 4598 2233 4643 66.
2272 4576 2532 4654 16.-18,
2577 4577 2642 4640 1⁰
2687 4594 2816 4639 non

512 4715 801 4768 Rammium,
829 4711 999 4756 norat.
1028 4710 1178 4752 Tomo
1204 4707 1243 4749 Ι.
2570 4699 2625 4742 38
