3529 5158
768 344 876 400 608
1159 360 1371 402 TnAc‘r.
1411 362 1490 401 ιν.
1529 362 1613 401 Du:
1650 360 1955 402 PECCATIS.
1993 360 2192 402 CAPUT
2226 361 2267 400 1.
2304 359 2447 403 nun.
2486 360 2551 400 11.
2590 361 2726 401 Am.
2766 360 2830 401 ιι.
3089 346 3230 421 [555]

770 458 956 524 liceat
979 458 1349 523 desiderium
1374 460 1488 523 aut
1518 458 1847 522 delectatio
1873 458 1946 520 de
1972 456 2228 521 alterius
2251 457 2447 534 malo;
2482 458 2631 520 tunc
2662 457 2827 521 enim
2851 475 2976 520 non
2997 457 3228 534 licebit,

767 559 1012 642 quando
1059 560 1343 624 desiderii
1390 563 1502 624 aut
1546 560 1761 644 gaudii
1795 559 2102 624 obiectum
2141 579 2263 624 non
2293 558 2621 642 respondet
2668 558 2866 623 ordini
2913 560 3227 634 caritatis;

769 663 999 737 licebit,
1035 662 1088 726 si
1127 664 1437 727 obiectum
1467 663 1612 727 huic
1645 661 1842 727 ordini
1875 663 2258 745 respondeat.

858 765 942 828 Et
974 785 1021 829 s.
1059 764 1398 850 Gregorius
1429 764 1671 829 Moral.
1704 765 1813 829 lib.
1849 767 1954 829 22.
1988 784 2120 848 cap.
2159 766 2261 829 11.
2301 785 2360 828 11.
2397 766 2538 829 23.;
2580 791 2614 822 «
2647 765 2818 831 Inter
2854 766 3008 830 haec
3046 766 3235 831 scien-

771 866 921 931 dum
968 869 1081 941 est,
1130 868 1276 949 quia
1308 869 1548 932 evenire
1582 869 1942 951 plerumque
1974 868 2151 946 solet,
2186 869 2258 931 ut
2296 886 2418 931 non
2456 866 2685 931 amissa
2731 868 2997 932 caritate
3030 871 3096 932 et
3126 869 3236 934 ini-

775 970 919 1034 mici
950 989 1061 1035 nos
1096 972 1275 1036 ruina
1320 971 1616 1036 laetificet
1652 973 1714 1034 et
1746 991 1995 1035 rurstun
2027 971 2158 1035 eius
2189 970 2390 1054 gloria
2422 969 2551 1035 sine
2583 971 2851 1035 invidiae
2882 973 3068 1055 culpa
3100 992 3237 1038 con·

774 1073 1017 1149 tristet;
1052 1093 1194 1137 cuin
1232 1077 1294 1137 et
1327 1079 1542 1138 ruente
1575 1093 1666 1150 eo,
1706 1075 2008 1155 quosdam
2047 1074 2196 1138 bene
2228 1073 2384 1158 erigi
2413 1073 2737 1150 credimuS,
2778 1078 2842 1139 et
2877 1074 3238 1157 proficiente

774 1175 903 1252 illo,
938 1175 1259 1258 plerosque
1290 1177 1519 1240 iniuste
1553 1177 1816 1259 opprimi
1846 1176 2273 1240 formidamus.
2299 1175 2435 1255 Qua
2457 1177 2522 1240 in
2553 1196 2617 1240 re
2648 1179 2920 1241 mentem
2950 1180 3238 1243 nostram

778 1297 887 1342 nec
934 1280 1065 1343 eius
1104 1280 1229 1344 iam
1276 1279 1549 1344 defectus
1596 1280 1846 1363 erigit...
1888 1299 1996 1344 nec
2041 1280 2351 1363 profectus
2399 1279 2570 1344 addit
2615 1279 2774 1360 (scil.
2813 1281 3236 1366 condemnat),

777 1380 829 1444 si
862 1384 1029 1445 recta
1066 1385 1279 1446 nostra
1318 1382 1620 1467 cogitatio
1652 1401 1773 1446 non
1813 1382 1961 1464 qnid
2000 1381 2062 1446 in
2095 1383 2249 1465 ipso,
2283 1381 2388 1446 sed
2425 1382 2575 1463 quid
2604 1382 2679 1446 de
2708 1383 2842 1466 ipso
2881 1384 3048 1448 circa
3082 1387 3238 1451 alios

772 1484 1022 1567 agatur,
1058 1483 1346 1548 attendit.
1380 1482 1497 1549 Sed
1546 1484 1619 1547 ad
1668 1485 1819 1549 haec
1865 1484 2164 1548 servanda
2211 1484 2389 1548 valde
2436 1486 2532 1549 est
2575 1485 2992 1550 necessarium
3039 1488 3241 1553 subti-

772 1584 1048 1650 lissimae
1074 1585 1461 1651 discretionis
1493 1606 1781 1662 examen;
1818 1607 1890 1651 ne
1915 1607 2056 1651 cum
2087 1589 2302 1651 nostra
2327 1587 2467 1652 odia
2504 1587 2914 1670 exsequimur,
2944 1589 3242 1656 fallamur

771 1688 886 1752 sub
923 1689 1120 1771 specie
1152 1689 1450 1754 utilitatis
1482 1690 1717 1754 alienae
1750 1715 1810 1753 ».

880 1842 1039 1895 XVll.
1068 1844 1116 1895 3.
1144 1844 1249 1895 Non
1277 1849 1352 1895 est
1383 1848 1651 1909 peccatum,
1681 1844 1854 1893 saltem
1881 1843 2102 1902 mortale,
2133 1839 2174 1892 si
2212 1839 2446 1904 coniuges
2470 1842 2772 1894 delectentur
2795 1842 3019 1908 appetitu
3052 1849 3234 1898 tantum

770 1925 997 1980 rationali
1034 1927 1095 1979 de
1120 1934 1229 1980 actu
1258 1925 1468 1990 coniugii
1494 1925 1777 1992 praeterite,
1810 1929 1971 1978 tuturo
2013 1927 2088 1979 vel
2126 1924 2365 1991 possibili,
2391 1932 2619 1991 respectu
2655 1927 2922 1993 compartis
2961 1929 3236 1995 praesentis

776 2013 854 2065 vel
895 2010 1125 2065 absentis
1154 2013 1270 2064 ltem
1298 2010 1340 2063 si
1365 2025 1575 2077 sponsus
1604 2011 1847 2064 desideret
1873 2011 2098 2077 copulam
2127 2014 2334 2064 futuram
2360 2017 2443 2063 aut
2481 2012 2542 2063 de
2580 2025 2638 2063 ea
2664 2013 2953 2076 delectetur,
2982 2017 3066 2067 vel
3091 2014 3233 2068 vidua

773 2098 833 2149 de
874 2095 1147 2162 praeterita.
1173 2095 1317 2149 Ratio
1355 2102 1445 2160 est,
1476 2095 1585 2162 quia
1625 2095 1676 2149 lii
1714 2102 1854 2149 actus
1891 2098 2070 2149 habent
2107 2094 2353 2148 obiectum
2389 2094 2590 2149 licitum.

882 2178 997 2232 Dixi
1020 2179 1264 2249 appetitu
1291 2179 1559 2234 rationali
1567 2199 1587 2243 ,·
1614 2179 1725 2245 quia
1754 2180 1797 2233 si
1822 2194 2030 2246 sponsus
2065 2186 2147 2232 aut
2174 2179 2320 2232 vidua
2347 2179 2622 2233 voluntarie
2645 2180 2919 2235 consentiat
2942 2182 2990 2236 in
3017 2185 3238 2237 delecta·

771 2266 953 2320 tionem
980 2263 1263 2318 sensitivam
1291 2271 1339 2318 et
1357 2268 1597 2318 carnalem
1622 2269 1769 2332 (quae
1795 2280 1855 2318 ex
1878 2264 2212 2317 recordatione
2232 2267 2438 2330 copulae
2459 2268 2648 2317 futurae
2668 2272 2753 2318 aut
2777 2266 3071 2331 praeteritae
3089 2276 3239 2322 natu-

769 2351 938 2405 raliter
961 2350 1138 2414 oritur)
1164 2349 1435 2403 mortaliter
1462 2357 1646 2417 peccat,
1682 2357 1735 2403 ut
1760 2351 1905 2402 docet
1929 2351 2066 2402 Less.
2096 2350 2129 2402 l.
2154 2364 2198 2401 c.
2226 2363 2274 2401 n.
2305 2350 2424 2401 420.
2445 2351 2567 2401 Bon.
2592 2351 2747 2403 Tanu.
2774 2351 2969 2405 Peleus.
2997 2354 3065 2406 V.
3094 2354 3237 2408 Dian.

773 2446 807 2491 t.
836 2437 886 2489 5.
915 2435 1049 2490 Misc.
1077 2450 1173 2489 res.
1203 2438 1252 2488 2.
1285 2442 1452 2488 eontra
1481 2434 1656 2488 Medin.
1685 2442 1780 2487 etc.
1806 2433 1931 2501 Quia
1960 2448 2077 2487 vero
2106 2435 2168 2486 ad
2205 2433 2538 2500 supradictam
2564 2434 2832 2489 voluntatis
2855 2438 3235 2496 oblectationem

773 2519 1007 2575 sensitiva
1044 2526 1093 2573 et
1119 2519 1329 2573 carnalis
1367 2525 1421 2572 ut
1458 2518 1736 2586 plurimum,
1756 2518 1857 2571 imo
1883 2518 2028 2572 etiam
2056 2517 2324 2585 periculum
2351 2533 2620 2572 consensus
2643 2518 2692 2572 in
2727 2518 3106 2578 fornicationem
3128 2539 3235 2578 con-

785 2606 1025 2672 sequitur,
1050 2604 1427 2658 oblectationem
1464 2604 1595 2657 illam
1633 2604 1900 2658 voluntatis
1936 2603 1985 2657 in
2024 2603 2163 2671 praxi
2205 2603 2284 2656 vix
2314 2607 2471 2658 locum
2498 2607 2699 2669 habere,
2726 2609 2897 2660 saltem
2938 2606 2990 2661 in
3016 2609 3166 2663 vidua
3191 2621 3236 2664 et

772 2690 994 2758 sponsis:
1025 2689 1151 2743 inter
1177 2688 1406 2753 coniuges
1434 2696 1611 2754 tamen,
1637 2691 1786 2742 modo
1811 2689 2075 2755 periculum
2104 2688 2390 2754 pollutionis
2420 2689 2562 2751 absit,
2589 2689 2733 2743 etiam
2760 2691 3050 2747 sensitivam
3079 2703 3127 2749 ct
3155 2711 3236 2749 ve-

774 2789 970 2828 neream
991 2774 1361 2826 delectationem
1384 2787 1478 2826 non
1498 2787 1607 2826 esse
1627 2777 1850 2837 mortale,
1874 2776 2049 2827 docent
2068 2773 2256 2828 Filliuc.
2273 2781 2334 2827 tr.
2358 2775 2437 2827 40.
2455 2789 2500 2841 p.
2520 2778 2564 2826 l.
2586 2790 2633 2827 n.
2650 2777 2769 2829 353.
2788 2779 2968 2831 Bonae.
2982 2777 3053 2833 de
3071 2780 3234 2835 Matr.

770 2874 817 2924 q.
840 2860 887 2912 4.
907 2861 1125 2911 Sanchez
1145 2856 1210 2910 de
1228 2857 1394 2912 Matr.
1422 2859 1454 2911 l.
1476 2859 1525 2909 9.
1547 2856 1673 2922 disp.
1697 2858 1784 2910 44.
1805 2858 2003 2912 Lessius
2025 2862 2114 2912 loc.
2132 2858 2215 2913 cit.
2232 2875 2279 2913 n.
2305 2862 2424 2913 424.
2443 2867 2494 2914 et
2514 2859 2655 2914 Dian.
2671 2866 2706 2914 t.
2721 2864 2770 2915 3.
2786 2861 2926 2916 misc.
2943 2878 2986 2916 r.
3002 2867 3091 2918 36.
3112 2868 3230 2919 Tun

770 2942 881 3010 quia
909 2949 1065 2997 status
1090 2940 1384 2996 matrimonii
1408 2946 1528 2997 haec
1565 2949 1782 3006 excusat,
1814 2941 1882 2995 uti
1907 2943 2053 2997 etiam
2091 2950 2250 2998 taetus
2272 2943 2564 3011 impudicos
2590 2944 2744 2999 solius
2783 2948 3065 3014 voluptatis
3088 2964 3229 3004 causa

769 3030 1045 3084 institutos:
1088 3036 1187 3082 tum
1225 3028 1337 3095 quia
1374 3032 1495 3082 haec
1534 3028 1733 3082 tendunt
1773 3042 1861 3093 per
1899 3043 1952 3082 se
1990 3030 2049 3081 ad
2087 3044 2214 3096 opus
2249 3028 2520 3095 coniugale,
2557 3029 2670 3084 licet
2717 3045 2805 3097 per
2842 3030 3078 3088 accidens
3112 3050 3230 3103 opus

771 3132 865 3170 non
903 3122 1206 3169 exerceatur.

866 3235 1038 3311 555.
1088 3238 1177 3304 Ut
1220 3239 1341 3303 rite
1385 3238 1780 3321 intelligatur
1828 3237 1921 3301 vis
1969 3238 2155 3301 huius
2200 3238 2618 3315 resolutionis,
2665 3257 2824 3321 quae
2880 3241 3234 3325 gravissimi

771 3342 1072 3407 momenti
1118 3344 1212 3405 est
1257 3341 1447 3404 etiam
1494 3359 1603 3423 pro
1650 3340 1844 3423 praxi,
1885 3340 2108 3423 duplex
2152 3340 2593 3405 consideranda
2638 3343 2734 3405 est
2777 3341 3117 3409 delectatio
3163 3343 3237 3407 ab

774 3446 1047 3509 Auctore
1091 3447 1438 3507 memorata
1470 3445 1532 3507 et
1564 3444 1637 3507 de
1669 3462 1792 3525 qua
1825 3443 1954 3506 iam
1985 3461 2325 3507 sermonem
2373 3444 2706 3508 habuimus
2751 3463 2856 3508 nn.
2896 3446 3048 3508 525.
3086 3463 3239 3527 seq„

776 3566 1039 3627 quarum
1089 3545 1285 3609 altera
1318 3546 1395 3608 ad
1428 3546 1775 3629 appetitum
1820 3546 2192 3610 rationalem
2237 3548 2496 3629 spectat,
2546 3547 2744 3612 altera
2777 3546 2856 3610 ad
2885 3547 3242 3629 appetitum

771 3648 1156 3715 sensitivum.

864 3750 1035 3831 Quae
1052 3750 1369 3815 distinctio
1395 3753 1469 3816 ut
1484 3752 1602 3816 rite
1627 3751 2038 3835 intelligatur,
2067 3750 2512 3816 advertendum
2535 3770 2675 3816 cum
2693 3751 2872 3837 Lugo
2890 3751 2967 3817 de
2983 3752 3239 3817 Poenit.

775 3853 931 3937 disp.
973 3855 1073 3918 16.
1102 3875 1160 3918 n.
1188 3854 1338 3918 376.
1374 3854 1680 3918 undenam
1712 3854 1798 3918 sit
1828 3853 2000 3918 radix
2033 3853 2312 3919 malitiae
2336 3854 2398 3916 in
2430 3853 2856 3919 delectatione.
2885 3854 3244 3941 Distinguit

777 3958 991 4039 itaque
1024 3957 1203 4039 Lugo
1240 3956 1572 4033 malitiam,
1606 3975 1794 4038 quam
1833 3955 2161 4020 delectatio
2193 3956 2333 4037 (seu
2361 3955 2693 4041 gaudium)
2730 3956 2826 4020 vel
2865 3956 3242 4023 desiderium

778 4061 969 4125 habet
990 4080 1060 4123 ex
1087 4059 1335 4124 malitia
1366 4059 1462 4123 sui
1497 4058 1719 4124 obiecti
1752 4062 1815 4122 et
1853 4058 2042 4122 aliam
2073 4058 2403 4135 malitiam,
2431 4078 2620 4141 quam
2651 4057 2986 4124 delectatio
3020 4061 3247 4125 habere

780 4165 1007 4246 potest,
1042 4163 1186 4227 licet
1224 4163 1533 4226 obiectum
1564 4182 1670 4244 per
1702 4180 1767 4226 se
1798 4180 1919 4225 non
1952 4161 2036 4225 sit
2065 4180 2175 4225 nec
2205 4164 2589 4245 proponatur
2624 4163 2698 4225 ut
2726 4161 2991 4226 malum.

860 4266 944 4329 Et
983 4265 1187 4346 quoad
1217 4264 1550 4339 malitiam,
1583 4283 1741 4345 quae
1779 4284 1850 4328 ex
1883 4264 2122 4329 obiecto
2154 4265 2456 4348 provenit,
2489 4265 2669 4328 facile
2691 4265 2843 4329 haec
2883 4270 3150 4349 apparet
3183 4267 3246 4331 in

780 4368 1058 4448 quolibet
1104 4367 1191 4431 rei
1239 4386 1345 4449 per
1392 4386 1456 4430 se
1501 4366 1705 4430 malae
1751 4367 2071 4441 desiderio,
2110 4386 2233 4432 non
2263 4367 2448 4432 modo
2495 4369 2550 4433 si
2595 4367 2971 4433 desiderium
3018 4370 3251 4435 intelli·

777 4472 965 4551 gatur
1011 4471 1223 4533 efficax
1255 4473 1317 4533 et
1349 4470 1671 4534 causativa
1703 4472 2014 4547 voluntaS,
2056 4471 2160 4535 sed
2192 4471 2384 4536 etiarn
2414 4490 2654 4537 merum
2684 4471 3064 4539 desiderium
3094 4493 3252 4557 quo-

778 4570 1105 4635 dammodo
1153 4562 1604 4654 speculativum
1650 4574 1824 4655 (nam
1871 4592 2124 4656 possum
2183 4572 2526 4638 desiderare
2569 4577 2834 4639 mortem
2891 4575 3137 4642 inimici
3186 4580 3252 4641 et
