3529 5158
598 368 1083 411 PROPOSITIONUM
1120 370 1568 429 DausATARUu,
1608 372 2129 414 IANSENIANORUM.
2169 374 2247 411 AB
2287 373 2466 413 ALEX.
2512 374 2613 414 v11.
2715 376 2837 418 XXV

385 471 687 531 danmata
734 469 830 528 uti
876 469 1064 547 falsa,
1112 472 1481 548 temeraria,
1525 473 1915 534 scandalosa
1961 476 2032 533 et
2076 473 2442 547 (intellecta
2487 490 2566 533 eo
2614 492 2834 553 sensu,

386 562 459 620 ut
506 558 816 620 Christus
862 576 982 634 pro
1026 560 1243 620 salute
1290 560 1643 621 dumtaxat
1684 562 2334 636 praedestinatorum
2382 566 2685 625 mortuus
2722 565 2835 640 sit)

384 648 605 725 impia,
640 648 1044 726 blasphema,
1079 648 1575 724 contumeliosa,
1610 650 1882 711 divinae
1917 651 2155 726 pietati
2191 652 2521 729 derogans
2568 657 2637 713 et
2685 655 2838 715 hae-

388 737 613 798 retica.

854 861 1335 922 Formulariwn
1367 863 1733 923 Alexan-dri
1783 863 1939 923 VII.
1976 883 2142 924 anno
2180 869 2364 925 1665.

489 1030 523 1062 «
556 1008 700 1083 Ego
752 1008 833 1066 N.
883 1008 1351 1069 constitutioni
1413 1010 1816 1085 apostolicae
1881 1012 2260 1072 Innocentii
2332 1013 2417 1072 X.
2470 1012 2669 1073 datae
2731 1013 2841 1073 die

393 1119 426 1155 ‹
458 1099 563 1157 31.
628 1096 791 1157 Maii
862 1098 1055 1157 1653.
1115 1102 1187 1158 et
1252 1098 1723 1159 constitutioni
1794 1101 2165 1160 Alexandri
2233 1102 2392 1160 VII.
2463 1102 2661 1162 datae
2731 1102 2840 1162 die

394 1207 425 1239 «
459 1188 563 1245 16.
599 1185 910 1246 Octobris
943 1188 1137 1245 1656.
1177 1204 1585 1248 summorum
1620 1189 2024 1248 Pontificum
2059 1208 2164 1249 me
2197 1190 2479 1250 subiicio
2526 1196 2598 1251 et
2642 1191 2841 1265 quin-

395 1297 427 1330 «
458 1292 589 1351 que
631 1274 1121 1350 propositiones
1166 1292 1249 1336 ex
1282 1276 1573 1337 Cornelii
1618 1278 1918 1338 Iansenii
1957 1279 2150 1352 libro,
2184 1280 2293 1339 cui
2334 1296 2577 1339 nomen
2615 1283 2838 1356 Anyto-

395 1386 425 1419 «
457 1365 683 1438 stinw,
714 1366 1062 1439 excerptas
1108 1366 1179 1425 et
1214 1365 1286 1425 iu
1333 1382 1535 1426 sensu
1580 1367 1666 1427 ab
1712 1368 1942 1428 eodem
1988 1374 2261 1429 auctore
2307 1368 2590 1445 intento,
2642 1374 2844 1444 prout

395 1454 607 1513 «illas
652 1469 773 1528 per
818 1452 1033 1513 dietas
1080 1454 1596 1517 constitutiones
1644 1456 1851 1517 Sedes
1886 1457 2256 1532 apostolica
2300 1458 2669 1533 damnavit,
2704 1458 2840 1518 sin-

397 1565 429 1597 «
459 1560 607 1603 cero
652 1542 876 1603 animo
922 1542 1148 1603 reiicio
1195 1560 1274 1604 ac
1317 1544 1559 1605 damno
1606 1550 1675 1605 et
1709 1545 1804 1606 ita
1836 1546 1998 1607 iuro.
2038 1547 2148 1606 Sic
2196 1565 2299 1607 me
2347 1548 2532 1607 Deus
2564 1548 2842 1607 adiuvet

397 1655 428 1687 «
458 1636 528 1693 et
572 1632 737 1693 haec
781 1635 1013 1693 sancta
1059 1632 1188 1693 Dei
1235 1634 1608 1711 Evangelia
1640 1658 1701 1694 ».

1407 1820 1628 1879 NUM.
1664 1822 1862 1880 VIII.

394 1959 857 2038 ΡνοΡοεί-τίοηεε
904 1964 1007 2021 45.
1042 1962 1381 2021 damnatae
1428 1961 1503 2022 ab
1551 1965 1923 2024 Alea-'ambo
1986 1964 2143 2025 VII.
2181 1967 2442 2025 dcc-retis
2497 1966 2845 2044 Cosyreya-

566 2050 757 2110 tionis
786 2051 1097 2127 yeneralis
1119 2056 1373 2110 sanctae
1398 2069 1696 2111 romanae
1719 2059 1779 2112 et
1808 2054 2183 2113 eluiem-salis
2206 2054 2654 2132 quuisiffioue’s
2677 2056 2844 2117 San-

563 2139 902 2200 ctissimus
933 2139 1263 2200 Dominus
1294 2146 1520 2202 noster
1552 2147 1661 2201 etc.
1692 2146 1793 2201 24.
1824 2142 1988 2220 Sept.
2018 2146 2205 2205 1665.
2227 2150 2284 2203 ec
2310 2147 2406 2203 18.
2433 2143 2630 2206 Mart.
2656 2150 2840 2205 1666.

868 2291 1067 2352 Feria
1101 2293 1180 2353 V.
1216 2292 1325 2353 die
1358 2296 1463 2353 24.
1501 2293 1913 2369 Septembris
1949 2314 2127 2356 anno
2160 2299 2351 2357 1665.

478 2437 954 2498 Sanctis-simus
1000 2436 1330 2497 Dominus
1378 2440 1606 2497 noster
1649 2438 1917 2498 audivit
1965 2456 2095 2499 non
2148 2440 2293 2499 sine
2341 2457 2585 2518 magno
2631 2442 2841 2501 animi

390 2526 494 2588 sui
540 2543 851 2604 moerore,
885 2526 1256 2601 complures
1293 2526 1661 2602 opiniones,
1700 2528 2105 2590 christianae
2143 2528 2539 2605 disciplinae
2586 2531 2841 2591 relaxa-

391 2618 565 2679 tivas
594 2621 664 2678 et
694 2616 1065 2678 animarum
1098 2615 1456 2691 perniciem
1489 2616 1874 2692 inferentes,
1904 2619 2145 2693 partim
2177 2619 2564 2695 antiquatas
2597 2620 2839 2681 iterum

394 2705 715 2784 suscitari,
749 2706 996 2781 partim
1043 2705 1308 2765 noviter
1354 2706 1620 2780 prodire
1651 2712 1719 2766 et
1750 2725 2073 2768 summam
2124 2709 2306 2769 illam
2353 2710 2841 2771 luxuriantium

396 2794 805 2872 ingeniorum
835 2794 1178 2855 licentiam
1211 2795 1280 2854 iu
1311 2794 1456 2855 dies
1490 2796 1702 2872 magis
1732 2812 2132 2875 excrescere,
2161 2816 2280 2874 per
2311 2817 2510 2873 quam
2539 2800 2608 2858 in
2641 2801 2842 2860 rebus

392 2884 473 2944 ad
520 2883 993 2944 conscientiam
1045 2883 1540 2958 pertinentibus
1593 2885 1832 2946 modus
1885 2887 2206 2961 opinandi
2253 2888 2527 2962 irrepsit
2580 2889 2842 2949 alienus

391 2973 659 3034 omnino
680 2973 766 3036 ab
798 2972 1190 3049 evangelica
1223 2973 1655 3048 simplicitate
1685 2979 2203 3051 sanctorumque
2231 2977 2504 3037 Patrum
2538 2977 2844 3038 doctrina

391 3067 458 3122 et
503 3079 700 3138 quem
748 3063 803 3122 si
852 3079 972 3137 pro
1005 3066 1186 3122 recta
1216 3062 1448 3137 regula
1478 3063 1706 3124 fideles
1755 3065 1827 3124 iu
1871 3065 2059 3139 praxi
2104 3072 2562 3141 sequerentur,
2605 3067 2844 3142 ingens

393 3152 722 3228 irreptura
775 3152 954 3211 esset
1000 3150 1403 3210 christianae
1451 3152 1632 3212 vitae
1679 3155 2077 3227 corruptela.
2119 3155 2361 3228 Quare,
2403 3172 2489 3213 ne
2536 3155 2674 3212 ullo
2721 3173 2845 3214 un-

392 3258 587 3316 quam
636 3244 932 3316 tempore
980 3239 1159 3299 viam
1206 3240 1463 3316 salutis,
1500 3259 1700 3316 quam
1749 3259 2059 3314 suprema
2097 3243 2348 3300 veritas
2397 3243 2581 3300 Deus
2631 3243 2845 3316 (cuius

394 3331 595 3391 verba
627 3329 699 3389 in
729 3333 1075 3390 aeternum
1106 3331 1522 3402 permanent)
1544 3333 1800 3389 arctam
1831 3345 1976 3390 6886
2007 3329 2335 3404 definivit,
2371 3329 2439 3388 iu
2472 3328 2844 3389 animarum

398 3417 752 3494 perniciem
782 3417 1052 3478 dilatari
1085 3433 1204 3477 seu
1236 3417 1460 3478 verius
1494 3418 1788 3492 perverti
1812 3418 2250 3494 contingeret,
2278 3419 2455 3478 idem
2481 3417 2598 3478 SS.
2627 3419 2709 3478 D.
2738 3419 2799 3479 N
2804 3462 2842 3495 .,

396 3512 469 3568 ut
514 3525 676 3568 oves
711 3507 840 3567 sibi
871 3507 1157 3567 creditas
1187 3506 1275 3565 ab
1304 3506 1629 3567 eiusmodi
1660 3507 1959 3582 spatiosa
1988 3508 2256 3583 lataque
2294 3510 2437 3584 (per
2474 3525 2674 3582 quam
2709 3509 2844 3568 itur

395 3597 476 3662 ad
514 3596 980 3673 perditionem)
1006 3595 1139 3673 via,
1167 3612 1287 3671 pro
1311 3596 1629 3671 pastorali
1667 3596 2139 3675 sollicitudine,
2165 3597 2236 3657 111
2261 3604 2510 3659 rectam
2542 3599 2846 3658 semitam

395 3690 720 3764 evocaret,
758 3686 1119 3746 earundem
1166 3685 1554 3760 opinionum
1599 3702 1879 3746 examen
1927 3691 2036 3745 cte.

483 3778 541 3837 1.
572 3776 791 3836 Homo
817 3775 1001 3836 nullo
1023 3790 1319 3848 unquam
1348 3774 1529 3836 vitae
1562 3791 1723 3835 suae
1746 3778 2044 3849 tempore
2067 3778 2338 3835 tenetur
2361 3777 2599 3836 elicere
2621 3781 2843 3836 actum

397 3864 566 3942 fidei,
604 3864 750 3940 spei
781 3868 852 3925 et
881 3863 1183 3925 caritatis
1220 3880 1302 3923 ex
1340 3864 1411 3925 vi
1460 3867 1962 3939 praeceptorum
2010 3864 2390 3925 divinorum
2437 3866 2524 3925 ad
2561 3882 2673 3926 eas
2713 3867 2850 3926 vir-

395 3957 577 4016 tutes
621 3953 1129 4029 pertinentium.

480 4046 540 4104 2.
580 4043 703 4103 Vir
747 4042 1081 4117 equestris
1128 4042 1213 4102 ad
1250 4041 1548 4102 duellum
1582 4047 1985 4117 provocatus
2019 4046 2244 4118 potest
2275 4043 2445 4103 illud
2478 4048 2846 4122 acceptare,

400 4149 479 4193 116
524 4131 909 4191 timiditatis
956 4135 1181 4190 notam
1226 4132 1406 4206 apud
1454 4131 1621 4192 alios
1668 4131 1988 4192 incurrat.

480 4223 540 4282 3.
576 4220 930 4282 Sententia
973 4235 1297 4298 asserens,
1331 4221 1579 4280 bullam
1629 4222 1892 4282 0061186
1922 4222 2138 4282 80111111
2186 4223 2537 4298 prohibere
2582 4222 2849 4283 absolu-

396 4309 638 4374 tionem
672 4308 970 4370 haeresis
1014 4314 1085 4370 et
1129 4308 1413 4368 aliorum
1460 4311 1833 4389 criminum,
1873 4311 2143 4384 quando
2176 4313 2446 4387 publiea
2477 4320 2640 4374 sunt
2675 4316 2744 4372 et
2780 4312 2849 4371 id

400 4416 523 4460 non
569 4400 893 4475 derogare
939 4398 1248 4459 facultati
1296 4398 1689 4476 Tridentini,
1727 4400 1797 4459 in
1844 4418 1979 4475 qua
2010 4401 2093 4460 de
2123 4403 2404 4462 occultis
2453 4401 2849 4462 criminibus

399 4506 602 4551 sermo
646 4493 776 4566 est,
815 4506 993 4549 anuo
1043 4490 1235 4550 1629.
1272 4492 1375 4549 18.
1412 4488 1570 4548 Iulii
1610 4489 1679 4549 in
1730 4489 2146 4549 Goncistorio
2193 4508 2417 4551 sacrae
2466 4493 2847 4567 Oongrega-

399 4579 590 4642 tionis
636 4577 1315 4641 eminentissimorum
1365 4577 1818 4637 cardinalium
1869 4579 2015 4639 visa
2059 4583 2131 4638 et
2179 4581 2462 4640 tolerata
2509 4584 2630 4639 est.
