3529 5158
1283 345 1631 386 PRAEFATIO
1669 344 1953 386 EDITORIS
2813 343 2848 382 V

395 448 704 510 cessitate
737 446 1010 515 sciendi,
1059 450 1260 506 aucta
1296 446 1489 521 copia
1534 447 2016 525 cognitionum,
2065 464 2237 522 quae
2271 447 2580 508 omnibus
2614 449 2848 523 pervia

391 572 496 627 est
524 570 595 625 et
625 581 888 625 secura:
919 563 1080 622 dum
1111 562 1449 638 prioribus
1480 563 1724 623 seculis
1773 564 2074 639 singulos
2121 564 2498 624 sacerdotes
2547 565 2849 641 oportuit

396 684 565 745 illud
611 700 730 759 per
777 698 847 742 se
890 682 1238 757 exquirere
1283 684 1354 741 et
1399 680 1695 759 definire,
1731 680 1913 756 quod
1960 680 2249 757 singulis
2297 681 2696 742 conduceret
2745 698 2850 742 ca-

395 800 601 875 sibuS,
641 798 779 875 qui,
829 814 959 858 non
1011 812 1204 857 secus
1248 813 1327 857 ac
1372 814 1573 871 nunc,
1629 796 1979 857 variissimi
2032 797 2304 860 fuerint.
2355 798 2526 858 Nam
2572 804 2642 859 et
2687 802 2852 859 tunc

397 915 728 978 confessio
774 914 1010 975 iisdem
1071 913 1343 973 tandem
1399 914 1683 991 legibus,
1734 914 1983 989 quibus
2052 933 2253 994 nunc,
2323 915 2708 991 regebatur,
2776 920 2855 975 ut

398 1034 816 1107 peccatorum
886 1047 942 1091 e.
993 1048 1091 1106 gr.
1141 1047 1458 1091 numerus
1519 1037 1587 1091 et
1657 1032 1913 1107 species
1984 1033 2464 1112 declararetur3
2516 1033 2852 1109 positivae

396 1154 658 1209 tantum
707 1148 910 1225 leges,
960 1146 1207 1222 quibus
1254 1147 1483 1208 fideles
1530 1151 1942 1227 tenerentur,
1993 1148 2245 1210 minore
2295 1148 2467 1210 forte
2528 1155 2722 1211 erant
2782 1151 2853 1210 in

399 1280 692 1325 numero·
761 1262 955 1335 Quod
1015 1266 1242 1324 autem
1299 1264 1551 1340 singuli
1622 1265 2089 1325 Poenitentiae
2158 1265 2451 1326 ministri
2514 1267 2672 1327 olim
2736 1283 2857 1343 per

399 1396 469 1439 se
515 1382 855 1455 praestare
900 1378 1253 1455 debebant,
1294 1378 1380 1438 ad
1412 1366 1591 1453 quod
1626 1396 1749 1439 nec
1787 1396 2047 1454 semper
2084 1379 2366 1440 fortasse
2415 1398 2608 1456 pares
2640 1385 2856 1459 erant,

397 1498 521 1558 etsi
564 1496 946 1574 ignorantia
992 1512 1103 1556 eos
1151 1500 1521 1574 excusaret,
1573 1495 1643 1555 id
1705 1496 1872 1571 ipsis
1920 1496 2235 1572 deinceps
2284 1496 2519 1557 tutiori
2569 1497 2855 1572 quadam

398 1618 469 1676 et
515 1614 798 1675 faciliori
846 1613 1159 1674 methodo
1189 1612 1708 1689 suppeditarunt
1738 1617 1844 1673 tot
1883 1612 2212 1687 Summae,
2251 1613 2616 1690 Manualia,
2669 1615 2860 1674 Com-

399 1733 663 1810 pendia‚
702 1732 973 1807 Cursus,
1008 1731 1371 1789 Tractatus·
1395 1729 1701 1789 Morales.
1743 1728 1875 1800 Qui
1915 1744 2073 1803 ergo
2123 1728 2264 1786 fieri
2313 1732 2559 1806 potest,
2595 1734 2671 1788 ut
2719 1733 2854 1788 tam

400 1852 639 1925 sponte
677 1850 875 1908 aucta
920 1846 1379 1923 cognitionum
1419 1844 1613 1920 copia
1643 1844 1826 1904 illico
1872 1844 2263 1905 aboleatur?
2306 1846 2474 1919 Quis
2519 1846 2652 1906 nisi
2697 1846 2861 1907 insi-

402 1967 591 2043 piens
636 1965 882 2026 audeat
927 1966 1053 2025 hoc
1088 1963 1505 2023 desiderare?
1539 1962 1693 2038 quis
1738 1964 1843 2046 tot
1890 1962 2147 2037 lapides
2184 1967 2636 2023 monstrantes
2668 1963 2847 2024 viam

403 2082 879 2158 impedimenta
909 2079 1171 2140 itineris
1204 2078 1609 2154 appellabit?
1644 2079 1706 2139 N
1707 2095 1795 2139 011
1834 2082 2075 2140 auctus
2110 2083 2215 2140 est
2240 2082 2526 2158 singulis
2559 2081 2861 2143 discendi

403 2200 609 2276 labor,
657 2214 825 2274 quos
870 2214 1061 2257 secus
1109 2197 1516 2271 oportuisset
1562 2195 1691 2256 sibi
1724 2196 1999 2255 seorsim
2045 2214 2166 2272 pro
2198 2198 2292 2257 rei
2343 2197 2674 2275 dignitate
2713 2214 2863 2273 pro-

402 2315 690 2390 spicere:
764 2313 881 2374 sed
949 2316 1149 2374 aucta
1213 2315 1321 2373 est
1376 2328 1598 2372 rerum
1673 2312 2138 2373 discendarum
2207 2315 2480 2375 ubertas
2549 2318 2619 2374 et
2674 2313 2866 2390 copia

403 2432 678 2493 sciendi.
728 2430 1039 2491 Profecto
1085 2430 1265 2489 haud
1311 2432 1487 2504 opus'
1530 2430 1662 2489 fuit
1708 2433 1844 2490 tam
1886 2429 2143 2506 ingenti
2186 2431 2632 2506 suppellectili
2667 2432 2868 2490 libro-

405 2568 583 2612 rum:
632 2553 704 2610 at
749 2548 903 2625 quis
949 2548 1094 2608 iure
1140 2546 1410 2607 modum
1456 2546 1527 2606 in
1575 2547 1701 2607 hac
1747 2562 1818 2606 re
1851 2552 2078 2625 ponat,
2113 2562 2260 2606 cum
2294 2545 2643 2608 videamus
2689 2551 2759 2608 et
2795 2545 2867 2606 in

407 2667 649 2728 ceteris
695 2665 1123 2727 scientiarum
1170 2663 1525 2740 palaestris
1571 2663 1747 2724 idem
1781 2664 2180 2725 usuvenire?
2216 2665 2355 2724 Nec
2386 2664 2737 2724 luxurians
2770 2663 2869 2722 in-

409 2786 823 2845 crementum
869 2782 1015 2842 sine
1052 2780 1281 2841 fructu
1326 2784 1455 2858 est3
1508 2798 1683 2855 nam,
1734 2781 1792 2840 si
1841 2796 2091 2856 paucos
2162 2779 2337 2841 forte
2383 2779 2697 2857 excipias,
2748 2780 2868 2855 qui

408 2900 629 2961 invita
678 2898 983 2959 Minerva
1029 2897 1459 2973 scripserunt,
1511 2898 1740 2958 nullus
1788 2900 1892 2958 est
1948 2897 2125 2958 inter
2169 2896 2482 2973 reliquos,
2556 2897 2673 2973 qui
2735 2913 2868 2956 nou

408 3015 669 3091 aliquid
738 3014 1039 3075 conferat
1097 3015 1169 3074 in
1238 3030 1583 3075 commune
1644 3014 2081 3092 commodum,
2149 3016 2406 3092 saltem,
2457 3030 2732 3074 monens
2799 3017 2868 3072 et

410 3148 661 3194 acuens
708 3133 987 3191 aliorum
1033 3132 1328 3210 ingenia,
1381 3135 1455 3192 nt
1501 3132 1939 3208 speculentur
1999 3122 2378 3191 accuratius
2439 3131 2508 3188 et
2555 3127 2872 3188 solidiora

409 3252 814 3324 argumenta
850 3248 1266 3322 conquirant.

508 3363 687 3424 Illud
716 3367 896 3423 certe
943 3363 1121 3423 inter
1166 3379 1394 3423 omnes
1443 3363 1781 3439 convenit,
1830 3359 2014 3420 hand
2046 3360 2180 3420 levi
2220 3357 2612 3418 difficultate
2660 3355 2872 3432 premi

411 3479 536 3555 qui
584 3478 1012 3556 'theologiam
1060 3480 1378 3540 Moralem
1425 3479 1551 3538 hoc
1597 3478 1868 3538 nomine
1915 3476 2186 3553 dignam
2221 3476 2638 3536 conscribere
2685 3474 2873 3535 velit.

417 3596 717 3657 Scientia
762 3600 866 3657 est
911 3596 1285 3672 multiplex,
1327 3612 1412 3655 ex
1459 3594 1767 3670 pluribus
1814 3599 1884 3654 et
1929 3593 2213 3654 diversis
2260 3591 2565 3653 fontibus
2618 3594 2874 3670 hausta,

417 3713 832 3774 revelat-ione
877 3713 1165 3788 primum
1212 3712 1462 3789 divina,
1513 3728 1686 3786 quae
1732 3728 1946 3786 pauca
1984 3714 2209 3771 tamen
2255 3709 2669 3785 suppeditat,
2720 3707 2876 3768 dein

417 3831 566 3891 inre
597 3835 666 3891 et
694 3831 841 3907 lege
880 3833 1179 3908 naturae,
1215 3847 1388 3906 quae
1418 3829 1744 3890 latissime
1777 3845 1846 3888 se
1879 3828 2256 3904 porrigunt,
2288 3826 2660 3888 canonibus
2691 3841 2878 3900 prae-

417 3950 607 4006 terea
640 3946 975 4007 Ecclesiae
1009 3963 1088 4005 ac
1118 3945 1483 4006 identidem
1533 3945 1799 4021 legibus
1847 3961 2114 4019 quoque
2148 3943 2484 4017 civilibuS,
2520 3947 2663 4001 tum
2698 3957 2872 4000 com-

420 4062 609 4121 muni
656 4062 1012 4138 proborum
1047 4077 1279 4138 sensu;
1312 4065 1393 4121 ut
1426 4060 1673 4120 idcirco
1722 4077 1858 4120 una
1897 4059 2177 4120 scientia
2209 4059 2300 4118 sit
2331 4076 2465 4118 non
2492 4057 2876 4132 intrinsece,

417 4177 540 4237 sed
588 4177 851 4239 unitate
895 4177 1068 4256 finis,
1118 4178 1234 4253 qui
1291 4181 1394 4238 est
1442 4176 1783 4237 institutio
1830 4175 2066 4251 optimi
2116 4174 2357 4235 iudicis
2401 4167 2483 4257 {in
2531 4174 2879 4235 Tribunali

419 4296 889 4357 Poenitentiae
934 4313 1011 4356 ac
1057 4295 1364 4371 magistri
1410 4296 1783 4377 animorum
1835 4293 1902 4352 in
1953 4293 2066 4353 via
2112 4293 2371 4354 salutis.
2408 4291 2589 4352 Illud
2623 4297 2762 4352 tam
2779 4309 2883 4368 en,

415 4410 598 4488 quod
630 4411 977 4487 speciatim
1009 4411 1096 4472 ad
1129 4412 1309 4471 hunc
1338 4411 1623 4470 alterum
1671 4409 1892 4484 finem,
1945 4409 2402 4486 magisterium
2447 4422 2686 4483 nempe
2733 4424 2885 4482 per-

412 4526 749 4606 fectionis,
801 4529 1080 4606 spectat,
1116 4527 1306 4605 solet,
1359 4543 1531 4602 quae
1579 4542 1763 4585 nunc
1811 4524 2124 4602 traditur,
2173 4524 2540 4600 Theologia
2609 4523 2885 4583 Mor-alis

322 2380 387 2436 Ο
