3529 5158
749 344 862 398 686
1568 355 1883 397 APPmmlx
1920 354 1961 394 1.
1999 353 2398 396 mssmn‘rarro

845 456 948 519 84.
988 453 1107 518 Sed
1146 454 1463 536 quidpiam
1496 453 1802 538 gravioris
1835 453 2035 518 adhuc
2071 452 2371 517 momenti
2417 453 2578 516 circa
2623 451 2783 517 hanc
2823 453 3221 517 Dissertatio-

748 577 890 622 nem
938 558 1448 623 considerandum
1495 558 1782 623 occurrit.
1815 557 1984 622 Inter
2029 576 2153 635 eoa
2188 558 2296 640 qui
2328 556 2552 621 eximia
2584 575 2632 620 s.
2657 556 2966 640 Alphonsi
2995 557 3218 620 merita

766 679 840 725 eo
880 660 1280 743 potissimum
1328 661 1661 738 adducunt,
1696 663 1771 725 ut
1801 661 1947 724 novi
1977 660 2337 745 systematis
2368 659 2623 724 moralis
2652 678 2874 742 parens
2912 661 2976 723 et
3007 660 3223 724 auctor

762 763 881 828 dici
913 763 1151 835 debeat,
1193 766 1341 828 sunt
1371 764 1479 845 qui
1526 763 2132 846 aequiprobabilismi
2180 763 2456 846 systema
2502 761 2959 844 quodammodo
3004 762 3073 825 in
3109 763 3225 826 hac

765 865 1217 930 Dissertatione
1272 865 1633 932 inchoatum
1681 885 1717 928 a
1764 884 1814 929 s.
1850 865 2115 930 Doctore
2160 864 2500 948 perhibent.
2534 864 2618 930 Et
2678 884 2743 928 re
2779 864 3027 947 quidem
3071 883 3220 928 vera

762 968 947 1032 nimis
982 988 1162 1052 aegre
1194 968 1554 1052 systematis
1585 967 1773 1033 huius
1810 967 2146 1051 vestigium
2176 967 2430 1048 aliquod
2468 968 2530 1032 in
2563 967 2978 1032 anterioribus
3010 986 3058 1031 s.
3093 967 3222 1032 Do-

766 1069 957 1134 ctoris
995 1070 1242 1152 scriptis
1290 1070 1686 1135 invenissent.
1712 1069 1878 1133 Nam
1910 1073 2022 1135 aut
2052 1070 2411 1153 inspicimus
2445 1070 2962 1135 Dissertationem
3007 1072 3224 1135 contra

775 1173 1151 1243 tutioristas,
1194 1191 1353 1254 quae
1399 1173 1463 1236 in
1511 1172 1888 1256 Theologiae
1916 1171 2169 1237 moralis
2201 1171 2577 1237 editionibus
2613 1174 2697 1237 Π.
2732 1173 2850 1238 III.
2877 1172 2988 1236 IV.
3028 1172 3106 1236 V.
3138 1173 3225 1236 le-

770 1275 945 1359 gitur
982 1276 1043 1338 et
1076 1292 1218 1338 cum
1250 1274 1313 1338 in
1346 1293 1418 1338 ea
1441 1274 1805 1339 defendatur
1825 1274 2036 1339 licitus
2061 1292 2209 1339 usus
2235 1275 2540 1358 opinionis
2570 1276 2777 1339 minus
2793 1276 2972 1340 tutae
3003 1273 3222 1338 saltem

766 1377 827 1440 si
870 1376 1145 1455 firmiori
1185 1373 1595 1454 fundamento
1626 1377 1873 1439 nitatur
1902 1396 2047 1460 prae
2081 1377 2386 1460 opposita,
2436 1377 2629 1442 istum
2672 1376 3224 1458 aequiprobabilis-

770 1501 942 1543 mam
971 1480 1033 1545 in
1067 1500 1139 1544 ea
1168 1499 1292 1545 non
1329 1480 1712 1546 invenimus:
1748 1484 1861 1545 aut
1895 1481 2256 1564 inspicimus
2288 1481 2445 1546 duas
2470 1482 2975 1559 DissertationeS‚
3001 1481 3222 1563 quibus

769 1603 910 1647 ann.
943 1583 1134 1647 1749.
1171 1586 1233 1647 et
1270 1583 1460 1647 1755.
1488 1602 1536 1648 s.
1572 1584 1808 1648 Doctor
1838 1583 2054 1648 contra
2083 1583 2617 1666 probabilioristas
2656 1582 2947 1660 defendit,
2980 1583 3220 1647 licitum

764 1703 897 1750 esse
944 1703 1130 1750 usum
1164 1686 1470 1768 opinionis
1502 1685 1696 1751 solide
1734 1684 2071 1768 probabilis
2109 1686 2295 1749 etiam
2327 1687 2398 1748 in
2436 1705 2740 1749 concursu
2770 1684 3226 1766 probabilioris

766 1790 833 1852 et
862 1788 997 1852 heic
1034 1789 1267 1871 pariter
1299 1788 1995 1871 aequiprobabilismum
2019 1807 2141 1853 non
2188 1790 2545 1871 reperimus.
2578 1788 2840 1854 Necesse
2888 1807 3037 1873 ergo
3083 1787 3220 1864 fuit,

763 1891 929 1955 uthi
954 1891 1321 1956 recentiores
1356 1890 1656 1975 originem
1706 1890 2316 1972 aequiprobabilismi
2361 1891 2655 1956 ducerent
2700 1892 2779 1955 ab
2828 1910 2969 1955 ann.
3009 1891 3219 1967 1762„

764 2012 890 2075 quo
924 1992 1195 2075 primum
1227 1995 1443 2057 contra
1475 1992 1737 2057 alteram
1768 1993 2412 2076 probabilioristarum
2444 1995 2710 2079 rigidam
2741 1995 3114 2059 sententiam
3159 1993 3222 2057 in

766 2096 890 2160 ista
927 2095 1378 2160 Disserta-tione
1409 2095 1612 2178 coepit
1648 2115 1719 2159 ex
1751 2095 2024 2179 professo
2073 2096 2389 2161 defendere
2419 2097 2663 2161 licitum
2710 2115 2841 2161 esse
2873 2115 3059 2161 usum
3094 2095 3224 2178 opi-

766 2196 968 2261 nionis
1001 2197 1207 2261 minus
1237 2197 1435 2271 tutae,
1469 2197 1713 2279 quoties
1745 2199 1829 2262 sit
1854 2217 2045 2280 aeque
2079 2200 2190 2264 aut
2220 2199 2400 2281 quasi
2425 2217 2616 2280 aeque
2647 2197 3002 2281 probabilis,
3039 2216 3112 2261 ac
3143 2197 3227 2260 sit

764 2287 1049 2369 opposita
1085 2304 1196 2369 pro
1227 2286 1381 2371 lege.

858 2389 961 2451 85.
998 2388 1085 2452 At
1115 2389 1276 2453 enim
1302 2388 1469 2453 haud
1499 2389 1718 2454 leviter
1754 2389 1971 2455 mirari
1993 2392 2181 2469 subit,
2222 2390 2532 2474 quomodo
2564 2391 2929 2456 recentiores
2955 2389 3069 2454 isti
3098 2408 3224 2454 non

766 2490 1162 2567 adverterint,
1189 2491 1505 2577 integrum
1528 2492 1952 2574 probabilismi
1986 2495 2258 2577 systema
2288 2494 2354 2557 in
2382 2493 2499 2557 hac
2521 2512 2766 2574 quoque
2789 2492 3226 2557 dissertatione

765 2595 948 2672 cerni,
977 2594 1314 2677 utcumque
1350 2595 1414 2660 in
1462 2597 1577 2661 hac
1614 2615 1661 2660 s.
1697 2597 1949 2672 Doctor,
1983 2598 2058 2661 ut
2101 2616 2290 2680 supra
2321 2596 2607 2672 diximus,
2656 2615 2849 2660 unam
2895 2595 3227 2660 dumtaxat

763 2697 959 2779 ipsius
991 2698 1348 2781 systematis
1379 2699 1623 2781 partem
1652 2718 1722 2763 ex
1754 2699 2026 2782 professo
2061 2698 2355 2764 tuendam
2386 2702 2615 2764 sumat.

855 2799 935 2863 Et
986 2818 1131 2864 sane
1182 2800 1381 2883 prima
1428 2802 1710 2882 quaestio
1761 2820 1797 2866 a
1835 2820 1882 2866 s.
1920 2801 2185 2866 Doctore
2232 2803 2320 2866 sic
2366 2803 2759 2887 proponitur:
2815 2827 2851 2860 ‹<
2881 2802 2976 2867 La
3005 2803 3224 2886 prima,

764 2921 831 2967 se
878 2902 970 2966 sia
1013 2900 1198 2966 lecito
1247 2901 1558 2986 seguitare
1589 2902 1924 2982 l’opinione
1956 2924 2130 2968 meiw
2150 2904 2478 2985 probabile
2510 2931 2570 2968 ».
2604 2904 3014 2970 Manifestum
3045 2923 3225 2989 porro

769 3005 884 3081 est,
912 3004 1357 3086 quaestionem,
1392 3005 1482 3070 sic
1505 3006 1908 3089 propositam,
1936 3027 2046 3090 pro
2079 3027 2194 3072 sua
2224 3009 2631 3092 generalitate
2661 3008 2872 3091 plures
2918 3009 3231 3074 continere

769 3107 1181 3189 quaestioneS.
1224 3105 1381 3171 Cum
1420 3108 1580 3172 enim
1617 3108 1823 3191 opinio
1857 3113 1920 3173 et
1952 3129 2080 3174 esse
2120 3113 2181 3174 et
2229 3111 2351 3176 dici
2380 3111 2579 3194 possit
2615 3112 2827 3174 minus
2850 3108 3227 3191 probabilis,

768 3212 907 3274 tum
957 3210 1012 3274 si
1057 3209 1421 3292 simpliciter
1452 3210 1848 3294 probabilior,
1883 3213 2019 3276 tum
2067 3214 2120 3277 si
2176 3213 2693 3296 probabilissima,
2750 3216 2890 3278 tum
2937 3214 3132 3278 etiam
3178 3212 3231 3276 si

772 3314 934 3376 certe
966 3316 1027 3375 et
1046 3310 1412 3376 notabiliter
1436 3312 1833 3393 probabilior
1863 3315 2068 3397 (quae,
2103 3317 2178 3378 ut
2208 3335 2396 3399 supra
2429 3316 2715 3393 vidimus,
2756 3317 3070 3401 gravioris
3093 3334 3235 3399 pon-

774 3415 937 3479 deris
968 3417 1270 3492 censetur,
1306 3433 1496 3496 quam
1533 3416 2060 3502 probabilissima)
2092 3419 2178 3482 sit
2216 3419 2500 3502 opposita
2530 3438 2641 3501 pro
2673 3419 2831 3505 lege,
2863 3419 2998 3484 iam
3020 3436 3230 3483 omnae

777 3519 958 3581 hasce
1000 3517 1390 3599 quaestiones
1429 3518 1862 3601 complectitur
1893 3521 2197 3606 generalis
2243 3521 2353 3585 illa
2390 3521 2693 3604 quaestio,
2727 3540 2887 3603 quae
2931 3522 2998 3585 in
3047 3540 3098 3585 s.
3132 3520 3232 3585 Al-

779 3618 1001 3701 phonsi
1032 3620 1232 3684 verbis
1264 3621 1647 3704 proponitur.

862 3722 949 3787 At
975 3741 1120 3787 vero
1158 3724 1433 3805 nunquid
1453 3743 1501 3789 s.
1531 3724 1766 3790 Doctor
1787 3727 2207 3810 respondendo
2233 3729 2423 3813 negat
2443 3727 2809 3813 generatim,
2833 3726 3087 3792 licitum
3109 3745 3234 3792 esse

777 3845 961 3890 usum
995 3827 1300 3908 opinionis
1333 3828 1542 3891 minus
1574 3827 1931 3909 probabilis
1967 3830 2032 3894 in
2078 3830 2357 3913 qualibet
2408 3831 2602 3896 trium
2647 3831 2900 3895 illarum
2937 3830 3235 3916 hypothe-

772 3932 966 3993 seon?
998 3927 1255 3993 Minime
1288 3949 1466 4006 sane:
1503 3933 1577 3995 ut
1608 3932 1770 3996 enim
1803 3932 2090 4011 vidimus,
2124 3933 2479 4017 respondet:
2519 3960 2554 3992 «ε
2592 3934 2896 4012 Diciamo,
2953 3934 3066 3998 che
3114 3952 3229 3997 non

773 4035 804 4094 e
851 4031 1036 4096 lecito
1087 4031 1147 4095 di
1196 4033 1508 4116 seguitare
1538 4034 1873 4117 l’opinione
1904 4055 2083 4100 meno
2117 4037 2452 4120 probabile,
2479 4036 2724 4118 quando
2756 4035 3093 4120 l’opinione
3122 4035 3230 4098 che

770 4137 874 4199 sta
922 4153 1028 4217 per
1059 4134 1121 4199 13
1168 4134 1368 4220 legge,
1408 4140 1440 4199 e
1485 4135 1927 4201 notabilmente
1974 4158 2005 4202 e
2052 4143 2421 4203 certamente
2445 4139 2569 4219 piu
2600 4138 2970 4218 probabile,·
3015 4137 3235 4221 perche

775 4236 973 4301 allora
1019 4236 1353 4320 l’opinione
1398 4256 1577 4303 meno
1625 4239 1831 4305 tuta...
1886 4241 2129 4304 rimane
2177 4244 2562 4305 tenaamente
2607 4262 2642 4304 o
2686 4239 2933 4305 almeno
2978 4239 3232 4305 dubbin—

774 4343 974 4403 mente
1010 4338 1340 4420 probabile
1372 4360 1408 4406 a
1440 4340 1762 4408 confronto
1811 4341 2243 4426 dell’opinione
2289 4344 2396 4427 piu
2441 4346 2585 4409 tuta
2615 4368 2678 4409 ».
2710 4343 2879 4429 Ergo
2911 4363 2961 4410 s.
3003 4344 3235 4409 Doctor

788 4441 1031 4505 nullum
1077 4442 1209 4506 heic
1257 4442 1516 4508 damnat
1560 4463 1744 4508 usum
1794 4446 2097 4528 opinionis
2150 4447 2355 4510 minus
2416 4446 2774 4529 probabilia,
2822 4447 2942 4512 nisi
2990 4445 3232 4530 quando

782 4542 991 4626 opinio
1041 4561 1150 4626 pro
1199 4545 1334 4628 lege
1366 4550 1463 4609 est
1503 4549 1663 4610 certe
1709 4550 1772 4610 et
1797 4546 2161 4612 notabiliter
2187 4547 2614 4629 probabilior,·
2661 4548 2736 4615 de
2782 4568 2909 4632 qua
2955 4549 3241 4634 egregius
