3529 5158
336 383 487 460 [184]
633 400 717 441 Au
757 399 979 440 monn·
1015 400 1197 450 emm
1233 400 1393 442 orm.
1433 401 1828 445 Pnouammu
1863 408 2003 448 nm..
2043 409 2499 452 Pnommmouu
2694 399 2797 456 181

429 497 728 578 Denique,
766 498 841 560 ut
873 498 1029 562 alios
1063 497 1448 577 omittamus,
1484 498 1707 583 Sporer
1736 503 1919 567 tract.
1951 506 2008 568 1.
2035 507 2392 588 prooemial.
2427 528 2485 572 n.
2513 510 2619 575 43.
2646 511 2802 577 eius·

339 602 475 665 dem
507 600 702 683 thesis
740 600 827 664 sic
863 600 1169 665 rationem
1193 600 1419 665 reddit:
1448 600 1722 681 Quilibet
1751 606 2083 687 prudenter
2112 610 2319 692 potest
2364 612 2537 693 sequi
2569 613 2800 695 opinio-

335 723 471 767 nem
501 721 644 767 vere
669 703 1113 786 probabilem...
1153 702 1411 785 Atqui...

422 801 579 875 183.
615 802 776 867 Cum
808 804 1107 869 Doctores
1138 823 1322 887 porro
1347 808 1847 874 communissime
1876 812 1976 875 usi
2006 814 2155 877 sunt
2184 813 2368 879 effato
2398 815 2510 880 illo
2548 815 2626 879 ad
2664 835 2817 901 pro-.

339 909 655 972 bationem
672 908 859 971 huius
876 908 1210 985 doctrinae,
1237 908 1546 989 quomodo
1576 909 1814 975 factum
1837 912 2130 989 dicemus,
2155 917 2231 979 ut
2253 936 2302 981 s.
2328 917 2512 1000 Alph.
2532 917 2826 1001 System.'

340 1009 559 1073 moral.
587 1030 647 1073 n.
684 1010 789 1073 58.
809 1010 1156 1093 scripserit:
1197 1034 1232 1067 «
1269 1010 1528 1075 Falsum
1563 1015 1784 1097 reputo
1809 1015 2065 1079 effatum
2094 1017 2252 1082 illud
2282 1038 2607 1086 commune
2636 1022 2797 1088 inter

332 1112 788 1195 probabilistaS‚
829 1112 1121 1176 nimirum
1153 1137 1188 1169 »
1234 1112 1360 1192 Qui
1374 1113 1794 1193 probabiliter
1821 1118 1976 1199 ayit,
2002 1119 2354 1198 prudenter
2389 1123 2579 1204 ayit?
2620 1124 2791 1191 Adeo

331 1218 402 1278 ut
424 1215 574 1279 ibid.
615 1235 675 1278 n.
713 1216 816 1279 80.
853 1214 1074 1279 addat:
1116 1239 1150 1273 «
1187 1214 1316 1279 Nec
1351 1215 1522 1279 valet
1550 1216 1766 1297 dicere,
1802 1218 2025 1284 horum
2055 1220 2252 1306 (DD.)
2284 1224 2787 1292 auctoritatem...

334 1317 507 1400 parvi
555 1316 1025 1395 aestimandam,
1066 1317 1252 1381 etiam
1303 1337 1339 1381 a
1383 1337 1502 1395 me,
1535 1318 1684 1384 dum
1730 1321 1850 1403 ipsi
1896 1322 2203 1388 habentur
2240 1343 2277 1389 a
2320 1345 2420 1390 me
2467 1328 2788 1410 tamquam

334 1420 594 1503 decepti,
627 1439 835 1484 cum...
878 1420 1071 1484 innixi
1103 1420 1229 1485 sint
1258 1420 1556 1504 principio
1588 1421 1717 1500 illo,
1753 1423 1918 1505 quod
1959 1445 2071 1509 ego
2104 1428 2460 1510 reprobavi:
2504 1430 2628 1510 Qui
2641 1451 2791 1511 pro-

338 1521 632 1585 babiliter
661 1523 801 1604 affl‘t
829 1523 943 1587 etc.
979 1523 1114 1586 Iam
1161 1522 1286 1586 dixi
1332 1523 1447 1586 sub
1493 1524 1762 1599 initio...,
1798 1527 1962 1607 quod
2000 1530 2126 1593 tale
2171 1530 2543 1614 principium
2585 1534 2790 1598 solum

333 1626 393 1687 et
423 1644 531 1707 per
563 1643 628 1689 se
667 1624 897 1689 directe
928 1626 1248 1707 sumptum
1280 1644 1403 1688 non
1450 1626 1546 1689 est
1590 1625 1901 1691 sufficiens
1934 1627 2007 1691 ad
2042 1630 2568 1696 cohonestandum
2605 1655 2791 1700 usum

336 1728 640 1810 opinionis
669 1747 861 1809 aeque
885 1727 1222 1811 probabilis
1239 1753 1300 1790 ».
1327 1726 1455 1790 Nec
1480 1727 1660 1790 aliter
1684 1728 1747 1791 in
1773 1728 2221 1796 Dissertatione
2243 1733 2511 1816 praefixa
2534 1735 2789 1802 editioni

330 1850 423 1894 an.
466 1832 661 1895 1755.
698 1851 757 1894 n.
798 1832 899 1893 14.
938 1831 1108 1915 (pag.
1151 1831 1256 1893 90.
1297 1829 1632 1893 voluminis
1663 1831 1734 1892 4²⁹
1760 1829 2323 1919 dissertationum):
2378 1861 2415 1894 ‹
2451 1836 2787 1919 Nunquam

327 1933 708 2016 acquiescere
733 1932 910 2016 potui
948 1932 1335 2016 argumento.
1378 1931 1503 2011 Qui
1517 1930 1874 2010 probaliter
1901 1935 2054 2015 wit,
2073 1935 2426 2015 prudenter
2459 1939 2612 2019 ayit.
2644 1938 2784 2005 Non

328 2037 491 2099 enim
523 2035 790 2112 videtur,
833 2034 1114 2098 absolute
1137 2032 1464 2113 loquendo,
1497 2032 1831 2115 prudenter
1860 2053 2060 2119 agere,
2094 2038 2203 2119 qui
2240 2038 2518 2105 iudicans
2564 2041 2787 2106 verita-

329 2140 452 2203 tem
484 2139 651 2202 stare
683 2137 884 2222 magis
916 2154 1028 2219 pro
1065 2135 1370 2199 sententia
1417 2136 1658 2209 tutiori,
1700 2136 1853 2200 velit
1883 2139 2233 2221 oppositam
2266 2142 2473 2206 minus
2504 2143 2786 2226 probabi-

330 2241 448 2305 lem
497 2240 788 2324 amplecti
844 2266 904 2303 ».
954 2238 1071 2303 Sed
1118 2257 1297 2302 suam
1343 2238 1715 2301 sententiam
1761 2239 1915 2303 satis
1963 2243 2162 2323 aperit
2205 2242 2268 2307 in
2307 2244 2404 2322 iis,
2468 2263 2627 2326 quae
2672 2246 2784 2310 im-

334 2342 597 2407 mediate
644 2342 897 2407 subiicit
941 2341 1143 2406 verbis
1175 2341 1385 2404 citatis
1409 2359 1481 2403 ex
1512 2361 1572 2403 n.
1615 2342 1719 2404 80.
1753 2340 1914 2405 Mor.
1955 2341 2118 2427 Syst.
2152 2344 2386 2428 Nempe
2416 2365 2539 2410 non
2561 2347 2787 2430 probat

332 2467 376 2510 s,
411 2448 649 2510 Doctor
679 2446 797 2510 hoc
834 2443 1224 2527 principium,
1258 2443 1330 2517 si,
1373 2442 1633 2507 exclusis
1680 2443 1997 2526 principiis
2042 2445 2297 2524 reflexis,
2330 2447 2536 2530 ipsum
2580 2449 2783 2513 solum

329 2549 413 2613 sit
456 2549 676 2634 regula
724 2547 1021 2612 directiva
1053 2544 1341 2610 actionis:
1379 2544 1447 2609 at
1492 2544 1735 2627 probat,
1769 2544 1825 2609 si
1858 2546 2065 2629 ipsum
2110 2566 2252 2612 cum
2298 2548 2424 2613 illis
2468 2549 2783 2634 principiis

331 2651 569 2716 reflexis
595 2652 1024 2734 componatur.
1058 2649 1253 2714 Porro
1286 2646 1557 2711 ostendit
1579 2647 2017 2731 probabilistas
2048 2651 2459 2717 communiter
2486 2652 2785 2736 principia

326 2754 547 2818 reflexa
596 2772 721 2817 una
769 2772 911 2817 cum
957 2771 1028 2817 eo
1074 2750 1374 2834 principio
1423 2749 1796 2824 adhibuisse,
1828 2751 1928 2816 vel
1963 2754 2126 2817 certe
2156 2755 2571 2838 supposuisse.

413 2857 682 2922 Proinde
714 2855 870 2920 illud
901 2855 1154 2919 effatum
1193 2852 1406 2917 eodem
1436 2852 1571 2917 loco
1590 2852 1939 2918 habendum
1957 2857 2069 2932 est,
2104 2875 2176 2920 ac
2204 2857 2376 2921 istud
2408 2857 2605 2923 aliud:
2638 2859 2786 2926 Pro-

326 2958 622 3023 babilitas
662 2957 913 3034 sufficit,
946 2958 1024 3020 ut
1068 2956 1300 3039 possim
1336 2955 1503 3019 certo
1551 2955 1901 3020 existimare
1936 2975 2035 3020 me
2082 2958 2335 3024 honeste
2367 2978 2568 3044 agere.
2605 2960 2782 3026 Unde

318 3063 473 3126 satis
492 3062 782 3126 accurate
798 3060 1121 3135 rationem,
1148 3077 1258 3121 cur
1281 3076 1497 3122 verum
1521 3059 1634 3120 aut
1657 3057 1885 3121 falsum
1906 3058 2065 3121 illud
2088 3060 2344 3123 effatum
2368 3060 2562 3124 videri
2583 3063 2783 3143 possit

313 3166 584 3250 explicat
615 3164 861 3229 Scavini
894 3164 971 3228 tr.
1009 3164 1066 3226 1.
1102 3181 1152 3226 c.
1189 3163 1248 3225 2.
1284 3182 1343 3244 p.
1375 3162 1476 3225 76.
1511 3180 1570 3224 n.
1607 3161 1667 3223 3.
1702 3160 1795 3223 ed.
1837 3162 1932 3224 8.:
1975 3185 2010 3218 «
2048 3161 2218 3225 Haec
2247 3163 2434 3225 verba
2480 3164 2591 3242 qui
2625 3182 2779 3241 pro-

317 3268 617 3333 babiliter
652 3268 792 3349 ayit
825 3267 963 3344 etc.‚
999 3268 1063 3328 et
1093 3283 1236 3329 vera
1270 3264 1333 3327 et
1376 3263 1536 3326 falsa
1583 3263 1747 3338 sunt,
1783 3262 1833 3324 si
1866 3261 1958 3324 ita
2002 3262 2176 3344 loqui
2206 3262 2300 3326 fas
2338 3263 2451 3327 est.
2484 3263 2688 3341 Falsa,
2722 3265 2778 3328 si

313 3372 442 3436 illis
474 3372 726 3435 tantum
773 3369 1121 3439 insistatur,
1154 3367 1229 3429 ut
1274 3383 1491 3446 nempe
1525 3363 1662 3427 ideo
1710 3362 2075 3446 simpliciter
2112 3363 2274 3428 actio
2307 3366 2594 3447 ponatur,
2627 3365 2775 3447 quia

308 3477 405 3540 est
451 3472 826 3558 probabilis:
859 3491 1002 3536 nam
1052 3471 1128 3534 ad
1177 3468 1484 3554 agendum
1529 3467 1867 3548 requiritur
1896 3467 2151 3532 moralis
2182 3468 2487 3534 certitudo
2535 3469 2628 3552 (et
2656 3470 2774 3535 hoc

303 3597 489 3642 sensu
524 3577 677 3640 dicit
707 3594 756 3640 s.
797 3575 1184 3658 Alphonsum
1215 3589 1472 3656 negasse
1508 3587 1573 3634 se
1603 3588 1733 3634 esse
1764 3570 2328 3656 probabilistam)...
2370 3571 2552 3650 Vera,
2593 3573 2645 3637 si
2678 3592 2772 3638 ac-

307 3681 622 3764 cipiantur
670 3698 740 3743 eo
789 3696 990 3753 sensu,
1024 3677 1331 3759 quatenus
1378 3674 1785 3757 probabilitas
1820 3672 1885 3737 in
1923 3692 2109 3769 causa
2141 3677 2255 3749 est,
2294 3676 2371 3739 ut
2415 3695 2521 3758 per
2544 3675 2774 3741 discur-

301 3803 445 3848 sum
480 3782 559 3847 ad
592 3779 844 3863 aliquod
875 3779 1244 3862 principium
1276 3778 1670 3841 deveniamus
1707 3777 1957 3841 firmum
1996 3797 2066 3842 ac
2103 3780 2341 3842 certum
2378 3803 2439 3843 ».

305 4009 609 4090 Quaestio
644 4008 716 4070 2ει
747 4005 862 4069 An
892 4005 981 4067 sit
1011 4001 1367 4084 Theoloyicc
1405 4005 1534 4064 tuta
1568 4001 1851 4065 doctrina
1887 3999 2347 4065 Probabilismv'
2368 4000 2453 4082 (v.
2494 4020 2552 4063 n.
2591 4000 2769 4084 175.)

482 4109 724 4175 seilicet
752 4127 838 4171 an
872 4104 1059 4170 licea-t
1090 4106 1267 4186 sequi
1297 4106 1645 4185 opim'mzem
1662 4102 2055 4185 probabilem
2071 4124 2197 4184 pro
2236 4101 2521 4166 libertate
2552 4100 2771 4166 relicta

472 4208 908 4294 probabiliore
932 4229 1057 4290 pro
1095 4208 1242 4290 leae.

383 4401 545 4477 184.
574 4403 842 4487 Oportet
872 4400 1172 4483 quasdam
1203 4401 1597 4484 praemittere
1634 4399 2038 4464 definitiones,
2074 4427 2108 4457 «
2143 4398 2369 4480 Opinio
2390 4398 2759 4481 probabili&

282 4510 502 4594 inquit
547 4503 956 4571 Reiffenstuel
1003 4504 1183 4567 tract.
1229 4506 1285 4567 1.
1322 4523 1379 4584 q.
1407 4504 1466 4566 4.
1494 4524 1554 4566 n.
1590 4502 2060 4586 4Lgeneratim
2104 4502 2215 4566 illa
2263 4503 2563 4578 censetur,
2603 4519 2762 4583 quae

284 4612 474 4701 gravi
522 4607 759 4675 nititur
802 4605 1223 4684 fundamento,
1287 4606 1434 4669 licet
1477 4623 1600 4670 non
1647 4603 1893 4687 penitus
1941 4605 2106 4669 certo
2169 4604 2478 4686 simulque
2522 4603 2761 4667 nullam
