3529 5158
364 351 510 425 [745]
1250 373 1499 414 aemma.
1540 375 1680 416 EIUS
1718 377 1932 417 manua
2722 365 2832 420 631

1284 541 1459 607 Unde
1507 543 1926 607 resolmmtur.

473 695 650 750 xcix.
688 700 729 748 l.
757 696 937 750 Acedia
963 703 1160 762 accepta
1189 697 1346 763 primo
1385 700 1530 753 modo
1573 706 1671 752 tum
1712 702 1908 755 demum
1950 710 2023 754 est
2051 708 2299 769 peccatum
2339 705 2555 764 mortale,
2583 716 2694 754 cum
2722 701 2836 755 ideo

366 778 686 833 committitur
724 795 849 846 opus
888 780 1091 833 vetitum
1131 784 1221 833 sub
1260 782 1463 835 mortali.

459 883 636 958 744.
666 890 835 957 Idem
860 891 976 966 die,
1005 891 1057 954 si
1084 890 1401 955 omittitur
1426 911 1580 975 opus
1606 896 1998 977 praeceptum
2033 897 2148 959 sub
2173 896 2444 960 mortali.
2473 894 2834 959 Generatim

365 1012 512 1056 vero
546 992 807 1056 tristitia
857 995 1103 1075 accepta
1156 993 1270 1057 hoc
1316 994 1519 1076 priore
1567 1015 1769 1071 sensu,
1819 1017 1959 1061 eum
1999 999 2095 1061 est
2140 998 2211 1061 de
2243 999 2403 1062 bono
2437 998 2685 1080 peraeto
2733 996 2832 1059 vel

364 1095 732 1179 peragendo,
784 1095 908 1159 tale
949 1097 1269 1178 peceatum
1317 1098 1432 1169 eet,
1468 1098 1649 1178 quale
1682 1100 1845 1162 esset
1875 1100 2040 1162 nolle
2074 1099 2519 1183 obligationem
2551 1099 2829 1181 implere.

365 1196 432 1262 Si
471 1218 615 1262 vero
656 1218 853 1261 sermo
888 1199 971 1261 sit
1018 1198 1091 1262 de
1140 1199 1298 1262 bono
1349 1199 1512 1275 aetii,
1550 1199 1625 1262 ad
1666 1219 1850 1281 quem
1889 1202 2028 1282 quis
2067 1220 2186 1265 non
2228 1203 2492 1275 tenetur,
2528 1200 2832 1264 eiusmodi

366 1301 509 1364 boni
551 1300 679 1364 siue
712 1319 898 1363 causa
923 1300 1234 1382 poenitere
1268 1319 1386 1364 non
1411 1302 1649 1365 carebit
1678 1322 1824 1365 sane
1849 1304 2029 1385 culpa
2065 1303 2274 1384 aliqua
2309 1303 2563 1366 veniali:
2606 1303 2835 1383 quippe

366 1404 584 1465 eontra
623 1402 925 1465 rationem
976 1400 1036 1465 id
1075 1403 1201 1475 eat3
1251 1421 1393 1466 cum
1442 1403 1759 1486 proprium
1801 1404 2215 1486 poenitentiae
2249 1405 2557 1468 obiectum
2607 1404 2689 1467 sit
2734 1423 2834 1467 rea

365 1504 561 1567 mala:
602 1504 777 1567 nulla
810 1504 1017 1567 autem
1052 1504 1234 1586 culpa
1266 1504 1404 1573 erit,
1432 1505 1483 1567 si
1509 1524 1695 1569 causa
1730 1506 1895 1569 adsit
1930 1506 2374 1587 poenitentiam
2399 1505 2830 1569 cohonestatis,

364 1604 590 1670 Confer
636 1625 794 1686 quae
840 1605 1027 1669 habet
1065 1604 1332 1668 Sanehez
1380 1606 1454 1669 de
1501 1627 1592 1681 eo,
1642 1626 1825 1688 quem
1865 1609 1996 1671 voti
2047 1608 2261 1672 omissi
2300 1607 2618 1690 poeniteat
2656 1605 2831 1668 Mor.

365 1709 409 1771 l.
446 1709 506 1769 4.
548 1726 598 1770 e.
646 1708 745 1770 12.
788 1728 845 1770 n.
889 1709 949 1769 2.

474 1864 530 1917 C.
561 1865 607 1914 2.
637 1862 817 1915 Acedia
854 1868 1051 1930 accepta
1092 1866 1304 1916 secundo
1345 1866 1489 1916 modo
1529 1879 1587 1917 ex
1629 1879 1680 1917 se
1720 1873 1794 1918 est
1823 1867 2043 1927 mortale,
2074 1867 2182 1931 qnia
2220 1871 2459 1932 repugnat
2492 1863 2684 1917 caritati
2725 1863 2832 1917 Dei.

470 1949 546 2001 Cl.
573 1949 647 1999 Ex
687 1962 783 2013 quo
810 1948 871 1999 de
912 1948 1108 2000 filiabus
1147 1948 1356 2001 Acediae
1393 1962 1587 2013 quoque
1628 1949 1767 2003 lacile
1805 1950 2010 2003 iudicari
2046 1957 2223 2017 potest,
2249 1965 2374 2015 quae
2414 1955 2525 2001 sunt
2552 1955 2830 2014 sequentes,

478 2035 522 2084 l.
550 2031 747 2094 Malitia,
772 2046 864 2096 qua
904 2031 1014 2097 quis
1038 2031 1153 2085 odio
1180 2035 1324 2085 ltabet
1352 2036 1475 2085 bona
1504 2033 1773 2099 spiritualia
1800 2043 1848 2087 et
1888 2038 2034 2089 vellet
2072 2049 2127 2087 ea
2170 2049 2264 2088 non
2292 2049 2400 2087 esse
2429 2041 2512 2086 aut
2538 2048 2631 2098 qua
2661 2032 2820 2098 ipsum

362 2116 580 2185 poenitet
618 2120 743 2170 hene
781 2117 954 2171 recisse
993 2121 1070 2170 vel
1107 2116 1391 2183 implevisse
1428 2118 1495 2183 ill,
1523 2121 1583 2171 ad
1622 2122 1753 2184 quod
1793 2123 2052 2174 tenebatur
2089 2125 2176 2172 aut
2200 2134 2292 2185 qua
2322 2117 2587 2173 contemnit
2619 2116 2709 2170 Dei
2752 2121 2832 2170 be·

362 2200 605 2264 nelicium,
627 2216 675 2255 v.
695 2216 774 2270 gr.
797 2201 1120 2255 desiderando
1148 2217 1242 2255 non
1269 2202 1416 2257 luisse
1447 2210 1612 2259 natum
1639 2210 1724 2257 aut
1750 2220 1845 2257 non
1873 2204 2128 2269 agnovisse
2155 2203 2399 2259 Christum
2429 2210 2520 2256 etc.
2545 2206 2629 2255 Est
2662 2208 2825 2254 autem

362 2302 425 2340 ex
465 2301 638 2349 genere
677 2302 767 2339 suo
806 2289 1030 2339 mortale.

477 2375 522 2424 2.
553 2370 931 2424 Pusillanimitas
962 2378 1007 2424 et
1048 2371 1324 2437 desperatio
1365 2375 1424 2425 de
1462 2376 1635 2436 salute,
1660 2389 1785 2439 quae
1825 2378 2030 2427 mortale
2068 2388 2262 2440 quoque
2301 2379 2393 2426 est.

474 2460 522 2511 3.
553 2459 757 2519 Rancor,
786 2472 883 2522 quo
922 2456 956 2509 ii
996 2466 1106 2510 sunt
1149 2456 1354 2519 fastidio,
1382 2458 1464 2523 qui
1504 2461 1564 2511 ad
1600 2459 1871 2525 spiritualia
1911 2460 2161 2514 inducunt.

478 2543 523 2597 4.
551 2545 759 2610 Torpor,
783 2557 894 2597 eum
935 2546 1059 2596 bona
1100 2546 1219 2597 liunt
1257 2557 1351 2597 non
1390 2559 1498 2597 eum
1537 2543 1702 2598 debito
1743 2549 1953 2599 fervore.

474 2632 523 2682 5.
550 2628 786 2693 Evagatio
814 2627 1004 2691 mentis,
1031 2643 1123 2695 qua
1149 2627 1259 2694 quis
1284 2628 1331 2680 in
1359 2629 1594 2682 exercitio
1620 2630 1945 2697 spiritualium
1985 2640 2222 2696 evagatur
2252 2629 2382 2683 circa
2409 2628 2579 2683 illicita
2607 2627 2713 2680 sive
2742 2641 2834 2692 per

362 2711 709 2778 cogitationem
750 2720 797 2765 et
834 2712 1014 2766 «licitur
1052 2712 1321 2776 curiositas,
1364 2713 1469 2767 sive
1508 2728 1593 2781 per
1635 2715 1927 2768 locutionem
1967 2722 2014 2768 et
2053 2714 2231 2768 dieitur
2272 2713 2565 2778 verbositaS‚
2600 2711 2706 2765 sive
2747 2725 2834 2776 per

361 2797 745 2863 inquietudinem
784 2803 832 2850 et
870 2797 1046 2851 dicitur
1085 2797 1399 2864 inquietudo:
1440 2813 1565 2864 quae
1604 2799 1924 2853 communiter
1973 2810 2084 2855 sunt
2124 2800 2350 2854 venialia.
2395 2799 2508 2853 Vitl.
2553 2800 2612 2852 D.
2653 2800 2830 2851 Thom.

362 2898 409 2947 q.
446 2884 529 2935 35.
564 2884 732 2945 Laym.
764 2885 792 2934 l.
825 2884 872 2933 2.
901 2888 933 2934 t.
962 2883 1010 2933 3.
1038 2897 1079 2934 c.
1110 2884 1159 2935 9.
1187 2884 1294 2936 Tol.
1326 2886 1354 2935 l.
1385 2885 1432 2935 8.

469 2965 746 3032 Culpabilis
783 2973 943 3019 autem
981 2966 1206 3030 evagatio
1248 2967 1468 3021 mortalis
1505 2968 1610 3028 erit,
1650 2972 1844 3033 quando
1884 2969 2112 3022 notabilis
2151 2979 2223 3023 est
2262 2979 2309 3023 et
2338 2969 2540 3022 attentio
2567 2966 2837 3033 requiritur

362 3054 424 3105 ad
461 3052 762 3118 implendum
803 3058 1114 3117 praeceptum
1153 3051 1376 3115 obligans
1413 3055 1504 3105 sub
1547 3053 1778 3106 mortali:
1819 3067 1866 3103 v.
1897 3068 1970 3117 gr.
1997 3054 2045 3106 in
2087 3054 2350 3107 recitandis
2389 3053 2532 3106 Horis
2571 3050 2834 3114 canonicis,

364 3138 657 3190 celebranda
698 3138 776 3188 vel
817 3135 1055 3189 audienda
1096 3136 1256 3188 Missa.
1289 3136 1459 3198 Regin.
1489 3139 1662 3189 Palaus
1689 3136 1754 3190 de
1783 3137 1911 3190 Car.
1943 3145 1975 3190 t.
2005 3139 2052 3189 6.
2080 3141 2127 3190 (l.
2165 3141 2204 3188 l.
2235 3154 2280 3202 p.
2311 3141 2358 3189 3.
2387 3139 2544 3189 Trull.
2577 3139 2606 3189 1.
2645 3139 2683 3187 l.
2712 3150 2755 3188 c.
2784 3137 2832 3185 6.

364 3222 412 3273 d.
446 3222 489 3272 l.
518 3227 683 3273 contra
722 3223 953 3272 Tambur.
983 3219 1047 3273 cle
1080 3219 1309 3274 Methud.
1338 3218 1526 3274 celebr.
1556 3220 1757 3274 Missae
1791 3224 1819 3271 l.
1854 3224 1900 3272 2.
1937 3236 1976 3273 c.
2007 3223 2055 3272 3.
2085 3219 2166 3274 ubi
2206 3223 2365 3284 docet,
2396 3220 2683 3273 distractum
2725 3234 2834 3272 esse

363 3304 638 3358 voluntarie
677 3311 724 3358 et
764 3320 849 3370 per
877 3304 1089 3357 notabile
1132 3313 1320 3371 tempus
1348 3305 1475 3357 inter
1515 3303 1884 3357 sacrificandum
1925 3312 2063 3357 extra
2102 3305 2365 3366 Canonem,
2397 3319 2504 3357 esse
2542 3311 2726 3356 tantum
2757 3317 2835 3354 ve-

362 3388 506 3454 niale,
538 3389 649 3443 licet
675 3392 924 3453 concedat,
947 3393 1035 3442 sub
1062 3393 1259 3443 (lunone
1290 3389 1576 3455 praesertim
1616 3388 1754 3442 circa»
1776 3389 2209 3453 consecrationem,
2241 3405 2348 3442 esse
2378 3391 2599 3448 mortale,
2632 3394 2835 3454 propter

363 3488 558 3538 gravem
595 3473 957 3528 irreverentiam
998 3482 1044 3527 et
1084 3473 1351 3541 periculum
1389 3474 1592 3527 erroris,

472 3559 604 3624 Dixi,
647 3559 720 3613 αιί
764 3559 1103 3628 implendum
1136 3563 1523 3628 praeceptum:
1564 3575 1674 3613 nam
1711 3560 1759 3613 in
1800 3559 2022 3613 oratione
2064 3561 2140 3612 vel
2195 3574 2289 3611 non
2332 3564 2585 3625 praccepta
2629 3558 2706 3610 vel
2742 3559 2836 3608 sub

361 3645 659 3709 obligatione
701 3652 883 3698 tantum
923 3645 1118 3708 veniali,
1147 3652 1221 3698 est
1263 3654 1512 3711 peccatum
1554 3643 1746 3700 veniale
1787 3653 1988 3699 tantum.
2033 3649 2081 3698 S.
2110 3649 2283 3698 Thom.
2326 3647 2501 3698 Navar.
2532 3647 2674 3696 Suar.
2703 3645 2840 3695 Less-

364 3733 393 3783 l.
429 3735 476 3784 2.
504 3746 545 3784 c.
577 3732 660 3783 37.
688 3733 734 3784 (l.
777 3734 788 3781 l
814 3734 851 3782 l.
884 3729 978 3783 imo
1008 3733 1211 3792 nullum,
1241 3731 1281 3782 si
1311 3746 1403 3782 non
1433 3739 1527 3782 tam
1569 3730 1787 3783 intendat
1815 3746 1976 3794 orare,
2003 3747 2145 3796 quam
2183 3732 2329 3782 verna
2366 3743 2563 3794 precum
2589 3727 2836 3778 recitando

363 3814 444 3881 pio
484 3815 721 3868 exercitio
748 3831 799 3868 se
826 3830 1095 3880 occupare;
1125 3815 1234 3880 quia
1266 3830 1359 3867 non
1388 3815 1674 3878 formaliter,
1704 3818 1790 3868 setl
1820 3815 2138 3868 materialiter
2169 3823 2352 3866 tantum
2381 3820 2518 3863 orat:
2553 3825 2597 3861 v.
2626 3824 2698 3872 gr.
2726 3823 2835 3860 cum

365 3898 474 3963 quis
513 3898 735 3952 manibus
766 3903 990 3952 laborans
1018 3901 1232 3964 psalmos
1270 3898 1455 3951 aliasve
1486 3914 1654 3965 preces
1681 3899 1855 3952 recitat
1895 3908 1977 3952 aut
2016 3905 2194 3958 cantat,
2229 3911 2320 3948 non
2351 3894 2508 3946 animo
2536 3891 2722 3952 orandi,
2751 3893 2836 3943 sed

367 3983 573 4035 cavendi
599 3982 922 4047 cogitationes
949 3997 1101 4034 vanas
1130 3985 1205 4033 vel
1234 3983 1480 4035 recreandi
1509 3998 1575 4035 se.
1606 3986 1784 4036 Sanch.
1818 3985 1949 4038 Con.
1974 3999 2019 4048 p.
2045 3985 2092 4035 2.
2119 3987 2148 4034 l.
2171 3983 2220 4033 7.
2245 3996 2286 4032 c.
2311 3983 2357 4032 :2-
2381 3981 2424 4030 (l.
2455 3980 2531 4030 13.
2554 3977 2709 4028 Trull.
2732 3977 2762 4029 l.
2796 3977 2838 4025 l.

364 4081 407 4120 c.
440 4067 489 4118 7.
522 4069 636 4121 dub.
668 4071 747 4121 tu.
778 4070 840 4121 V.
868 4067 991 4120 inlra
1031 4069 1091 4119 ‹le
1134 4066 1280 4119 Horis
1318 4066 1579 4119 canonicis,

457 4185 633 4260 745.
671 4189 763 4252 Cf.
800 4209 848 4251 a.
889 4189 1109 4252 Thom.
1148 4209 1206 4269 q.
1248 4189 1352 4251 cit..
1397 4191 1512 4250 art.
1556 4190 1616 4249 4.
1668 4190 1758 4250 De
1794 4190 2136 4252 attentione
2170 4187 2376 4249 debita
2415 4185 2474 4246 in
2508 4181 2840 4245 recitandis

366 4291 555 4356 Horis
596 4295 657 4356 et
705 4291 1063 4355 celebranda
1116 4290 1311 4354 Missa
1361 4309 1561 4353 sermo
1604 4290 1830 4354 redibit
1877 4290 1938 4351 in
1973 4292 2050 4351 tr.
2088 4289 2159 4350 de
2200 4287 2468 4350 statibus
2507 4284 2839 4367 particula-

364 4396 573 4460 ribus:
627 4397 699 4459 de
734 4396 1078 4458 attentione
1114 4397 1322 4457 autem
1363 4394 1567 4456 debita
1608 4394 1669 4455 in
1713 4392 2018 4455 audienda
2061 4392 2270 4462 Micsa,
2308 4391 2366 4451 in
2405 4391 2476 4446 30
2515 4390 2840 4470 praecepto

364 4498 577 4562 Decal.
