3529 5158
700 352 806 409 174
1164 364 1374 406 mmm.
1416 364 1480 405 11.
1522 364 1608 404 nm
1645 362 2066 406 consolatam.
2104 363 2300 405 CAPUT
2338 363 2403 404 11.
2443 362 2583 406 nnn.
2625 365 2690 404 11.
3020 349 3171 425 [1781

791 465 997 528 Facile
1034 481 1181 528 sane
1227 465 1320 527 est
1354 463 1709 545 perspicere,
1744 461 1810 525 in
1841 461 1957 526 hoc
1987 461 2238 547 negotio
2272 462 2572 526 Doctores
2605 463 2744 525 tum
2782 480 2929 526 usos
2974 462 3166 527 fuisse

702 568 780 631 iis
817 567 1113 631 doctrinis
1159 566 1343 630 certis
1380 568 1443 629 et
1487 565 1899 629 communiter
1931 564 2214 629 admissis
2248 566 2407 629 circa
2454 566 2876 650 ignorantiam
2913 566 3167 630 invinci-

703 671 910 746 bilem,
950 688 1106 752 quas
1151 670 1213 733 in
1262 669 1468 732 Tract.
1503 667 1578 730 de
1610 668 1881 730 Actibus
1910 665 2076 732 hum.
2116 669 2461 753 tetigimus,
2497 671 2637 733 tum
2668 672 2781 733 aut
2812 668 3166 734 adhibuisse

704 776 818 837 aut
849 772 1245 855 supposuisse
1292 771 1415 835 alia
1462 769 1767 852 quaedam
1813 770 2196 855 generaliora
2245 772 2563 856 principia,
2598 790 2756 855 quae
2803 771 3037 849 deinde,
3089 771 3166 835 ad

701 875 1055 960 litigatores
1087 873 1535 940 convincendos
1564 873 1662 937 vel
1694 872 1918 937 saltem
1956 874 2442 956 compescendos,
2470 875 2721 939 uberius
2747 875 3047 940 Doctores
3079 894 3167 939 re-

702 978 1005 1042 centiores
1037 997 1095 1041 V.
1130 997 1224 1061 gr.
1258 995 1306 1040 s.
1340 975 1697 1059 Alphonsus
1728 975 2012 1041 evolvere
2042 975 2433 1040 studuenmt.

798 1076 950 1150 178.
986 1080 1245 1144 Modum
1282 1079 1513 1160 itaque,
1548 1098 1671 1159 quo
1696 1078 2062 1143 concilietur
2084 1078 2416 1143 necessitas
2455 1078 2666 1143 iudicii
2697 1080 2848 1143 certi
2881 1078 2956 1143 de
2987 1080 3171 1143 hone-

705 1185 870 1247 state
920 1186 1095 1245 actus
1143 1183 1205 1245 et
1251 1180 1621 1245 sufficientia
1671 1181 2009 1264 probabilis
2044 1181 2367 1264 opinioniS‚
2417 1200 2551 1245 ecce
2582 1180 2891 1262 quomodo
2941 1180 3168 1246 Suarez

704 1285 984 1367 explicet,
1013 1283 1338 1348 indicando
1370 1283 1689 1366 principia,
1730 1283 1798 1347 vi
1828 1302 2095 1365 quorum
2128 1282 2333 1366 opinio
2367 1282 2704 1366 probabilis
2736 1283 3171 1348 certitudinem

705 1387 881 1451 illam
915 1386 1166 1450 adducit
1196 1387 1261 1451 in
1289 1387 1346 1449 1.
1383 1388 1442 1450 2.
1478 1387 1558 1449 tr.
1593 1386 1653 1448 3.
1689 1385 1845 1468 disp.
1886 1387 1988 1449 12.
2023 1388 2170 1450 sect.
2198 1387 2258 1449 3.
2293 1405 2354 1449 n.
2390 1386 2450 1449 3.
2486 1384 2713 1450 Obiicit
2745 1404 2892 1470 ergo
2926 1386 3064 1461 sibi,
3093 1385 3171 1450 ad

703 1490 964 1554 dubium
997 1488 1420 1572 deponendum
1458 1487 1691 1570 requiri
1727 1488 1947 1569 utique
1984 1488 2290 1553 dictamen
2331 1489 2654 1553 excludens
2691 1488 3168 1567 dubitationem,

708 1594 1063 1658 nontamen
1094 1592 1326 1673 requiri
1350 1591 1668 1666 iudicium,
1696 1590 1863 1672 quod
1887 1590 2172 1655 excludat
2203 1590 2621 1655 formidinem:
2656 1609 2838 1674 porro
2870 1589 3172 1655 iudicium

706 1695 1023 1778 probabile
1070 1693 1351 1758 sufficere
1397 1693 1473 1757 ad
1520 1691 1965 1757 excludendum
2001 1692 2236 1757 morale
2283 1692 2625 1775 periculum
2670 1693 2986 1769 malitiae3
3024 1694 3170 1775 quia

707 1797 834 1861 iam
865 1798 1145 1879 praestat
1191 1795 1376 1859 homo
1415 1794 1581 1876 quod
1626 1784 1948 1858 moraliter
1993 1797 2219 1877 potest.
2253 1795 2334 1859 Et
2371 1795 2732 1878 respondet:
2773 1821 2809 1854 «
2840 1796 2958 1862 hoc
2990 1816 3172 1882 argu-

707 1901 988 1963 mentum
1026 1898 1355 1973 declarare,
1405 1896 1743 1980 practicam
1789 1896 2223 1961 certitudinem
2259 1899 2698 1975 necessariam;
2735 1898 2880 1980 quia
2929 1898 2983 1962 si
3030 1917 3173 1962 cum

708 2001 1011 2084 probabili
1036 2001 1266 2064 iudicio
1298 1999 1680 2082 speculativo
1713 1999 2061 2064 excluditur
2084 1998 2425 2082 periculum
2455 2000 2755 2075 malitiae,
2791 2000 3065 2082 profecto
3099 2000 3174 2063 ut

709 2105 895 2169 homo
935 2103 1295 2168 rationabili
1340 2106 1403 2166 et
1435 2103 1708 2167 humano
1740 2121 1913 2167 more
1947 2104 2251 2185 operetur,
2288 2104 2552 2184 oportet,
2586 2106 2660 2167 ut
2691 2103 2808 2168 hoc
2837 2102 3046 2186 ipsum
3078 2120 3174 2166 co-

708 2208 971 2292 gnoscat
1017 2208 1079 2271 et
1125 2205 1389 2270 iudicet:
1439 2204 1542 2269 sed
1588 2205 1706 2270 hoc
1751 2206 1886 2287 ipso
1935 2204 2121 2269 habet
2152 2204 2453 2269 iudicium
2500 2205 2767 2287 practice
2813 2207 3053 2269 certum
3099 2203 3173 2268 de

704 2311 1034 2375 honestate
1065 2328 1215 2374 suae
1253 2308 1549 2385 actionis;
1600 2308 1747 2390 quia
1782 2327 1858 2370 cx
1881 2307 2225 2387 principiis
2261 2308 2448 2371 certis
2477 2306 2712 2372 iudicat
2750 2308 2850 2372 hic
2895 2310 2958 2373 et
2988 2327 3172 2384 nunc,

704 2431 774 2477 se
807 2413 1048 2495 operari
1079 2412 1209 2477 sine
1233 2410 1505 2493 periculo
1530 2410 1831 2475 malitiae.
1866 2409 2043 2475 Unde
2081 2410 2351 2474 sumitur
2381 2409 2791 2475 confirmatio.
2824 2409 2989 2475 Nam
3020 2429 3177 2475 sem-

708 2535 815 2600 per
839 2516 1046 2599 potest
1069 2515 1255 2579 homo
1288 2513 1457 2577 facili
1494 2514 1746 2597 negotio
1781 2513 2004 2577 habere
2026 2512 2184 2577 hane
2217 2512 2676 2590 certitudinem
2712 2513 2860 2596 (11116
2891 2514 2946 2577 si
2981 2513 3174 2579 faciat

707 2621 1008 2685 moralem
1039 2619 1427 2703 diligentiam
1460 2621 1523 2682 et
1552 2619 1727 2682 iuxta
1767 2619 2149 2701 probabilem
2188 2618 2538 2701 opinionem
2569 2621 2997 2702 comparatam
3038 2638 3175 2703 ope-

708 2724 900 2800 retur,
934 2723 1061 2786 iam
1100 2724 1193 2786 est
1229 2723 1434 2787 certus
1471 2721 1738 2804 practice
1771 2720 1844 2785 de
1874 2721 2199 2786 honestate
2232 2739 2381 2785 suae
2411 2720 2674 2785 actionis
2700 2746 2761 2786 ».
2797 2758 2880 2766 —
2915 2719 3172 2786 Summa

711 2843 858 2909 ergo
885 2827 1005 2888 est:
1034 2823 1151 2904 Qui
1176 2825 1344 2889 facta
1368 2823 1652 2908 diligenti
1676 2823 2080 2905 inquisitione
2103 2822 2165 2887 in
2191 2822 2510 2907 probabile
2539 2822 2840 2887 iudicium
2863 2821 3169 2900 deveniat,

709 2926 810 2990 hic
840 2927 1109 2991 excludit
1140 2926 1483 3010 periculum
1513 2926 1794 2990 malitiae
1816 2925 2002 3007 idque
2031 2927 2105 2989 ut
2136 2925 2376 2989 certum
2411 2923 2785 3008 principium
2820 2925 3174 2990 habendum

710 3031 825 3093 est.
875 3030 1070 3111 Atqui
1116 3030 1397 3112 quisquis
1445 3031 1649 3093 certus
1697 3030 1810 3105 est,
1862 3028 2073 3092 abesse
2118 3026 2461 3111 periculum
2508 3027 2808 3104 malitiae,
2857 3030 3064 3092 certus
3101 3045 3172 3092 eo

708 3133 845 3216 ipso
885 3136 977 3196 est
1011 3132 1083 3196 de
1117 3132 1442 3196 honestate
1476 3131 1758 3196 actionis.
1793 3131 1979 3215 Ergo.

799 3236 1060 3300 Brevius
1093 3233 1349 3300 eandem
1371 3234 1719 3300 doctrinam
1751 3233 1977 3299 Suarez
2004 3234 2090 3298 616
2117 3233 2266 3298 alibi
2303 3233 2490 3298 habet
2528 3234 2569 3297 l.
2606 3253 2656 3298 c.
2692 3236 2838 3298 sect.
2882 3234 2941 3297 6.
2984 3255 3044 3299 11.
3073 3235 3172 3299 4.:

717 3365 752 3397 «ι
792 3338 917 3401 Est
943 3343 1197 3412 certum,
1230 3338 1547 3421 probabile
1585 3338 1884 3401 iudicium
1909 3337 2382 3420 speculativum,
2418 3336 2663 3419 quando
2694 3336 2760 3401 in
2792 3337 3176 3403 contrarium

710 3441 867 3505 nihil
904 3441 1133 3504 certius
1164 3442 1262 3505 vel
1298 3441 1681 3524 probabilius
1722 3441 2006 3516 occurrit,
2043 3439 2321 3504 sufficere
2359 3438 2437 3504 ad
2476 3439 2915 3505 conscientiam
2953 3441 3179 3524 practi-

710 3561 849 3607 cam
880 3561 1091 3606 veram
1123 3545 1185 3607 et
1223 3546 1455 3607 certam
1503 3542 1912 3606 formandam.
1946 3543 2131 3608 Patet
2169 3562 2240 3608 ex
2271 3542 2382 3608 illo
2415 3543 2733 3628 principio,
2775 3543 2941 3625 quod
2988 3545 3176 3610 homo

700 3645 1050 3725 prudenter
1082 3649 1373 3729 operatur
1396 3646 1571 3710 iuxta
1594 3645 1977 3729 probabilem
2008 3647 2443 3732 cognitionem,
2471 3647 2720 3728 quando
2743 3647 2941 3711 aliam
2973 3648 3180 3713 melio-

713 3767 846 3811 rem
874 3749 1165 3828 consequi
1193 3768 1321 3811 non
1340 3751 1632 3828 potest».

799 3850 1141 3928 Advertite,
1180 3851 1314 3916 heic
1353 3850 1456 3937 agi
1502 3851 1725 3929 solum,
1761 3852 2071 3935 quomodo
2120 3870 2260 3916 cum
2307 3852 2595 3932 opinione
2623 3851 2951 3932 probabili
2980 3855 3179 3936 possit

709 3952 1018 4018 certitudo
1056 3955 1329 4038 practica
1365 3954 1605 4032 haberi3
1641 3955 1804 4020 unde
1841 3955 2186 4039 seponenda
2225 3958 2318 4022 est
2349 3958 2632 4038 quaestio
2681 3955 2758 4023 de
2800 3958 3026 4023 maiori
3067 3962 3180 4023 aut

710 4057 785 4122 de
822 4056 1048 4121 minori
1080 4058 1539 4140 probabilitate.

800 4158 1026 4223 Suarez
1074 4159 1287 4241 itaque
1335 4161 1582 4238 statuit,
1633 4164 1872 4226 certum
1919 4180 2048 4226 esse
2086 4163 2399 4228 hominem
2437 4162 2500 4226 in
2538 4181 2685 4227 casu
2716 4160 2790 4226 de
2827 4161 3178 4237 honestate,

709 4261 862 4342 quia
896 4260 1246 4338 pmulenter
1290 4266 1603 4340 operatur.
1644 4263 1889 4328 Iudicat
1922 4267 2150 4343 autem,
2200 4264 2532 4348 prudenter
2579 4265 2819 4349 operari
2865 4264 3182 4329 hominem

712 4364 1001 4446 agentem
1037 4362 1215 4426 iuxta
1261 4364 1644 4445 probabilem
1691 4366 2128 4452 cognitionem,
2178 4368 2425 4448 quando
2466 4367 2655 4431 aliam
2685 4365 3008 4432 meliorem
3046 4385 3185 4431 con·

713 4464 888 4546 sequi
926 4483 1048 4528 non
1094 4466 1320 4547 potest.
1354 4466 1549 4532 Porro
1580 4467 1731 4532 haec
1777 4468 2133 4532 innituntur
2155 4468 2402 4548 partim
2431 4468 2766 4551 principiis,
2801 4487 2962 4550 quae
2999 4470 3186 4553 perti-

711 4570 859 4631 nent
892 4568 968 4631 ad
1001 4568 1421 4654 ignorantiam
1454 4570 1894 4645 invincibilem,
1929 4572 2160 4655 partim
2200 4571 2514 4655 principiis
2540 4571 2713 4636 iuris.
2743 4572 2963 4656 Itaque
3003 4576 3071 4637 1⁰
3095 4592 3186 4638 as·
