3529 5158
657 311 765 368 245
1316 324 1530 366 mor.
1568 325 1658 366 111.
1696 325 1782 364 ma
1819 323 2098 367 marsna.
2136 323 2334 365 carm·
2371 324 2476 365 vn.
2971 307 3118 377 [477]

652 422 805 487 item
850 422 1126 486 cessante
1162 421 1546 507 conditione,
1571 421 1687 484 sub
1719 438 1843 502 qua
1872 438 2227 485 concessum
2276 421 2388 484 est.
2440 420 2533 484 De
2568 418 2947 501 quibusdam
2976 437 3122 483 con-

653 525 992 591 ditionibus
1037 525 1164 588 iam
1207 523 1407 589 locuti
1451 542 1666 587 sumus
1703 522 2026 604 loquentes
2072 521 2147 587 de
2191 521 2755 605 dispensationibus
2802 522 2866 585 et
2912 520 3120 585 confer

651 628 913 704 ibidem3
962 627 1109 708 quia
1155 626 1370 691 eadem
1415 627 1512 689 est
1556 625 1747 688 ratio.

834 732 905 794 3⁰
933 727 1150 794 Cessat
1180 727 1596 812 privilegium,
1636 728 1915 791 cessante
1944 745 2133 792 causa
2169 726 2361 804 finali,
2395 725 2621 791 saltem
2658 725 2715 791 si
2749 727 2947 791 cesset
2976 745 3120 791 con-

653 834 874 909 trarie;
923 852 1069 897 nam
1099 831 1153 895 si
1182 831 1379 894 cesset
1413 831 1665 893 tantum
1695 829 2003 914 negative,
2037 828 2544 904 controvertitur,
2577 830 2845 913 negante
2882 828 3110 895 Suarez

652 956 888 1002 cessare
932 936 998 1000 in
1043 935 1158 999 hac
1204 931 1534 1017 hypothesi
1578 931 1975 1016 privilegium
2019 929 2094 995 de
2143 932 2292 1012 [κερ.
2331 931 2438 994 1111.
2480 930 2540 994 8.
2581 949 2634 993 0.
2673 930 2813 1008 3o.;
2860 950 3011 996 nam
3054 934 3119 996 et

653 1042 803 1105 tunc
832 1038 1009 1103 utilis
1042 1039 1136 1101 est
1166 1035 1362 1101 favor.
1397 1033 1489 1098 Cf.
1525 1055 1585 1097 n.
1622 1034 1773 1098 375.

830 1143 903 1204 4⁰
938 1139 1159 1205 Cessat
1202 1137 1617 1220 privilegium,
1665 1136 1720 1200 si
1764 1135 1973 1200 cedere
2017 1136 2278 1219 incipiat
2321 1137 2387 1200 in
2431 1155 2621 1221 grave
2666 1136 3112 1203 detrimentum

654 1246 920 1310 aliorum
951 1242 1049 1307 vel
1079 1239 1545 1305 communitatis
1570 1238 1845 1320 adeoque
1866 1257 1975 1321 per
2001 1257 2210 1302 rerum
2231 1238 2647 1303 mutationem
2669 1239 2786 1304 fiat
2805 1239 3112 1321 iniquum,

652 1348 726 1412 ut
770 1346 869 1410 vel
914 1363 1022 1428 per
1066 1360 1131 1408 se
1175 1343 1382 1425 ipsum
1427 1341 1625 1405 cesset
1668 1340 1767 1405 vel
1811 1340 1975 1405 certe
2013 1360 2050 1404 a
2087 1340 2520 1425 privilegiante
2567 1342 2845 1407 revocari
2892 1340 3110 1424 possit,

650 1448 836 1514 sicuti
881 1445 1201 1530 colligitur
1246 1463 1317 1507 ex
1361 1463 1494 1523 cap.
1535 1440 1925 1523 Suqyestum,
1966 1441 2041 1505 de
2076 1441 2376 1521 Decimus,
2410 1443 2521 1507 ubi
2550 1446 2774 1509 notant
2805 1444 3109 1520 doctores,

651 1549 927 1616 revocari
972 1546 1368 1631 privilegium
1413 1544 1817 1627 exemptionis
1867 1543 2263 1622 decimarum,
2312 1544 2367 1609 si
2413 1546 2629 1627 postea
2682 1546 2746 1610 in
2799 1545 3111 1611 Ecclesiae

652 1652 926 1717 notabile
970 1649 1413 1714 detrimentum
1459 1665 1708 1731 vergere
1752 1646 2029 1729 incipiat.
2063 1645 2386 1730 Laymann
2418 1647 2461 1710 1.
2495 1666 2547 1710 c.
2589 1666 2648 1711 n.
2697 1648 2798 1711 19.

834 1755 903 1818 5⁰
933 1752 1176 1817 Pariter
1220 1750 1273 1814 si
1320 1750 1528 1814 cedere
1573 1748 1833 1831 incipiat
1860 1748 1924 1812 in
1960 1748 2166 1813 maius
2211 1749 2655 1813 detrimentum
2690 1749 2887 1833 ipsius
2934 1749 3118 1833 privi-

652 1856 902 1941 legiati3
950 1874 1098 1917 nam
1143 1851 1310 1933 quod
1350 1851 1422 1913 in
1463 1850 1740 1931 qratiam
1782 1849 2055 1914 alicuius
2106 1851 2480 1929 conceditur,
2528 1871 2657 1916 mm
2722 1855 2819 1916 est
2858 1855 2932 1916 in
2978 1852 3112 1916 eius

655 1957 1048 2037 dispendium
1077 1951 1576 2035 retorquendum.
1614 1952 1770 2037 Reg.
1806 1953 1911 2017 61.
1944 1954 2009 2017 in
2048 1953 2108 2017 6.

830 2054 1008 2128 477.
1058 2058 1128 2119 6⁰
1157 2055 1565 2139 Privilegium
1599 2054 2056 2135 affirmativum
2082 2074 2191 2139 per
2218 2076 2347 2120 non
2380 2076 2564 2121 usum
2609 2059 2820 2124 amitti
2848 2058 3110 2125 dicitur:

651 2161 1055 2227 nihilominus
1102 2157 1607 2242 distinguendum
1652 2176 1796 2221 cum
1842 2156 2067 2222 Suarez
2112 2158 2154 2221 l.
2204 2178 2256 2223 c.
2296 2179 2348 2223 0.
2382 2161 2489 2223 34.
2526 2159 2628 2225 16.
2676 2161 3107 2248 Privilegium,

652 2266 818 2349 quod
839 2262 1144 2329 redundat
1171 2262 1237 2326 in
1267 2279 1602 2347 gravamen
1635 2260 1700 2325 et
1728 2260 1910 2342 quasi
1938 2260 2305 2325 servitutem
2336 2262 2623 2339 aliorum,
2650 2265 2908 2329 eatenus
2933 2266 3115 2331 amit-

652 2369 810 2432 titur
839 2386 947 2450 per
976 2384 1099 2430 non
1130 2383 1333 2443 usum,
1372 2364 1679 2445 quatenus
1709 2362 2111 2445 praescriptio
2146 2361 2490 2444 intercedit,
2530 2383 2655 2446 qua
2701 2365 2812 2430 alii
2843 2368 3110 2449 possunt

651 2471 868 2536 contra
911 2467 1376 2554 privilegiatum
1424 2465 1851 2549 praescribere,
1884 2465 2050 2548 quod
2093 2465 2442 2547 frequenter
2477 2486 2601 2532 non
2632 2468 2707 2533 fit
2735 2470 2867 2534 sine
2900 2471 3112 2553 aliquo

651 2573 918 2658 positivo
967 2572 1110 2636 actu
1154 2571 1350 2655 ipsius
1396 2568 1885 2651 praescribentis.
1935 2567 2123 2633 Ratio
2171 2569 2284 2646 est,
2334 2569 2481 2651 quia
2528 2591 2671 2636 cum
2716 2572 2869 2638 haec
2922 2573 3110 2656 privi-

650 2678 815 2761 legia
861 2675 1202 2739 redundent
1246 2673 1311 2736 in
1357 2671 1720 2735 servitutem
1767 2689 1876 2734 seu
1923 2670 2367 2755 obligationem
2415 2675 2702 2753 aliorum,
2750 2676 2910 2754 iura,
2951 2697 3112 2759 quae

652 2776 990 2860 disponunt
1033 2776 1106 2840 de
1152 2772 1481 2838 amissione
1527 2772 1904 2836 servitutum
1950 2792 2057 2856 per
2101 2792 2223 2838 non
2270 2794 2473 2853 usum,
2522 2777 2587 2841 111
2636 2778 2947 2844 similibus
2998 2781 3117 2863 pri-

651 2878 894 2963 vilegiis
939 2878 1146 2941 locum
1190 2873 1438 2938 habent.
1487 2873 1665 2952 Quod
1702 2873 1756 2937 si
1801 2874 2157 2956 inquiratur
2192 2879 2411 2959 quanti
2457 2880 2754 2963 temporis
2794 2900 2916 2946 non
2956 2901 3109 2948 usus

648 2980 1028 3048 necessarius
1072 2978 1156 3043 sit
1202 2977 1267 3041 et
1310 2975 1583 3041 sufficiat
1626 2977 1701 3039 ut
1745 2996 1854 3059 per
1898 2978 2079 3041 illum
2116 2978 2512 3065 privilegium
2558 2982 2912 3061 amittatur,
2946 3004 3112 3050 com·

647 3083 853 3148 munis
898 3080 1205 3147 sententia
1249 3080 1365 3157 est,
1412 3078 1775 3143 decennium
1813 3079 2091 3145 sufficere
2137 3082 2201 3145 et
2245 3083 2476 3163 requiri
2520 3085 2685 3150 inter
2730 3090 3106 3170 praesenteS,

647 3204 840 3251 annos
885 3183 1112 3268 viginti
1155 3183 1318 3246 inter
1365 3181 1674 3245 absentes:
1715 3182 1901 3247 modo
1947 3182 2161 3247 utendi
2211 3184 2451 3249 occasio
2494 3185 2701 3251 fuerit.

830 3289 898 3352 7⁰
927 3285 1285 3370 Privilegia,
1334 3304 1494 3366 quae
1537 3302 1661 3348 non
1707 3284 1935 3348 cedunt
1976 3285 2042 3349 in
2088 3286 2355 3351 aliorum
2399 3307 2755 3372 gravamen,
2804 3293 2913 3358 sed
2959 3297 3109 3360 sunt

645 3391 887 3455 favores
932 3388 1226 3471 speciales
1270 3386 1466 3468 ipsius
1513 3385 1913 3470 privilegiati,
1959 3405 2082 3452 non
2130 3388 2510 3455 amittuntur
2554 3411 2664 3475 per
2714 3411 2839 3459 11011
2892 3415 3098 3474 11311111,

647 3493 757 3574 qui
800 3509 948 3554 sane
993 3509 1115 3554 non
1165 3488 1528 3552 adversatur
1556 3487 1674 3569 ipsi
1712 3488 2037 3573 privilegio
2070 3508 2178 3554 seu
2209 3491 2351 3570 iuri,
2386 3493 2492 3557 sed
2530 3494 2738 3560 solum
2774 3499 2917 3562 usui
2951 3499 3106 3574 01113,

647 3594 756 3676 qui
801 3595 1011 3656 tamen
1054 3591 1433 3655 necessarius
1468 3609 1593 3654 non
1639 3592 1766 3654 est:
1799 3609 1912 3654 nec
1940 3591 2319 3658 amittuntur
2356 3614 2463 3678 per
2495 3597 2764 3662 aliorum
2808 3601 3107 3682 praescri-

646 3696 941 3779 ptionem,
981 3713 1140 3777 quae
1168 3694 1234 3758 111
1271 3693 1368 3757 1113
1398 3694 1609 3757 10011111
1638 3693 1863 3758 habere
1899 3694 2135 3776 nequit.

732 3795 1023 3862 Ceterum
1046 3796 1297 3862 amissio
1329 3795 1639 3880 privilegii
1669 3815 1779 3878 per
1814 3815 1938 3861 non
1966 3815 2170 3875 usum,
2197 3799 2446 3879 quando
2469 3801 2632 3867 alius
2655 3801 2937 3888 legitime
2962 3826 3109 3872 con·

647 3902 744 3964 tra
779 3899 938 3964 illud
968 3899 1380 3983 praescripsit,
1413 3898 1584 3962 valet
1615 3898 1808 3962 etiam
1837 3899 1901 3963 111
1931 3900 2326 3965 conscientia.
2359 3899 2453 3966 Of.
2487 3901 2713 3969 Suarez
2745 3905 2787 3970 1.
2826 3908 2889 3972 8.
2916 3928 2970 3974 0.
2999 3911 3105 3974 34.

730 3998 912 4073 478.
953 4004 1022 4066 8⁰
1052 4002 1459 4086 Privilegium
1505 4001 1882 4082 περαίίυανη,
1928 4001 2080 4066 aliis
2124 4023 2452 4069 onerosum
2492 4007 2701 4072 amitti
2741 4011 2953 4091 potest
3008 4031 3113 4097 per

645 4124 830 4170 usum
876 4106 1255 4170 contrarium
1306 4104 1425 4187 ipsi
1478 4103 1840 4187 privilegio:
1889 4105 1996 4168 ubi
2040 4107 2192 4170 nota
2237 4125 2424 4171 usum
2472 4108 2625 4185 heic,
2692 4129 2867 4176 secus
2928 4134 3001 4180 ac
3045 4117 3107 4180 in

647 4208 1048 4290 praecedenti,
1097 4208 1186 4271 ire
1230 4208 1447 4270 contra
1490 4207 1700 4288 ipsum
1744 4206 2139 4292 privilegium
2194 4227 2305 4273 seu
2359 4209 2457 4274 ius
2504 4230 2575 4275 eo
2632 4231 2993 4281 concessum
3046 4219 3107 4282 et

645 4310 794 4374 haec
838 4311 936 4374 est
980 4309 1197 4393 regula
1233 4308 1579 4371 communis
1623 4307 1689 4371 in
1736 4309 1852 4372 hac
1881 4328 1979 4374 re:
2013 4311 2411 4395 privilegium
2458 4313 2668 4379 amitti
2714 4336 2823 4398 per
2861 4321 3108 4384 conta-a-

647 4411 808 4476 rium
846 4431 1049 4487 usum,
1076 4411 1128 4475 si
1159 4409 1661 4474 circumstantiae
1692 4412 2069 4478 necessariae
2100 4417 2487 4492 concurrant.
2523 4415 2594 4480 Id
2625 4417 2869 4485 duobus
2899 4422 3099 4487 modis

645 4514 774 4577 fieri
821 4516 1048 4599 potest.
1097 4514 1414 4597 Laymann
1461 4513 1503 4576 1.
1554 4514 1614 4578 5.
1654 4535 1713 4579 11.
1767 4516 1908 4580 23.;
1948 4540 1985 4575 «
2018 4517 2229 4583 Ρ111110
2277 4537 2385 4601 per
2415 4522 2999 4602 praescr-emtam,
3046 4525 3093 4590 si
