3529 5158
304 349 409 425 [38]
962 365 1359 408 mnoaamu.
1397 369 1733 411 mscnmms
1772 372 1852 410 AB
1894 371 2142 411 annom]
2702 361 2775 414 33

303 463 551 536 falsum,
578 461 748 542 quod
793 465 889 526 est
935 464 1156 529 erroris
1203 466 1522 549 proprium
1555 494 1616 530 ».
1652 466 1825 547 Quae
1871 468 2056 531 verba
2089 468 2321 532 inserta
2369 472 2516 533 sunt
2561 470 2624 534 in
2658 471 2774 535 De-

304 566 542 628 cretum
590 562 881 627 Gratiani
926 566 1087 630 Dist.
1123 567 1229 630 38.
1264 586 1395 649 cap.
1437 569 1540 631 11.
1581 567 1717 648 Quo
1764 569 1926 633 circa
1975 589 2023 633 s,
2061 571 2331 635 Thomas
2380 591 2644 637 errorem
2696 574 2772 636 ab

306 665 664 749 ignorantia
711 664 1064 750 distinguit,
1115 670 1187 732 ut
1231 668 1295 732 in
1346 667 1631 748 Quodlib.
1667 674 1726 734 8.
1763 691 1820 735 a.
1860 673 1962 736 15.
1997 672 2316 753 inquiens:
2356 698 2392 731 «
2424 694 2592 739 error
2637 694 2777 739 con-

307 766 600 832 scientiae
631 767 1001 850 quandoque
1033 769 1220 834 habet
1253 771 1379 834 vim
1426 772 1785 837 absolvendi
1816 774 1945 837 sive
1992 774 2342 851 excusandi,
2375 776 2624 856 quando
2666 777 2776 840 sci-

306 869 450 934 licet
479 868 760 952 procedit
806 889 878 934 ex
923 871 1283 955 ignorantia
1331 873 1482 949 eius,
1510 874 1675 955 quod
1721 874 1861 955 quis
1894 875 2048 939 scire
2079 894 2201 940 non
2249 877 2459 958 potest
2490 877 2589 941 vel
2623 878 2774 941 scire

305 988 428 1035 non
475 972 759 1035 tenetur:
808 971 1178 1055 quandoque
1226 993 1369 1039 vero
1417 994 1584 1039 error
1627 976 2038 1040 conscientiae
2083 995 2206 1041 non
2254 977 2443 1041 habet
2489 978 2618 1042 vim
2673 979 2775 1042 ab-

307 1077 586 1141 solvendi
632 1079 733 1143 vel
794 1080 1143 1157 excusandi,
1194 1080 1445 1160 quando
1491 1080 1730 1144 scilicet
1773 1083 1903 1160 ipse
1949 1102 2129 1146 error
2176 1087 2503 1162 peccatum
2548 1089 2659 1158 est,
2709 1088 2784 1147 ut

306 1200 445 1242 cum
474 1180 768 1259 procedit
810 1201 889 1244 ex
922 1183 1292 1263 iynorantia
1342 1183 1496 1256 eius,
1546 1182 1714 1263 quod
1756 1184 1900 1263 quis
1943 1170 2104 1247 scire
2154 1187 2396 1247 tenetur
2441 1188 2503 1247 et
2547 1189 2776 1265 potest,

311 1283 473 1347 sicut
518 1282 574 1346 si
617 1282 889 1348 crederet
934 1283 1403 1349 fornicationem
1450 1285 1794 1368 simplicem
1840 1304 1970 1350 esse
2018 1288 2342 1369 peccatum
2388 1288 2629 1352 veniale
2663 1313 2723 1351 ».

398 1384 482 1448 Et
526 1402 674 1449 sane
721 1404 872 1449 usus
918 1386 1262 1450 communis
1324 1389 1387 1451 et
1432 1387 1567 1469 ipsa
1614 1387 1994 1452 consuetudo
2050 1389 2464 1453 ecclesiastica
2511 1408 2777 1455 errorem

314 1487 464 1551 dicit
505 1487 830 1569 quodlibet
889 1488 1190 1553 iudicium
1237 1490 1507 1567 falsum3
1558 1492 1627 1554 at
1672 1491 1974 1555 iudicium
2021 1492 2250 1563 falsum
2303 1511 2485 1556 nemo
2535 1493 2778 1575 proprie

316 1589 589 1672 appellat
632 1589 1074 1674 ignorantiam,
1110 1591 1215 1655 sed
1261 1591 1338 1654 ad
1386 1610 1700 1656 summum
1740 1593 2002 1657 dicimus
2050 1593 2335 1658 effectum
2364 1593 2777 1676 ignorantiae,

316 1691 367 1754 si
397 1691 476 1754 ab
507 1691 625 1754 hac
658 1690 951 1773 procedit.
988 1691 1234 1757 Scilicet
1264 1692 1565 1757 iudicium
1597 1693 1827 1757 falsum
1859 1696 1922 1758 et
1954 1694 2032 1757 ab
2063 1682 2420 1778 ignorantia
2460 1695 2780 1776 provenire

318 1794 525 1874 potest
554 1793 617 1857 et
649 1811 686 1856 a
719 1793 1072 1858 temeritate
1117 1794 1309 1871 illius,
1344 1795 1452 1876 qui
1498 1794 1872 1859 sententiam
1917 1794 2036 1859 fert
2081 1812 2204 1859 non
2243 1796 2782 1877 proportionatam

317 1898 445 1962 illis
475 1897 789 1962 iudicandi
830 1898 1107 1975 motiviS,
1142 1918 1301 1981 quae
1346 1919 1491 1982 prae
1525 1899 1720 1964 oculis
1767 1899 1974 1964 habet.
2009 1900 2201 1964 Porro
2249 1918 2392 1964 cum
2424 1900 2780 1984 ignorantia

318 1998 502 2080 (quae
532 2000 969 2082 complectitur
1014 2002 1206 2065 etiam
1235 2000 1856 2066 inconsiderationem
1887 2002 1950 2065 et
1984 2000 2386 2085 oblivionem)
2417 2000 2616 2085 possit
2648 2019 2778 2065 esse

319 2103 454 2165 tum
499 2100 810 2165 vincibilis
872 2102 1010 2166 tum
1055 2101 1450 2179 invincibiliS,
1498 2101 1642 2165 hinc
1704 2121 1872 2167 error
1920 2102 2037 2166 erit
2083 2103 2184 2167 vel
2229 2103 2623 2167 voluntarius
2683 2102 2784 2167 vel

319 2201 796 2267 involuntarius.

417 2304 478 2368 N
481 2324 563 2370 on
624 2324 955 2388 possumus
1000 2306 1226 2370 idcirco
1273 2306 1653 2388 acquiescere
1713 2306 1779 2369 in
1839 2305 1951 2370 illa
2015 2306 2340 2382 sententia,
2390 2325 2549 2387 quae
2609 2306 2781 2379 dicit,

325 2424 567 2471 omnem
613 2426 881 2472 errorem
928 2426 1036 2473 seu
1082 2407 1384 2472 iudicium
1428 2407 1657 2473 falsum
1713 2426 1844 2472 esse
1890 2407 2335 2472 voluntarium.

424 2604 564 2656 XVI.
592 2599 924 2667 Multipliciter
961 2599 1194 2664 distingui
1230 2602 1357 2655 solet
1393 2599 1663 2665 ignorantia
1702 2607 1804 2653 tum
1833 2601 1887 2653 ⁴⁰
1914 2598 2102 2653 ratione
2124 2597 2348 2662 subiecti,
2379 2605 2481 2653 tum
2510 2598 2563 2651 2⁰
2590 2596 2780 2652 ratione

325 2685 521 2750 obiecti,
542 2693 643 2739 tum
678 2684 887 2750 denique
913 2685 969 2737 3⁰
994 2685 1181 2738 ratione
1221 2684 1430 2739 actionis
1468 2700 1556 2739 seu
1594 2683 1883 2739 voluntatis.

432 2771 588 2824 xvn.
617 2772 674 2822 Et
712 2767 901 2822 ratione
940 2767 1135 2834 quidem
1175 2768 1383 2823 subiecti
1409 2783 1497 2823 seu
1534 2767 1747 2823 hominis
1773 2766 2061 2832 ignorantis,
2087 2769 2381 2834 quandoque
2407 2766 2681 2832 ignorantia
2708 2774 2784 2822 est

325 2851 635 2919 invincibilia
661 2854 953 2918 quandoque
988 2851 1251 2906 vincibilis

422 2943 474 2999 a)
500 2935 802 2991 invincibilis
827 2935 1021 2999 dicitur,
1047 2951 1174 3003 quae
1212 2936 1384 2990 morali
1422 2937 1671 3002 diligentia
1710 2938 1929 2993 adhibita
1969 2937 2149 3005 depelli
2187 2952 2283 2990 non
2316 2937 2493 3004 potuit,
2522 2936 2629 2990 sive
2666 2935 2780 3002 quia

327 3023 384 3075 de
407 3036 462 3076 re
487 3021 718 3088 quapiam
754 3019 1093 3084 investiganda
1121 3022 1250 3075 nulla
1278 3020 1509 3085 cogitatio
1534 3020 1699 3084 subiit,
1728 3021 1836 3075 sive
1863 3021 1975 3088 quia
2002 3024 2232 3074 obortum
2270 3024 2398 3074 rorte
2423 3019 2642 3082 dubium,
2670 3026 2780 3072 utut

234 3165 253 3184 ,
331 3104 578 3170 diligentia
605 3103 838 3168 adhibita,
867 3103 1028 3158 disiiei
1053 3119 1148 3158 non
1175 3104 1351 3171 potuit.
1378 3107 1528 3168 Haec,
1556 3105 1630 3159 uti
1658 3111 1809 3173 patet,
1838 3120 1934 3159 non
1963 3112 2039 3159 est
2063 3103 2226 3169 agenti
2252 3102 2547 3157 voluntaria.

411 3242 539 3316 38.
574 3245 819 3329 Duplex
849 3245 1083 3309 scilicet
1129 3247 1224 3310 est
1253 3245 1644 3331 ignorantiae
1681 3244 2057 3308 invincibilis
2102 3242 2352 3307 modus:
2391 3244 2458 3306 1ο
2489 3262 2630 3306 cum
2661 3260 2784 3306 non

328 3348 494 3411 subit
526 3347 832 3431 cogitatio
857 3346 929 3411 de
960 3346 1311 3432 indagando
1344 3349 1407 3411 et
1430 3347 1677 3410 etiamsi
1710 3346 1929 3410 subeat
1961 3343 2284 3429 cogitatio,
2309 3363 2433 3409 non
2467 3343 2554 3408 sic
2576 3346 2786 3409 tamen

330 3451 518 3524 subit,
564 3451 641 3513 ut
687 3451 901 3532 putem
948 3469 1046 3513 me
1093 3449 1287 3514 teneri
1336 3447 1413 3512 ad
1459 3448 1520 3511 id
1567 3448 1666 3512 vel
1713 3448 1793 3512 ad
1840 3447 2140 3511 utendum
2186 3447 2303 3511 tali
2346 3447 2569 3512 medio.
2618 3447 2789 3513 Haec

331 3551 749 3635 propriissime
795 3553 889 3616 est
932 3552 1288 3637 ignorantia
1332 3550 1739 3615 invincibilis:
1777 3551 1847 3613 2⁰
1878 3550 2122 3632 quando
2170 3550 2356 3614 homo
2404 3551 2695 3615 dubitans
2727 3570 2791 3616 se

329 3656 633 3740 ignorare,
660 3653 913 3719 adhibet
943 3653 1333 3738 diligentiam
1355 3654 1655 3718 moralem
1678 3654 1741 3716 et
1771 3653 2022 3738 negotio
2056 3651 2521 3716 accomodatam
2545 3653 2607 3717 et
2637 3653 2793 3717 nihi-

332 3756 600 3821 lominus
647 3756 1066 3840 ignorantiam
1098 3774 1219 3820 non
1252 3756 1519 3838 expellit.
1555 3753 1779 3820 Suarez
1811 3756 1890 3818 tr.
1928 3755 1987 3818 2.
2023 3754 2178 3838 disp.
2213 3754 2275 3816 4.
2310 3755 2456 3818 sect.
2493 3756 2553 3817 2.
2587 3775 2646 3818 n.
2683 3756 2788 3819 20.

421 3858 615 3922 Incidi
662 3858 761 3921 bis
807 3858 1021 3922 diebus
1067 3857 1130 3922 in
1174 3857 1457 3922 libellum
1503 3857 1726 3941 gallice
1773 3857 2092 3939 scriptum,
2141 3857 2206 3919 in
2253 3874 2374 3936 quo
2422 3856 2789 3940 negabatur,

336 3960 755 4044 ignorantiam
802 3960 1012 4025 adesse
1073 3980 1269 4044 posse,
1317 3962 1425 4025 ubi
1471 3960 1728 4024 dubium
1777 3958 2029 4041 aliquod
2091 3959 2372 4022 exortum
2416 3956 2625 4021 fuerit.
2675 3957 2789 4022 Sed

339 4061 499 4126 haud
544 4048 733 4139 recte,
783 4063 911 4126 sive
959 4063 1239 4145 quaestio
1287 4063 1371 4127 sit
1417 4063 1491 4126 de
1537 4062 1701 4126 facto
1750 4062 1880 4126 sive
1926 4061 1999 4124 de
2046 4061 2196 4125 iure.

425 4162 523 4228 Sic
553 4184 613 4229 v.
650 4184 745 4247 gr.
781 4166 958 4247 pater
989 4164 1179 4228 teneri
1212 4167 1419 4247 potest
1450 4164 1816 4228 distribuere
1861 4163 2022 4229 bona
2055 4161 2202 4226 filiis
2232 4180 2354 4226 non
2401 4161 2531 4226 suis
2563 4161 2796 4247 duplici

347 4283 413 4327 ex
455 4283 671 4329 causa:
712 4265 783 4328 1·
812 4265 959 4346 quia
1006 4285 1321 4347 nunquam
1368 4266 1717 4348 suspicatus
1764 4267 1860 4330 est
1904 4265 1976 4330 de
2023 4264 2231 4330 uxoris
2278 4264 2604 4342 adulterio,
2639 4265 2799 4329 unde

349 4366 785 4432 invincibiliter
816 4370 1020 4451 putat,
1056 4388 1265 4434 omnes
1295 4370 1457 4434 filios
1490 4388 1620 4434 esse
1667 4387 1846 4434 suos:
1883 4370 1955 4431 2⁸
1984 4369 2132 4451 quia
2165 4369 2375 4433 exorto
2407 4367 2555 4432 licet
2606 4368 2794 4432 dnbio

353 4489 453 4536 seu
484 4472 833 4555 suspicione
865 4474 928 4536 et
974 4470 1296 4557 diligentia
1342 4473 1623 4539 adhibita
1654 4472 1860 4555 (siqua
1892 4473 2102 4556 potuit
2141 4471 2442 4554 adhiberi)
2472 4472 2630 4535 nihil
2661 4473 2801 4555 plus

505 4594 801 4647 Batauum,
831 4591 1003 4640 Hornl.
1032 4593 1181 4637 Tomo
1206 4594 1249 4637 1.
2615 4593 2644 4634 3
