3529 5158
375 288 534 366 [449]
607 303 672 343 m
710 301 902 343 numo
939 302 1022 342 1111
1061 301 1260 344 causa
1299 302 1394 342 su·
1427 300 1696 344 munus.
1731 302 2023 345 unsri-As
2062 304 2302 347 nomen
2340 305 2658 349 3110033111
2754 297 2858 352 431

376 401 486 466 vel
532 398 935 482 simplicitate
974 417 1045 463 ac
1081 399 1240 464 bona
1273 397 1391 463 fide
1425 398 1767 464 falsitatem
1812 402 2130 484 expressit,
2166 403 2314 466 tunc
2360 423 2481 468 non
2512 403 2857 486 dicendum,

378 507 653 572 alteram
699 523 946 587 quoque
992 523 1123 570 esse
1168 504 1436 580 nullam3
1477 505 1625 586 quia
1656 505 1808 570 bene
1853 506 2125 573 creditur
2169 508 2455 573 Pontifex
2491 511 2649 574 velle
2679 529 2858 576 suam

376 606 911 693 dispensationem
942 607 1168 684 valere,
1209 606 1413 689 quoad
1446 606 1578 671 fieri
1609 609 1836 690 potest,
1871 628 2014 673 cum
2048 613 2293 675 oratore
2330 630 2453 676 non
2484 612 2722 678 doloso.

476 710 644 775 Nam
675 711 740 773 et
768 709 921 773 haec
950 728 1196 791 quoque
1226 709 1509 774 doctrina
1539 713 1886 776 communis
1923 715 2019 777 est
2041 712 2290 795 (Sanch.
2324 716 2430 779 lib.
2466 718 2526 779 8.
2561 717 2717 801 disp.
2753 720 2858 782 21.

381 836 449 880 11.
484 814 624 895 42.)
652 836 667 878 :
707 813 763 878 si
808 812 1055 895 quando
1087 812 1153 876 in
1182 812 1480 895 rescripto
1527 814 1735 896 plures
1759 815 2189 898 exprimuntur
2217 835 2441 882 causae
2486 820 2858 902 copulative,

381 938 661 1002 quarum
699 917 859 982 aliae
890 936 1071 982 verae
1103 915 1249 992 sint,
1300 916 1457 980 aliae
1503 916 1718 996 falsae,
1771 919 1918 982 tunc
1964 919 2362 1001 spectandam
2408 940 2540 986 esse
2585 941 2858 996 causam,

380 1041 517 1105 qua
564 1020 792 1085 nititur
818 1019 1208 1102 rescriptum,
1243 1018 1373 1082 scil.
1414 1019 1813 1085 intrinsecam
1845 1022 2032 1102 atque
2057 1040 2128 1084 ea
2166 1022 2496 1087 exsistente
2533 1043 2698 1101 vera,
2738 1044 2859 1090 non

383 1124 671 1190 obstabit
702 1122 966 1188 aliarum
1007 1120 1269 1185 falsitas.
1306 1120 1515 1198 Ratio,
1551 1122 1699 1203 quia
1743 1123 1880 1186 sola
1916 1122 2160 1187 falsitas
2193 1142 2416 1188 causae
2452 1125 2658 1191 finalis
2682 1126 2857 1208 (ibid.

380 1248 450 1291 n.
493 1226 631 1309 44.)
661 1225 823 1290 idest
868 1243 994 1306 qua
1040 1242 1188 1290 vera
1219 1224 1424 1306 posita
1471 1223 1632 1289 solet
1677 1224 1964 1289 Pontifex
2010 1224 2362 1309 dispensare
2414 1228 2479 1290 et
2525 1228 2604 1292 ob
2648 1248 2859 1310 quam,

383 1327 604 1392 tacitis
651 1326 793 1392 aliis
831 1326 1036 1391 causis
1068 1325 1261 1403 falsis,
1313 1324 1694 1408 dispensatio
1741 1326 2193 1405 concederetur,
2242 1328 2418 1392 illam
2464 1329 2670 1393 vitiat.
2720 1330 2862 1394 Vid.

384 1428 614 1494 Sanch.
648 1450 708 1492 n.
743 1429 848 1493 44.
884 1429 990 1491 45.
1025 1427 1303 1511 exempla
1351 1427 1829 1511 dispensationis
1869 1429 1945 1493 ad
1985 1429 2317 1495 vivendum
2364 1434 2535 1495 extra
2583 1432 2859 1497 claustra

380 1534 453 1597 et
477 1530 554 1595 ad
579 1529 917 1595 ineundum
940 1529 1430 1594 matrimonium.
1466 1530 1605 1595 Vid.
1642 1533 1706 1595 et
1721 1531 2038 1596 Reiffenst.
2073 1534 2135 1596 in
2167 1533 2275 1597 lib.
2317 1534 2371 1597 1.
2408 1534 2506 1597 tit.
2543 1536 2683 1599 3.n.
2708 1536 2787 1598 1.7
2798 1536 2853 1598 7.

386 1633 540 1697 179.
574 1633 638 1697 01
667 1653 727 1696 3.
769 1632 914 1695 184.
953 1631 1101 1696 194.

479 1734 658 1814 Quod
694 1735 749 1800 si
780 1754 921 1799 cum
959 1735 1166 1817 plures
1206 1735 1560 1820 allegantur
1591 1754 1836 1811 causae,
1870 1736 2016 1800 illae
2062 1736 2311 1818 quidem
2358 1737 2562 1802 solum
2610 1738 2858 1822 copula

381 1839 520 1903 tive
542 1838 827 1921 sumptae
864 1837 1273 1901 sufficientem
1310 1838 1643 1921 praebeant
1674 1837 2065 1921 dispensandi
2097 1858 2372 1913 causam,
2409 1839 2683 1921 alioquin
2712 1858 2854 1906 vero

379 1941 620 2025 partim
656 1959 839 2005 verae
883 1940 1031 2016 sint,
1065 1941 1295 2023 partim
1341 1940 1569 2015 falsae,
1554 1965 1568 1979 ·
1606 1941 1754 2006 tunc
1786 1961 1858 2005 ex
1895 1941 2170 2006 falsitate
2218 1942 2519 2008 eiusmodi
2552 1942 2858 2008 redundat

379 2044 664 2110 defectus
695 2061 920 2109 causae
941 2043 1166 2107 finalis.
1195 2043 1530 2108 Deficiente
1556 2045 1766 2109 autem
1798 2063 1986 2108 03333
2010 2045 2181 2108 finali
2207 2065 2278 2109 ac
2300 2045 2654 2118 sufficienti,
2668 2046 2858 2110 obre-

381 2147 579 2231 ptitia
616 2146 965 2212 censebitur
995 2146 1376 2230 dispensatio
1399 2166 1508 2210 nec
1541 2147 1853 2229 praesumi
1886 2147 2144 2230 potest
2130 2167 2192 2211 111
2226 2148 2538 2231 superiore
2564 2149 2856 2213 voluntas

383 2249 786 2332 dispensandi
815 2269 957 2314 cum
989 2268 1177 2313 causa
1222 2248 1644 2314 insufficienti.

482 2346 663 2421 449
691 2349 1013 2430 Quaerunt
1044 2351 1202 2427 DD.,
1239 2370 1316 2415 an
1343 2352 1507 2416 obsit
1545 2351 1745 2415 valori
1776 2351 2241 2433 dispensationi,
2283 2352 2335 2416 si
2373 2350 2580 2415 dolose
2608 2351 2853 2417 falsitas

377 2455 722 2539 quaepiam
747 2455 1148 2538 exprimatur.

477 2557 821 2642 Roncaglia
868 2556 942 2620 de
990 2555 1284 2621 Matrim.
1318 2557 1558 2638 quaest.
1601 2557 1660 2620 5.
1695 2575 1830 2640 cap.
1867 2558 1926 2621 2.
1968 2576 2026 2639 q.
2068 2556 2122 2620 1.
2152 2574 2309 2640 resp.
2359 2557 2421 2621 3.
2462 2556 2707 2624 videtur
2752 2557 2857 2623 do—

376 2681 542 2739 cere,
579 2679 826 2725 omnem
861 2660 1077 2725 dolum
1115 2660 1314 2725 valori
1347 2660 1626 2742 rescripti
1664 2660 1895 2735 obesse,
1929 2660 2079 2724 dum
2112 2659 2294 2725 dicit:
2351 2685 2387 2719 «
2428 2661 2855 2743 Quaecmnque

384 2763 638 2829 falsitas
699 2762 911 2829 dolose
969 2781 1250 2846 expressa
1298 2762 1486 2826 vitiat
1531 2763 1915 2845 rescriptum¹
1954 2788 2015 2826 ».
2066 2763 2147 2827 Et
2184 2763 2247 2827 in
2301 2781 2439 2828 eam
2501 2784 2632 2829 rem
2679 2764 2857 2830 affert

376 2865 574 2930 verba
605 2884 738 2948 cap.
768 2862 970 2943 Super
991 2863 1277 2941 Litteris,
1319 2863 1393 2926 de
1430 2863 1801 2943 Rescriptis,
1835 2865 2061 2946 quibus
2108 2864 2353 2942 dicitur,
2396 2865 2721 2931 Oratorem
2753 2866 2858 2931 do·

378 2971 593 3036 losum
648 2995 682 3028 «
730 2968 948 3034 debere
992 2988 1245 3052 prorsus
1283 2988 1487 3034 carere
1536 2969 1705 3033 omni
1735 2968 2061 3033 commodo
2108 2969 2482 3045 litterarum,
2516 2988 2659 3034 cum
2690 2990 2856 3033 men-

381 3072 506 3138 dax
543 3072 830 3156 precator
864 3088 1069 3136 carere
1092 3071 1312 3136 debeat
1344 3072 1590 3153 penitus
1623 3071 1974 3152 impetratis
2012 3096 2074 3131 ».

482 3173 601 3238 Sed
617 3174 889 3238 mentem
909 3192 1089 3237 suam
1112 3173 1380 3256 explicat
1411 3173 1475 3236 in
1502 3173 1684 3236 tract.
1726 3171 1800 3233 de
1828 3170 2045 3251 Leyib.
2082 3171 2320 3250 quaest.
2357 3171 2417 3233 5.
2445 3189 2577 3252 cap.
2606 3173 2666 3233 2.
2705 3191 2765 3252 q.
2795 3174 2854 3235 5.

385 3294 557 3357 resp.
599 3276 659 3337 2.
692 3275 914 3353 dicens,
948 3274 1013 3340 id
1043 3274 1538 3359 intelligendum.
1581 3273 1632 3337 si
1665 3273 1845 3337 dolus
1876 3272 2202 3355 contingat
2239 3272 2399 3336 circa
2429 3289 2683 3338 causam
2720 3289 2857 3337 mo-

385 3377 600 3443 tivam
621 3376 894 3457 finalem.
934 3378 1034 3442 Ita
1066 3378 1205 3442 ille:
1248 3401 1284 3434 «
1316 3375 1383 3440 Si
1420 3375 1621 3453 dolus,
1662 3395 1787 3456 quo
1826 3375 1950 3438 fuit
1988 3375 2241 3439 obtenta
2287 3375 2684 3458 dispensatio,
2733 3376 2857 3440 fuit

380 3480 552 3544 circa
601 3498 748 3556 rem,
798 3497 956 3562 quae
1004 3499 1074 3542 ex
1121 3480 1272 3556 iure,
1323 3478 1469 3542 stilo
1518 3476 1741 3542 Curiae
1790 3479 1903 3542 aut
1961 3477 2402 3543 consuetudine
2447 3478 2611 3543 clare
2662 3479 2859 3544 mani-

381 3582 672 3647 festanda
704 3583 788 3647 sit
817 3582 1216 3665 dispensanti,
1251 3582 1398 3646 talis
1435 3581 1617 3647 dolus
1648 3581 1836 3645 vitiat
1864 3581 2413 3664 dispensationem
2448 3583 2596 3664 quia
2631 3584 2856 3649 horum

389 3685 818 3750 manifestatio
851 3684 1121 3770 exigitur
1158 3704 1269 3768 pro
1315 3685 1516 3750 forma
1547 3684 1889 3750 necessaria
1927 3684 2004 3748 ad
2035 3684 2207 3750 illius
2245 3685 2546 3749 valorem:
2597 3687 2758 3750 unde
2804 3687 2856 3751 si

377 3788 600 3854 dolose
630 3788 1019 3871 procedatur,
1053 3807 1176 3853 non
1213 3788 1591 3871 intelligitur
1623 3787 1835 3853 adesse
1866 3807 2197 3853 consensus
2235 3788 2679 3870 dispensantis;
2715 3808 2857 3852 cum

387 3891 789 3975 intelligatur
834 3889 979 3955 dare
1026 3910 1412 3960 consensum,
1454 3890 1508 3954 si
1540 3890 1658 3954 sibi
1689 3891 2134 3974 exprimantur,
2175 3908 2334 3971 quae
2381 3890 2455 3952 de
2499 3890 2633 3953 iure
2665 3891 2858 3972 expri-

388 3993 618 4058 menda
656 3993 824 4058 sunt.
866 3993 965 4057 Ita
997 3993 1172 4057 nulla
1208 3995 1305 4059 est
1339 3993 1739 4076 dispensatio,
1777 3993 1829 4056 si
1876 3993 2056 4056 dolus
2094 3992 2178 4055 sit
2224 3992 2385 4055 circa
2430 4009 2683 4054 causam
2730 4011 2858 4056 mo-

381 4096 585 4160 tivam
615 4095 1016 4161 intrinsecam
1054 4096 1370 4172 materiae,
1406 4097 1480 4159 ut
1525 4096 1579 4160 si
1625 4095 1764 4177 quis
1804 4094 2040 4177 peteret
2069 4092 2591 4175 dispensationem
2623 4112 2661 4156 a
2707 4095 2855 4158 voto

382 4197 723 4274 0331113113,
757 4197 917 4261 falso
953 4197 1300 4281 allegando,
1336 4217 1400 4262 se
1433 4199 1743 4263 continere
1769 4215 1891 4261 non
1929 4215 2108 4279 posse
2140 4198 2286 4272 etc.;
2322 4214 2466 4258 nam
2491 4195 2855 4260 etiamtunc

387 4299 635 4365 falsitas
684 4300 748 4363 et
792 4299 974 4364 dolus
1010 4299 1278 4364 reddunt
1308 4301 1799 4365 involuntarium
1831 4318 2193 4365 consensum
2234 4298 2663 4381 dispensantis,
2713 4319 2854 4364 cum

386 4404 718 4484 censeatur
764 4403 969 4467 solum
1006 4403 1166 4467 velle
1196 4402 1566 4485 dispensare,
1608 4404 1661 4468 si
1708 4423 1849 4467 vere
1886 4421 2008 4467 non
2056 4402 2255 4485 possit
2299 4421 2363 4464 se
2410 4400 2741 4465 continere.
2792 4401 2858 4466 Si

391 4526 535 4572 vero
574 4525 764 4570 causa
810 4506 1049 4572 motiva
1098 4525 1219 4569 non
1252 4506 1334 4568 sit
1386 4508 1737 4584 intrinseca,
1774 4505 1878 4570 sed
1934 4506 2271 4570 extrinseca
2316 4505 2633 4582 materiae,
2684 4506 2759 4568 ut
2805 4504 2856 4569 si
