3529 5158
719 236 830 293 370
1221 247 1433 289 rusum.
1471 246 1562 286 111.
1599 245 1685 286 nn
1721 243 2002 287 nmmos
2041 242 2243 285 osen-1·
2278 243 2367 283 111.
2405 242 2547 284 nun.
2587 241 2676 281 111.
3036 222 3185 299 [374]

1794 467 1956 530 Dus.
1984 467 2099 530 III.
2130 450 2133 453 ’

1194 624 1307 688 An
1337 623 1695 704 satisfaciat
1725 628 2058 705 praecepto
2105 626 2217 707 qui
2250 624 2491 705 faciens
2526 645 2697 707 opus,

1101 725 1127 749 ’
1196 748 1484 809 expresse
1517 727 1792 792 intendit
1805 749 1930 809 per
1959 726 2127 791 illud
2153 747 2280 792 non
2315 726 2698 807 satisfacere.

826 908 903 960 Ll.
928 909 1075 971 Resp.
1103 901 1362 957 satisfacit.
1391 906 1458 956 lta
1485 905 1628 955 Suar.
1657 903 1770 955 Val.
1799 904 1948 968 Vasq.
1976 903 2009 956 1.
2037 917 2078 955 c.
2104 909 2151 955 et
2183 905 2318 955 Less.
2347 906 2376 955 l.
2405 905 2454 955 2.
2475 918 2517 955 c.
2537 903 2589 955 7.
2619 903 2736 955 dub.
2763 904 2845 955 10.
2866 908 3036 955 contra
3055 904 3173 955 Nav.

714 996 844 1046 Azor
868 998 962 1045 etc.
988 989 1132 1043 Ratio
1170 993 1260 1052 est,
1290 987 1401 1054 quia
1429 994 1689 1054 praecepta
1719 992 1906 1040 tantum
1932 986 2148 1051 obligant
2171 990 2233 1040 ad
2258 986 2578 1041 substantiam
2605 986 2770 1054 operis
2795 986 3016 1051 iniuncti,
3043 1002 3173 1051 ergo,

712 1078 798 1133 illa
837 1075 1017 1144 posita,
1044 1089 1140 1129 non
1179 1079 1253 1127 est
1287 1073 1338 1126 in
1376 1079 1617 1139 potestate
1654 1072 1921 1139 operantis„
1950 1080 2124 1126 utnon
2161 1072 2441 1127 satisfaciat.
2469 1075 2566 1127 Nec
2603 1076 2754 1126 refert
2797 1075 2843 1126 l.
2870 1075 3003 1138 quod
3040 1079 3174 1126 actus

714 1178 815 1216 non
853 1166 1120 1227 operentur
1160 1162 1287 1213 ultra
1323 1156 1642 1212 intentionem
1678 1157 1896 1222 agentis;
1921 1156 2034 1223 quia
2071 1157 2121 1211 id
2159 1156 2462 1222 intelligitur,
2501 1159 2696 1223 quando
2736 1164 2811 1212 est
2846 1156 2896 1211 in
2936 1164 3172 1225 potestate

714 1246 981 1315 operantis,
1010 1262 1058 1299 v.
1084 1260 1157 1310 gr.
1186 1245 1484 1310 satisfacere,
1512 1245 1591 1297 vel
1619 1258 1730 1296 non.
1753 1246 1851 1297 Nec
1879 1247 1927 1296 2.
1948 1245 2079 1310 quod
2107 1243 2191 1310 qui
2218 1245 2363 1297 debet
2388 1243 2528 1297 alteri
2552 1250 2763 1310 centum,
2792 1258 2888 1297 non
2914 1242 3173 1299 satisfaciat

714 1329 1019 1395 obligationi,
1045 1329 1086 1383 si
1114 1328 1306 1384 liberali
1330 1328 1593 1383 donatione
1619 1329 1702 1381 det
1727 1330 1980 1381 ducentos.
2009 1331 2105 1381 Nec
2133 1330 2181 1381 3.
2209 1329 2337 1394 quod
2367 1334 2483 1381 voto
2509 1327 2753 1393 obligatus
2790 1329 2849 1380 ad
2877 1320 3171 1383 recitandum

713 1415 988 1477 Rosarium‚
1017 1414 1058 1468 si
1094 1413 1263 1469 recitet
1302 1414 1460 1467 animo
1501 1428 1596 1466 non
1634 1413 1884 1480 implendi,
1912 1428 2005 1465 non
2046 1412 2326 1466 satisfaciat.
2354 1411 2497 1466 Ratio
2535 1418 2626 1475 est,
2657 1411 2771 1479 quia
2799 1416 2892 1466 bae
2919 1419 2969 1466 et
2995 1411 3173 1467 similes

713 1499 1039 1565 obligationes
1063 1497 1360 1566 proveniunt
1385 1512 1446 1552 ex
1474 1500 1725 1551 voluntate
1753 1496 2096 1564 promittentis,
2118 1498 2218 1563 qui,
2245 1497 2372 1551 sicut
2395 1500 2458 1549 ab
2482 1495 2624 1550 initio
2642 1496 2912 1551 debitorem
2939 1512 2994 1551 se
3025 1497 3173 1551 libere

710 1584 979 1649 coustituit,
1005 1584 1077 1639 sie
1095 1583 1146 1637 in
1164 1582 1331 1638 debito
1353 1585 1603 1637 reddendo
1623 1583 1748 1637 liber
1771 1596 2050 1650 permanere
2071 1587 2260 1649 potest:
2283 1580 2517 1646 obligatio
2538 1593 2702 1635 autem
2727 1581 3054 1649 parendi-legi
3072 1597 3178 1650 pro-

712 1669 850 1725 venit
875 1685 936 1724 ex
964 1671 1216 1724 voluntate
1245 1667 1566 1735 legislatoris3
1592 1667 1803 1734 ideoque
1841 1682 1936 1720 non
1974 1666 2255 1721 extenditur
2295 1670 2420 1720 ultra
2448 1666 2554 1720 eius
2590 1665 2907 1720 intentionem
2934 1673 2984 1720 et
3013 1671 3182 1721 volun·

711 1761 877 1819 tatem,
899 1770 1070 1822 nempe
1098 1756 1225 1809 ultra
1251 1752 1569 1807 substantiam
1595 1753 1761 1819 operis
1789 1752 2054 1819 praecepti.
2079 1750 2201 1804 Con.
2227 1767 2271 1803 n.
2296 1753 2414 1816 309,
2441 1765 2488 1804 v.
2504 1754 2640 1804 Less,
2671 1753 2702 1802 l.
2722 1766 2766 1804 c.
2789 1757 2836 1804 et
2857 1753 3030 1816 Laym.
3054 1751 3181 1805 heic.

1332 1952 1399 2018 U
1391 1952 1510 2015 nde
1542 1951 1941 2016 resolvuntur
1986 1953 2308 2031 sequentes
2363 1948 2582 2015 Casus.

821 2128 919 2180 Lll.
949 2128 998 2179 l.
1025 2126 1278 2188 Sacerdos,
1305 2125 1390 2190 qui
1429 2124 1543 2189 legit
1576 2128 1738 2179 Horas
1775 2139 1870 2178 non
1908 2138 1964 2177 ea
2003 2124 2286 2185 devotione,
2316 2139 2410 2189 qua
2450 2124 2623 2188 voluit,
2664 2123 2878 2195 ideoque
2917 2127 3179 2193 proposuit

713 2215 776 2267 ad
802 2209 1194 2265 satisfaciendum
1222 2217 1487 2277 praecepto
1514 2217 1753 2276 repetere,
1775 2209 1869 2263 etsi
1895 2208 2072 2262 deinde
2095 2222 2191 2263 nou
2213 2216 2419 2276 repetat,
2439 2208 2674 2265 satisfecit
2701 2216 2863 2266 tamen
2889 2219 3174 2280 praecepto.

712 2301 858 2353 Suar.
881 2298 1005 2353 Con.
1030 2294 1179 2350 Card.
1204 2298 1267 2350 de
1291 2298 1429 2360 Lugo
1454 2295 1520 2350 de
1545 2294 1715 2350 Euch.
1742 2294 1870 2361 disp.
1898 2297 1981 2348 22.
2011 2309 2055 2347 n.
2087 2295 2171 2348 24.
2198 2301 2292 2348 ete.

823 2384 941 2435 Llll.
967 2384 1018 2435 2.
1038 2380 1255 2435 Audiens
1291 2394 1484 2433 sacrum
1510 2381 1590 2433 die
1629 2384 1771 2446 feste,
1797 2381 1928 2445 quod
1966 2378 2059 2433 scit
2095 2394 2204 2432 esse
2242 2379 2465 2433 ultimum
2503 2379 2623 2446 (vel,
2653 2379 2694 2433 si
2720 2395 2817 2434 non
2846 2380 2909 2435 sit
2936 2382 3173 2443 ultimum,

710 2465 967 2519 intendens
1006 2481 1100 2519 non
1141 2465 1312 2517 audire
1339 2464 1492 2530 aliud)
1521 2463 1632 2517 licet
1659 2463 1922 2517 intenderit
1950 2478 2044 2517 non
2084 2463 2383 2530 satisfacere,
2416 2478 2534 2519 vere
2571 2471 2729 2519 tamen
2769 2465 3007 2521 satisfecit
3042 2482 3171 2534 prae-

709 2557 854 2618 cepto
891 2552 953 2604 de
992 2549 1233 2604 audienda
1273 2548 1417 2603 Missa
1429 2564 1444 2616 ;
1472 2548 1565 2603 etsi
1602 2548 1818 2616 peccarit
1849 2555 2019 2603 contra
2046 2548 2177 2603 aliud
2218 2557 2549 2617 praeceptum,
2576 2564 2673 2617 quo
2699 2549 2808 2617 quis
2834 2557 3033 2606 tenetur
3069 2567 3171 2607 esse

711 2635 939 2690 subditus
978 2634 1258 2699 legislatori.
1282 2634 1431 2687 Card.
1457 2636 1519 2687 de
1557 2637 1693 2699 Lugo
1730 2637 1824 2688 loc.
1852 2634 1934 2688 cit.

819 2722 949 2775 LlV.
977 2722 1026 2772 3.
1053 2723 1114 2784 ls,
1142 2719 1227 2787 qui
1265 2735 1459 2774 sacrum
1497 2719 1685 2774 audivit
1724 2720 1804 2774 die
1843 2723 1985 2786 festo,
2010 2719 2127 2786 legit
2167 2723 2327 2776 Horas
2365 2720 2642 2788 canonicaS‚
2671 2721 2887 2775 absolvit
2926 2722 3167 2789 poeniten·

709 2804 827 2860 tiam
865 2809 1284 2869 sacramentalem,
1324 2821 1435 2860 cum
1474 2805 1635 2860 animo
1677 2820 1771 2859 non
1811 2805 2154 2872 satisfaciendi,
2194 2821 2290 2860 non
2328 2813 2521 2861 tenetur
2560 2815 2730 2873 postea
2777 2816 2971 2862 mutare
3010 2812 3164 2862 volun·

709 2896 875 2955 tatem,
904 2897 958 2945 ut
985 2890 1103 2945 velit
1130 2905 1218 2958 per
1259 2892 1559 2958 praecedens
1596 2905 1720 2958 opus
1759 2890 2081 2957 satisfecisse;
2110 2890 2221 2958 quia
2249 2906 2367 2945 vere
2397 2890 2648 2946 satisfecit.
2673 2896 2849 2948 Sancb.
2880 2895 3023 2949 Salas
3048 2896 3094 2948 d.
3119 2895 3160 2945 9.

709 2989 757 3028 n.
785 2976 870 3027 33.
893 2973 1040 3028 Card.
1067 2977 1128 3029 de
1165 2978 1301 3040 Lugo
1343 2978 1373 3029 Ι.
1401 2991 1442 3028 c.

797 3116 982 3194 374.
1019 3121 1118 3187 Ad
1142 3121 1325 3205 Resp.
1361 3141 1409 3187 s.
1444 3120 1801 3206 Alphonsus
1825 3121 1931 3188 lib.
1966 3123 2021 3185 1.
2057 3142 2115 3185 n.
2148 3121 2293 3184 164.
2330 3121 2487 3185 hanc
2503 3121 2794 3188 Auctoris
2825 3125 3159 3192 doctrinam

711 3225 865 3291 dicit
909 3226 1478 3290 communissimam
1524 3225 1588 3288 et
1627 3225 1734 3289 lib.
1775 3226 1837 3288 4.
1873 3245 1932 3288 n.
1978 3224 2125 3288 176.
2175 3224 2388 3289 eadem
2436 3226 2638 3290 utitur
2684 3226 2761 3292 ad
2809 3229 3161 3296 solvendum

708 3346 945 3404 casum,
972 3346 1156 3407 quem
1187 3327 1426 3392 Auctor
1462 3327 1752 3409 proponit
1784 3327 1847 3390 in
1871 3327 2074 3409 prima
2105 3327 2433 3392 solutione.

797 3430 880 3492 Et
911 3429 1097 3492 huius
1136 3429 1384 3508 quidem
1431 3429 1746 3494 doctrinae
1796 3449 1944 3493 usus
1991 3429 2158 3493 haud
2205 3448 2380 3494 rarus
2427 3431 2683 3509 accidit3
2730 3433 2962 3518 quippe
3005 3434 3159 3517 quod

707 3531 948 3595 Auctor
985 3529 1138 3592 dicit
1168 3529 1241 3593 de
1275 3531 1572 3596 recitante
1609 3532 1951 3608 Breviario‚
1988 3531 2143 3595 alias
2175 3550 2355 3615 saepe
2402 3534 2712 3619 contingit
2756 3535 2831 3601 de
2876 3537 3159 3620 implente

707 3634 950 3709 votum,
984 3631 1058 3696 de
1098 3632 1387 3698 audiente
1424 3633 1685 3699 Missam
1715 3635 1814 3698 die
1845 3635 2024 3710 feste,
2064 3634 2139 3699 de
2170 3635 2469 3720 implente
2507 3636 2954 3719 poenitentiam
2981 3641 3091 3703 ete.

795 3733 923 3798 Nec
961 3736 1372 3799 necessarium
1427 3737 1521 3801 est
1579 3737 1989 3801 intentionem
2046 3738 2263 3820 postea
2310 3738 2524 3805 elicere
2571 3741 2634 3804 et
2680 3740 2880 3806 veluti
2923 3741 3157 3806 reiicere

705 3856 920 3903 versus
953 3856 1108 3922 opus
1146 3841 1451 3917 exactum,
1493 3858 1603 3922 pro
1641 3840 1956 3922 praecepti
1986 3840 2427 3905 satisfactione.
