3529 5158
318 420 461 496 [213]
807 436 893 478 An
928 438 995 477 m
1033 437 1227 480 numo
1261 437 1487 482 τοι-1011
1527 438 1682 480 uns
1719 437 1813 480 sn·
1850 437 2168 479 amamus
2206 436 2335 477 mc.
2677 425 2784 480 243

317 535 448 617 ptio
498 534 701 598 staret
749 553 860 617 pro
908 535 1308 619 obligatione,
1343 538 1417 600 ut
1462 536 1514 599 si
1546 536 1787 601 constet
1826 535 1901 599 de
1937 535 2136 599 verbis
2167 534 2428 617 prolatis
2461 536 2787 620 obligatio-

316 655 455 701 nem
505 636 1017 719 exprimentibuS,
1050 638 1296 702 dubites
1333 639 1543 703 tamen
1581 638 1655 702 de
1688 638 1896 702 animo
1927 641 1990 701 te
2039 637 2375 722 obligandi,
2422 640 2572 703 tunc
2618 658 2788 722 prae-

317 737 595 822 sumptio
647 741 847 804 staret
894 758 1005 822 pro
1055 739 1455 825 obligatione.
1512 739 1713 820 Quare
1758 760 1882 805 non
1937 741 2144 823 potest
2195 739 2415 803 melior
2460 740 2676 825 regula
2724 744 2786 806 et

317 842 523 925 magis
571 843 947 907 universalis
993 842 1178 919 tradi,
1211 862 1401 925 quam
1447 862 1605 925 quae
1652 863 1724 907 ex
1771 843 1904 907 foro
1953 844 2201 907 externo
2249 842 2489 907 desumi
2534 845 2783 925 potest,

315 944 565 1024 quoties
597 944 764 1009 enim
809 945 873 1009 in
919 944 1053 1010 foro
1099 948 1349 1010 externo
1396 945 1703 1009 sententia
1738 945 2117 1028 proferretur
2162 964 2272 1027 pro
2312 945 2693 1029 obligatione
2722 949 2787 1010 et

317 1064 456 1109 reus
475 1064 590 1111 seu
621 1044 866 1112 debitor
901 1047 1429 1123 condemnaretur,
1464 1066 1586 1112 non
1621 1048 1908 1111 obstante
1932 1047 2333 1129 possessione,
2366 1046 2529 1111 idem
2553 1047 2626 1112 de
2650 1048 2783 1112 foro

313 1149 562 1213 interno
599 1149 1003 1213 iudicandum
1034 1151 1157 1225 est3
1206 1151 1454 1231 quando
1486 1167 1628 1213 vero
1662 1149 1904 1214 debitor
1948 1149 2011 1213 in
2051 1150 2184 1212 foro
2224 1152 2471 1213 externo
2510 1149 2786 1213 absolve-

315 1254 507 1325 retur,
543 1251 711 1316 idem
741 1252 936 1316 etiam
964 1251 1288 1316 dicendum
1319 1253 1414 1315 aet
1445 1252 1506 1315 in
1539 1252 1674 1315 foro
1704 1249 2331 1315 conscientiae-Nam
2361 1249 2547 1332 quod,
2576 1252 2783 1315 actore

313 1371 435 1416 non
469 1354 795 1435 probante,
821 1372 962 1418 reus
1000 1352 1239 1418 absolvi
1270 1353 1489 1418 debeat
1512 1356 1576 1417 et
1606 1353 1772 1435 quod
1805 1354 2001 1417 actori
2035 1371 2189 1416 onus
2226 1353 2527 1436 probandi
2551 1354 2785 1417 incum-

315 1455 444 1529 bat,
471 1453 551 1519 de
581 1457 722 1519 iure
751 1459 1021 1519 naturae
1045 1457 1173 1520 est:
1208 1474 1398 1538 quare
1429 1456 1672 1536 quoties
1699 1474 1854 1519 onus
1888 1454 2185 1537 probandi
2216 1454 2507 1519 creditori
2552 1456 2784 1519 incum-

315 1557 489 1621 beret
527 1559 592 1622 in
625 1558 762 1623 foro
808 1560 1058 1623 externo
1105 1561 1169 1623 et
1204 1557 1361 1631 ide0,
1395 1557 1758 1641 probatione
1790 1557 2106 1621 deficiente
2153 1557 2250 1620 vel
2282 1559 2782 1640 praesumptione

313 1660 677 1733 sufficienti,
701 1679 844 1725 reus
881 1661 1324 1737 absolveretur,
1351 1659 1514 1724 idem
1545 1658 1872 1723 dicendum
1901 1661 1995 1722 est
2018 1658 2080 1721 in
2110 1658 2247 1722 foro
2272 1659 2701 1731 conscientiae,
2728 1659 2780 1722 si

310 1761 566 1826 eaedem
611 1762 1114 1828 circumstantiae
1143 1761 1540 1825 inveniantur
1568 1786 1630 1823 ».

401 1865 486 1929 Et
508 1883 559 1928 s.
592 1864 949 1947 Alphonsus
979 1865 1087 1928 lib.
1126 1866 1183 1927 1.
1218 1884 1278 1928 n.
1313 1864 1418 1927 26.
1445 1863 1704 1944 loquens
1734 1862 1810 1927 de
1846 1863 2160 1946 principiis
2193 1861 2449 1938 reflexiS,
2488 1880 2518 1926 e
2551 1863 2777 1943 quibus

310 1973 558 2035 certum
594 1970 894 2036 iudicium
937 1972 1282 2055 practicum
1321 1970 1395 2036 de
1425 1972 1751 2037 honestate
1782 1971 2047 2035 actionis
2070 1970 2356 2045 resultat,
2384 1970 2534 2034 haec
2556 1970 2777 2047 habet3

315 2098 358 2129 α
396 2074 646 2139 Horum
690 2073 1132 2157 principiorum
1161 2073 1751 2158 principalissimum
1777 2075 1874 2137 est
1902 2072 2077 2149 illud,
2112 2071 2276 2155 quod
2308 2073 2405 2136 lex
2435 2072 2625 2136 dubia
2656 2091 2777 2137 non

307 2178 526 2259 potest
545 2176 782 2240 certam
803 2176 1088 2241 inducere
1119 2176 1585 2261 obligationem.
1620 2174 1814 2240 Cuius
1845 2175 2129 2259 principii
2159 2175 2389 2239 veritas
2420 2194 2495 2239 ne
2528 2175 2606 2238 ab
2629 2176 2778 2257 ipsis

305 2279 564 2361 quidem
597 2278 835 2363 rigidae
879 2278 1219 2343 sententiae
1255 2279 1608 2343 fautoribus
1645 2280 1976 2362 negatur...
2024 2277 2114 2341 Ex
2151 2278 2268 2341 hoc
2321 2280 2533 2342 autem
2579 2278 2777 2359 primo

303 2382 680 2446 efformatur
724 2381 1059 2446 secundum
1080 2381 1238 2445 illud
1275 2380 1672 2464 principium:
1709 2379 1928 2443 mdior
1957 2384 2052 2445 est
2085 2379 2355 2441 conditio
2373 2380 2776 2459 possidentis.

305 2483 828 2566 Quandoquidem
860 2484 1024 2548 enim
1071 2484 1165 2549 lex
1214 2483 1401 2548 dubia
1447 2483 1700 2547 minime
1753 2483 1917 2567 ligat
1963 2481 2295 2556 hominem,
2329 2483 2514 2546 homo
2564 2483 2778 2564 utique

301 2590 595 2652 remanet
623 2586 884 2652 solutus
930 2590 994 2653 et
1028 2587 1186 2652 liber
1223 2587 1302 2652 ab
1332 2586 1711 2670 obligatione
1745 2585 1904 2670 legis
1940 2604 2134 2667 eoque
2179 2604 2325 2649 casu
2356 2585 2525 2649 licite
2572 2587 2777 2669 potest

301 2692 413 2755 uti
463 2709 576 2754 sua
623 2690 936 2766 libertate,
973 2709 1162 2772 quam
1206 2708 1347 2753 vere
1385 2686 1676 2771 possidet,
1725 2708 1869 2752 cum
1914 2687 2009 2752 lex
2058 2690 2151 2751 est
2196 2687 2404 2752 dubia.
2455 2689 2567 2754 Ait
2610 2689 2774 2752 enim

304 2813 365 2857 s.
398 2792 673 2857 Thomas
705 2793 768 2855 4.
808 2792 964 2875 disp.
1000 2793 1103 2856 15.
1135 2811 1195 2873 q.
1232 2793 1291 2855 2.
1328 2793 1443 2855 art.
1485 2791 1546 2854 4.
1583 2789 1681 2856 ad.
1717 2792 1814 2854 2.:
1850 2790 2014 2855 Illud
2061 2790 2288 2854 dicitur
2319 2791 2582 2868 licitum,
2610 2792 2774 2874 quod

302 2895 491 2960 nulla
534 2894 672 2979 lege
709 2894 1089 2978 prohibetur.
1137 2893 1312 2957 Licet
1358 2895 1568 2959 autem
1595 2967 1602 2970 ‚
1631 2893 1825 2976 aliqui
1861 2894 1978 2958 hoc
2024 2894 2359 2959 secundum
2406 2895 2773 2977 principium

305 3000 616 3062 conentur
662 2996 993 3074 infirmare,
1026 2996 1315 3072 dicenteS,
1355 2996 1520 3078 quod
1566 2996 1736 3060 valet
1782 2998 2030 3059 tantum
2062 3015 2174 3077 pro
2211 2996 2366 3070 foro,
2394 2995 2491 3058 vel
2523 2998 2771 3060 tantum

306 3103 378 3166 in
425 3099 692 3165 materia
738 3098 1047 3176 iustitiam
1081 3117 1197 3183 ego
1244 3100 1452 3162 tamen
1500 3099 1724 3168 nescio,
1776 3097 2085 3179 quomodo
2116 3098 2181 3159 in
2230 3098 2514 3159 omnibus
2560 3100 2773 3180 negari

305 3205 534 3289 possit.
560 3201 856 3282 Quaestio
902 3203 1153 3266 tantum
1190 3219 1320 3266 esse
1351 3203 1577 3285 potest,
1613 3220 1690 3263 an
1723 3201 1788 3262 in
1820 3197 2100 3280 quolibet
2142 3198 2331 3260 dubio
2370 3197 2594 3260 morali
2640 3216 2775 3278 pos·

303 3305 513 3371 sideat
540 3305 658 3380 lex,
694 3323 772 3368 an
795 3303 1053 3368 libertas
1083 3329 1145 3367 ».
1719 3313 1724 3318 ’

400 3410 625 3490 Itaque
671 3407 728 3472 si
773 3406 847 3472 de
891 3425 1076 3472 sensu
1122 3406 1405 3489 principii
1453 3423 1652 3468 sermo
1700 3403 1804 3476 sit,
1838 3401 1957 3466 erit
1992 3401 2389 3465 huiusmodi:
2439 3400 2559 3474 iuS,
2609 3400 2771 3483 quod

304 3511 574 3594 quisque
618 3510 828 3587 habet,
864 3514 938 3574 ut
984 3528 1047 3574 se
1079 3510 1354 3573 solutum
1404 3507 1584 3590 putet
1613 3524 1721 3568 seu
1753 3505 2016 3568 liberum
2064 3505 2129 3567 et
2171 3523 2293 3568 non
2325 3504 2595 3588 ligatum
2626 3522 2776 3586 quo·

301 3607 508 3696 usque
543 3614 781 3698 ligetur
823 3613 980 3697 lege,
1029 3613 1143 3677 hoc
1179 3610 1419 3675 dicetur
1436 3610 1751 3689 possessio
1799 3607 2146 3670 libertatis:
2184 3607 2454 3671 servitus
2485 3628 2628 3673 vero
2667 3628 2774 3672 seu

304 3717 616 3782 subiectio
665 3735 774 3781 seu
810 3715 1149 3790 vinculum,
1197 3731 1321 3796 quo
1368 3712 1507 3795 quis
1554 3712 1688 3797 lege
1733 3711 2005 3776 nectitur
2052 3713 2117 3774 et
2162 3711 2419 3793 ligatur,
2454 3729 2773 3792 quousque

302 3838 548 3885 cessare
578 3817 644 3882 id
675 3816 994 3882 vinculum
1023 3817 1364 3892 censeatur,
1398 3814 1635 3878 dicetur
1663 3815 1762 3878 ius
1802 3833 1907 3878 seu
1932 3813 2243 3892 lmssesse’o
2278 3812 2453 3892 Icffe's.

402 3919 567 3992 213.
603 3921 792 3986 Ratio
827 3922 1037 3985 autem
1069 3918 1352 4002 principii
1385 3937 1420 3981 a
1466 3937 1515 3981 s,
1566 3917 1748 4000 Alph.
1784 3920 1946 3980 recte
1978 3915 2302 3979 deducitur
2334 3933 2404 3977 ex
2443 3914 2566 3978 alio
2614 3915 2775 3996 prin-

307 4025 474 4108 cipio
520 4023 688 4106 quod
732 4024 830 4087 lex
862 4022 1047 4087 dubia
1081 4041 1202 4087 non
1250 4021 1447 4104 possit
1491 4022 1724 4084 certam
1771 4019 2055 4082 inducere
2089 4016 2552 4100 obligationem.
2601 4011 2773 4080 Sicut

306 4127 478 4191 enim
522 4127 620 4191 lex
667 4125 856 4189 dubia
901 4143 1025 4190 non
1069 4124 1250 4209 ligat,
1285 4124 1375 4187 ita
1421 4123 1518 4186 lex
1565 4121 1748 4185 dubia
1799 4140 1920 4186 non
1966 4121 2174 4203 potest
2211 4119 2536 4182 deturbare
2582 4119 2775 4184 homi-

307 4248 454 4293 nem
495 4247 530 4293 a
561 4229 697 4293 iure
730 4245 836 4292 seu
869 4227 1251 4311 possessione
1296 4228 1502 4290 status
1533 4225 1630 4288 sui
1662 4225 1860 4300 liberi,
1896 4244 2003 4287 seu
2039 4222 2178 4286 aliis
2210 4221 2434 4292 verbis,
2467 4240 2499 4285 e
2533 4240 2775 4304 posses-

305 4332 485 4397 sione
513 4332 846 4398 libertatiS.
862 4330 1024 4396 Vere
1046 4331 1247 4416 igitur
1268 4329 1513 4404 dicitur,
1540 4329 1601 4391 in
1627 4327 1829 4391 dubiis
1850 4328 2168 4391 meliorem
2200 4344 2331 4389 esse
2362 4324 2773 4389 conditionem

305 4434 713 4519 possidentis;
764 4435 912 4518 quia
959 4432 1145 4497 dubia
1201 4432 1401 4497 virtus
1431 4431 1528 4495 vel
1576 4431 1733 4514 legis
1780 4430 1878 4494 vel
1924 4430 2232 4494 libertatis
2280 4427 2606 4492 deturbare
2650 4448 2771 4493 non

306 4538 486 4602 valet
518 4557 564 4602 a·
591 4538 745 4613 iure,
782 4536 952 4620 quod
983 4534 1244 4600 dicimus
1275 4534 1740 4619 possessionem.

402 4640 540 4704 Hoc
569 4641 776 4724 ipsum
807 4638 1213 4705 confirmatur
1257 4639 1320 4701 et
1366 4635 1714 4700 elucidatur
1758 4655 1832 4699 ex
1864 4655 2063 4700 sensu.
2098 4654 2281 4716 quem
2314 4634 2569 4696 effatum
2615 4631 2771 4694 illud
