3529 5158
418 381 563 458 [661]
795 397 947 446 Qun>
986 398 1040 438 s1
1080 396 1271 441 tim-ns
1309 397 1615 439 iun-:nnus
1651 397 1737 438 An
1776 397 2112 439 ansanum
2149 397 2504 440 camum-un
2777 385 2884 441 583

420 496 533 560 illa
563 495 769 578 priore
814 494 1011 560 facere
1058 514 1253 560 unum
1299 514 1420 560 non
1468 495 1746 559 videtur:
1782 496 1931 578 quia
1961 495 2186 561 morali
2230 495 2415 561 modo
2449 515 2570 563 non
2605 499 2888 562 censetur

420 598 532 663 illa
563 600 697 664 tam
733 598 973 665 distans
1021 599 1313 663 voluntas
1360 599 1452 664 ita
1499 597 1907 664 habitualiter
1953 618 2329 682 permanere,
2356 602 2430 663 ut
2467 619 2610 664 cum
2647 600 2763 665 hac
2810 601 2888 665 ad

421 720 621 766 unum
657 700 1052 766 conflandum
1081 701 1405 784 peccatum
1435 700 1854 786 coniungatur
1891 726 1952 764 ».

509 804 932 869 Veruntamen
977 824 1121 869 cum
1167 805 1318 869 haec
1362 803 1667 879 dicantur,
1716 805 1792 868 ut
1836 803 2182 886 exemplum
2233 804 2528 869 afferatur
2574 822 2773 881 casuS,
2822 803 2887 869 in

420 927 550 989 qua
582 907 752 989 prior
782 907 1077 972 voluntas
1115 908 1399 971 censetur
1445 905 1716 981 desiisse,
1766 924 1888 970 non
1936 905 2371 970 contradicunt
2417 906 2566 972 haec
2611 905 2887 991 generali

418 1010 692 1094 regulae,
727 1028 942 1092 nempe
974 1009 1258 1093 regulam
1290 1010 1524 1073 certam
1565 1007 1870 1093 assignari
1917 1025 2038 1073 non
2086 1025 2298 1090 posse3
2347 1027 2489 1072 cum
2527 1008 2883 1092 contingere

419 1114 628 1197 queat,
662 1116 737 1178 ut
768 1114 935 1196 prior
966 1114 1258 1178 voluntas
1290 1112 1582 1197 frigescat
1613 1112 1677 1177 et
1715 1113 2041 1177 evanescat
2072 1111 2337 1177 breviori
2371 1112 2666 1194 temporis
2699 1112 2884 1176 inter-

419 1217 586 1282 vallo
611 1218 675 1280 et
698 1216 901 1299 spatio
932 1216 1125 1278 ‘unius
1155 1233 1400 1297 quoque
1423 1213 1611 1279 horae
1636 1214 1748 1278 aut
1770 1214 1912 1287 diei,
1939 1216 2013 1278 ut
2042 1213 2330 1279 dicebant
2366 1212 2882 1279 Salmanticenses

418 1337 553 1403 sup.
587 1340 647 1383 n.
689 1319 839 1383 293.
872 1319 935 1383 et
972 1337 1004 1383 e
1043 1318 1258 1381 contra
1289 1335 1411 1380 non
1451 1317 1779 1381 evanescat
1808 1316 2011 1398 spatio
2044 1315 2290 1381 mensis.

509 1418 681 1494 860.
715 1420 1005 1486 Ceterum
1052 1441 1099 1485 s.
1149 1420 1505 1503 Alphonsus
1550 1439 1611 1483 n.
1648 1419 1753 1482 39.
1796 1418 1978 1482 aliter
2012 1419 2260 1485 omnino
2301 1417 2544 1483 videtur
2580 1417 2883 1500 interpre-

417 1525 593 1590 tatus
631 1543 762 1589 esse
793 1524 979 1589 verba
1027 1525 1090 1587 et
1136 1521 1483 1587 doctrinam
1534 1523 1668 1586 tum
1707 1519 2291 1585 Salmanticensium
2325 1524 2462 1585 tum
2494 1519 2879 1597 Tamburini,

419 1646 609 1709 quam
641 1627 1014 1708 excripserat
1044 1624 1205 1687 Viva
1238 1623 1312 1685 de
1344 1622 1597 1686 Poenit.
1624 1642 1683 1704 q.
1712 1622 1788 1684 V.
1825 1624 1942 1685 art.
1979 1623 2039 1684 6.
2073 1642 2132 1685 n.
2175 1625 2235 1685 5.
2271 1624 2334 1686 et
2365 1622 2634 1706 putavit,
2667 1641 2775 1704 per
2812 1640 2883 1685 ea

418 1730 699 1812 exempla
747 1730 824 1792 ab
870 1728 948 1792 iis
995 1728 1307 1791 statutam
1352 1723 1666 1807 quandam
1704 1724 1988 1809 regulam
2017 1726 2365 1809 generalem
2398 1725 2605 1803 fuisse,
2641 1744 2765 1807 qua
2789 1725 2886 1789 de·

418 1832 705 1895 finiretur
766 1832 1013 1913 tempus
1062 1828 1446 1893 diuturnum.
1498 1825 1598 1890 Sic
1643 1827 1806 1891 enim
1855 1826 2070 1891 habet:
2127 1851 2162 1884 «
2203 1825 2398 1906 Quale
2446 1827 2658 1892 autem
2704 1826 2884 1890 aesti-

419 1934 721 1998 mandum
767 1934 852 1998 sit
898 1936 1144 2015 tempus
1190 1930 1576 2005 diuturnum,
1626 1929 1789 1993 Viva
1852 1929 2002 1994 dicit
2066 1949 2317 2007 annum,
2370 1927 2886 1995 Salmanticenses

416 2054 714 2112 mensem,
763 2034 1107 2118 Roncaglia
1155 2033 1310 2098 duos
1357 2033 1507 2111 dies,
1547 2030 1817 2096 Concina
1866 2032 2076 2096 autem
2125 2051 2318 2096 unum
2349 2056 2412 2096 ».

508 2137 615 2209 At,
643 2137 739 2200 uti
763 2156 833 2200 ex
859 2135 1187 2219 praedictis
1212 2137 1405 2218 patet,
1425 2153 1638 2217 reapse
1660 2153 1782 2198 non
1809 2134 1932 2197 fuit
1955 2153 2125 2198 mens
2159 2134 2271 2198 aut
2302 2132 2884 2199 Salmatincensium

420 2243 534 2306 aut
580 2239 777 2304 Vivae
824 2259 932 2304 seu
980 2237 1364 2314 Tamburini,
1399 2239 1472 2302 ut
1505 2237 1686 2320 quasi
1717 2236 2155 2301 contenderent
2184 2236 2414 2319 requiri
2452 2255 2723 2300 mensem
2771 2236 2885 2299 aut

420 2363 655 2409 annum
686 2343 760 2407 ut
790 2340 1163 2424 interruptio
1187 2340 1431 2405 dicatur
1462 2338 1793 2413 diuturna3
1829 2339 1954 2403 imo
1989 2337 2505 2403 Salmanticenses
2537 2339 2634 2402 vel
2666 2336 2886 2400 horam

419 2447 701 2513 sufficere
741 2444 817 2509 ad
856 2443 919 2508 id
954 2442 1287 2525 aliquando
1321 2441 1553 2506 dicunt.

510 2548 591 2614 Et
628 2546 971 2630 Roncaglia
1009 2546 1227 2629 utique
1264 2544 1514 2628 scripsit
1550 2542 1624 2607 cle
1656 2541 1949 2608 Peccatis
1971 2562 2104 2627 cap.
2142 2544 2201 2608 2.
2241 2562 2300 2625 q.
2336 2544 2397 2608 2.
2431 2561 2587 2627 resp.
2620 2542 2709 2608 1.:
2757 2565 2791 2600 «
2817 2538 2882 2607 Si

418 2652 581 2717 inter
618 2651 733 2716 hos
770 2651 947 2714 actus
978 2648 1351 2731 interruptio
1383 2648 1468 2714 sit
1498 2646 2006 2724 extraordinaria,
2034 2666 2091 2710 v.
2118 2666 2212 2732 gr.
2240 2665 2347 2729 per
2371 2646 2526 2711 duos
2558 2645 2706 2722 dieS,
2735 2645 2885 2709 tunc

418 2758 689 2842 intelligi
711 2775 831 2821 non
849 2757 1058 2840 potest
1074 2755 1461 2821 continuatio
1487 2753 1741 2819 moralis
1758 2757 1823 2818 et
1839 2754 1930 2818 ita
1948 2753 2534 2836 multiplicabuntur
2550 2754 2801 2837 peccata
2817 2776 2880 2816 ».

415 2862 516 2927 Ad
558 2862 626 2926 1⁰
656 2879 780 2926 non
805 2860 973 2936 dicit,
1001 2860 1159 2923 hanc
1183 2856 1697 2941 interruptionem
1730 2857 1972 2921 evenire
1995 2875 2118 2921 non
2142 2875 2320 2940 posse
2359 2857 2561 2940 spatio
2589 2855 2886 2939 temporis

416 2963 715 3029 breviori:
746 2962 814 3027 2⁰
837 2962 965 3027 Alii
996 2963 1059 3026 et
1089 2960 1337 3043 quidem
1370 2959 1593 3024 merito
1625 2959 1963 3044 negabunt,
2004 2959 2269 3024 duorum
2309 2959 2549 3023 dierum
2588 2959 2882 3040 spatium,

417 3085 543 3149 quo
577 3066 717 3147 quis
748 3065 821 3129 de
858 3084 924 3128 re
955 3065 1083 3127 iam
1119 3062 1440 3146 proposita
1487 3063 1549 3125 et
1585 3061 1926 3126 deliberata
1965 3081 2022 3125 v.
2064 3081 2157 3144 gr.
2192 3061 2360 3124 furto
2393 3060 2691 3136 faciendO,
2725 3059 2886 3126 falsa

419 3168 814 3233 accusatione
850 3164 1213 3231 intentanda
1245 3183 1366 3229 non
1400 3164 1658 3248 cogitat,
1693 3163 1951 3239 efficere,
1993 3166 2066 3227 ut
2104 3163 2394 3228 voluntas
2433 3163 2544 3228 illa
2575 3162 2880 3227 defecerit.

421 3267 794 3354 Contingere
841 3270 1004 3332 enim
1052 3268 1277 3350 potest,
1303 3269 1377 3332 ut
1406 3285 1597 3350 grave
1633 3265 1946 3348 quoddam
1993 3266 2317 3351 negotium
2365 3287 2423 3331 V.
2472 3287 2565 3352 gr.
2606 3266 2738 3329 litis
2771 3266 2886 3332 aut

422 3370 786 3437 hereditatis
811 3374 923 3437 aut
946 3370 1326 3435 calamitatis
1352 3370 1463 3434 aut
1488 3369 1699 3434 solatii
1715 3369 2186 3435 extraordinarii
2211 3370 2479 3435 mentem
2498 3371 2589 3434 ita
2617 3369 2887 3453 abripiat

418 3475 790 3557 cuiuspiam,
816 3475 890 3539 ut
926 3473 1000 3538 de
1031 3474 1285 3538 crimine
1317 3472 1692 3556 praestituto
1729 3491 1851 3537 non
1899 3473 2134 3557 cogitet
2164 3493 2271 3556 per
2307 3473 2464 3538 duos
2495 3473 2653 3550 dies;
2687 3492 2884 3556 neque

419 3582 634 3646 tamen
666 3579 805 3644 inde
835 3579 1135 3661 sequitur,
1172 3598 1208 3641 a
1239 3578 1495 3643 consilio
1535 3596 1648 3641 suo
1681 3576 1781 3642 vel
1812 3577 2137 3642 tantillum
2168 3577 2507 3642 recessisse.

510 3678 664 3752 581.
701 3680 817 3747 Sed
848 3681 1286 3746 consideranda
1325 3680 1463 3744 dein
1497 3681 1591 3744 est
1620 3680 1941 3756 resolutio,
1976 3698 2166 3762 quam
2203 3681 2347 3763 post
2393 3680 2587 3745 allata
2635 3679 2888 3744 subiicit

421 3806 470 3850 s.
521 3785 878 3868 Alphonsus
915 3786 956 3849 l.
998 3804 1071 3860 c.‚
1121 3803 1278 3865 quae
1325 3783 1593 3847 difficilis
1641 3784 1754 3846 est.
1804 3784 2019 3864 Inquit
2065 3782 2255 3846 enim:
2314 3807 2348 3840 «
2381 3780 2499 3846 Sed
2547 3801 2660 3865 ego
2710 3783 2883 3864 puto,

419 3889 727 3971 impetum
773 3888 959 3951 unius
1008 3888 1183 3951 actus
1240 3885 1571 3950 difficulter
1617 3905 1796 3968 posse
1844 3885 2121 3967 protrahi
2167 3884 2504 3965 (ordinarie
2550 3882 2887 3965 loquendo)

423 3991 758 4075 plusquam
795 3989 872 4054 ad
905 3990 1060 4054 duos
1108 3989 1205 4052 vel
1254 3989 1378 4052 tres
1416 3987 1543 4051 dies
1583 3986 1660 4051 ad
1692 4007 2027 4050 summum.
2064 3986 2227 4049 Hinc
2272 3986 2380 4067 qui
2428 3985 2779 4068 perseverat
2821 3984 2888 4052 in

418 4093 593 4158 mala
638 4092 962 4157 voluntate
1010 4091 1178 4155 ultra
1225 4089 1383 4154 duos
1430 4090 1526 4152 vel
1574 4093 1699 4153 tres
1748 4089 1897 4165 dies,
1948 4089 2248 4171 explicare
2281 4087 2462 4153 debet
2509 4089 2772 4170 tempu8‚
2813 4087 2890 4150 ut

420 4197 510 4262 sic
557 4195 952 4279 intelligatur
989 4193 1310 4258 moraliter
1356 4212 1648 4257 numerus
1697 4194 1951 4256 actuum
1997 4192 2384 4255 internorum
2431 4191 2592 4254 circa
2639 4189 2889 4274 peccata

422 4299 676 4362 externa
714 4323 774 4360 ».

512 4401 612 4466 Ad
658 4401 817 4464 hanc
863 4419 914 4464 s.
948 4398 1250 4481 Alphonsi
1297 4397 1755 4479 responsionem
1803 4397 1926 4460 duo
1976 4396 2393 4460 advertamus,
2441 4397 2722 4461 Primum
2769 4398 2885 4471 est,

418 4523 471 4568 s.
515 4503 850 4567 Doctorem
898 4501 1247 4576 admittere,
1298 4500 1601 4580 impetum
1649 4499 1834 4566 unius
1884 4502 2061 4564 actus
2107 4499 2198 4564 ita
2245 4518 2423 4583 posse
2468 4500 2767 4582 protrahi,
2817 4500 2893 4564 ut

420 4607 607 4670 actus
652 4602 793 4668 dein
838 4603 899 4666 vi
948 4602 1117 4667 illius
1164 4621 1269 4684 per
1316 4600 1470 4665 duos
1504 4602 1599 4665 vel
1635 4605 1761 4667 tres
1795 4601 1924 4666 dies
1956 4602 2147 4667 eliciti
2191 4602 2425 4668 faciant
2461 4623 2656 4667 unum
2685 4605 2892 4664 actum
