3529 5158
335 381 440 458 [32]
727 364 732 368 ⁴
961 395 1420 439 vonum-Anum.
1457 395 1783 439 moenum
1818 397 2158 439 omssroms
2716 384 2791 438 29

332 491 656 574 loquendo,
691 510 812 556 non
856 492 1080 557 habere
1110 492 1382 574 aliquem
1427 496 1638 557 actum
1685 494 1845 558 circa
1890 514 2019 559 rem
2052 495 2139 558 sic
2183 500 2600 579 praeceptam3
2636 497 2787 578 quia

332 594 453 659 tale
486 593 802 659 obiectum
846 595 909 658 et
953 597 1163 658 movet
1208 596 1599 660 voluntatem
1630 598 1693 660 et
1739 600 1835 661 est
1864 617 1981 675 res,
2017 617 2176 679 quae
2223 597 2425 662 valide
2473 599 2551 662 ad
2581 598 2784 681 ipsam

332 695 613 780 pertinet.
660 695 827 779 Ergo
872 695 1191 760 moraliter
1235 714 1358 761 uon
1404 697 1478 759 fit
1522 716 1630 778 per
1674 717 1909 762 meram
1953 700 2347 783 negationem
2394 703 2456 765 et
2502 704 2640 767 tota
2676 701 2789 764 illa

332 796 646 880 suspensio
694 799 872 859 actus
915 797 979 859 in
1027 815 1415 878 quacumque
1459 798 1722 863 materia
1769 803 1865 864 est
1910 802 2230 866 moraliter
2275 802 2647 867 difficillima
2681 830 2741 865 ».

415 899 652 963 Verum
697 917 896 963 nonne
941 899 1233 963 voluntas
1279 902 1429 963 tunc
1475 900 1677 966 solum
1724 905 1956 984 peccat,
2006 922 2146 966 cum
2192 903 2565 969 determinat
2610 924 2673 968 se
2711 905 2788 968 ad

331 1002 592 1066 alteram
638 1003 877 1083 partem
923 1002 987 1064 et
1031 1001 1255 1065 idcirco
1287 1021 1429 1065 cum
1476 1002 1658 1086 agit?
1704 1002 1862 1068 Saue
1910 1004 2159 1087 aliquod
2209 1025 2425 1070 verum
2458 1007 2789 1071 discrimen

326 1102 695 1168 intercedere
739 1102 920 1166 debet
950 1102 1113 1166 inter
1149 1105 1389 1167 statum
1426 1104 1775 1168 voluntatis
1808 1105 2008 1169 adhuc
2037 1107 2440 1172 indifferentis
2473 1110 2537 1172 et
2569 1108 2791 1173 delibe-

326 1205 540 1280 rantiS,
589 1204 976 1288 agendumne
1035 1204 1119 1269 sit
1181 1224 1365 1269 necne
1412 1208 1475 1270 et
1523 1208 1763 1271 statum
1810 1207 2155 1272 voluntatis
2203 1208 2534 1292 peccautiS,
2568 1212 2790 1293 utpote

328 1305 699 1371 deliberatae
746 1305 823 1369 ad
871 1306 1333 1389 suspensionem
1380 1311 1578 1376 actus,

411 1408 556 1473 Huc
602 1427 748 1492 ergo
798 1409 1155 1473 accersenda
1215 1413 1311 1475 est
1372 1410 1653 1476 doctrina
1707 1432 1756 1476 s,
1807 1412 2080 1479 Thomae
2132 1416 2188 1478 1.
2240 1417 2300 1479 2.
2349 1436 2407 1498 q.
2463 1417 2564 1481 71.
2614 1436 2671 1479 a.
2723 1417 2784 1480 5.

327 1512 599 1594 Quaerit,
628 1531 707 1575 an
737 1510 802 1575 in
833 1512 1113 1593 quolibet
1142 1516 1392 1595 peccato
1425 1514 1509 1578 sit
1541 1514 1768 1597 aliquis
1802 1517 1978 1579 actus
2012 1519 2074 1580 et
2107 1515 2275 1595 dicit,
2302 1518 2467 1598 quod
2501 1518 2784 1599 quaestio

325 1620 441 1685 ista
474 1619 899 1704 principaliter
928 1621 1216 1685 movetur
1246 1623 1494 1704 propter
1532 1624 1854 1704 peccatum
1889 1622 2259 1700 omissioniS,
2294 1623 2367 1687 de
2402 1642 2546 1705 quo,
2581 1624 2789 1704 inquit

326 1722 517 1804 aliqui
566 1721 807 1786 diverso
853 1721 1036 1786 modo
1086 1722 1437 1806 opinantur.
1472 1723 1553 1787 Et
1598 1724 1796 1787 allata
1842 1724 2169 1806 utriusque
2216 1724 2411 1806 partis
2459 1725 2786 1801 sententia,

328 1826 533 1891 addit:
581 1828 847 1909 utraque
894 1828 1106 1890 autem
1153 1825 1359 1908 opinio
1407 1827 1742 1891 secundum
1791 1827 2026 1910 aliquid
2073 1827 2401 1892 veritatem
2446 1827 2653 1891 habet.
2689 1828 2791 1892 Ita

323 1930 533 1994 autem
596 1926 798 1993 reddit
841 1927 1166 1993 rationem.
1218 1926 1283 1991 Si
1345 1928 1508 1992 enim
1553 1928 1950 2014 intelligatur
2009 1929 2072 1993 in
2119 1932 2370 2012 peccato
2437 1929 2790 1995 omissionis

319 2030 473 2096 illud
506 2030 732 2107 solum,
767 2029 933 2112 quod
979 2049 1085 2112 per
1130 2048 1194 2094 se
1226 2030 1493 2112 pertinet
1524 2031 1602 2094 ad
1648 2031 1955 2095 rationem
2001 2031 2259 2113 peccati,
2295 2032 2383 2096 sic
2415 2031 2788 2114 quandoque

324 2130 678 2198 omissionis
709 2133 1030 2215 peccatum
1062 2133 1156 2195 est
1202 2151 1343 2195 cum
1391 2135 1535 2196 actu
1579 2132 1878 2209 interiori,
1912 2136 1987 2196 ut
2031 2152 2174 2197 cum
2221 2133 2448 2215 aliquis
2495 2135 2632 2198 vult
2665 2154 2789 2200 non

321 2236 405 2300 ire
451 2235 532 2300 ad
580 2233 921 2311 ecclesiam,
955 2232 1322 2316 quaudoque
1354 2253 1496 2298 vero
1545 2235 1776 2316 absque
1826 2235 1993 2299 omni
2039 2238 2185 2299 actu
2233 2236 2330 2300 vel
2376 2235 2657 2300 interiori
2689 2238 2788 2302 vel

319 2336 628 2413 exteriori,
661 2338 824 2401 sicut
869 2356 1011 2401 cum
1058 2336 1284 2418 aliquis
1330 2336 1483 2401 hora
1530 2356 1653 2418 qua
1701 2339 1948 2401 tenetur
1991 2338 2080 2402 ire
2128 2337 2206 2401 ad
2253 2338 2593 2414 ecclesiam,
2632 2339 2790 2403 nihil

318 2440 558 2527 cogitat
591 2438 665 2503 de
711 2437 911 2502 eundo
960 2437 1056 2503 vel
1088 2457 1208 2502 non
1257 2437 1455 2503 eundo
1490 2437 1568 2502 ad
1614 2438 1954 2503 ecclesiam.
1988 2439 2176 2503 Patet
2221 2439 2388 2520 quod
2421 2458 2468 2503 s.
2508 2440 2784 2506 Thomae

320 2544 379 2609 id
411 2541 579 2627 quod
627 2540 784 2607 dixit
815 2540 1117 2624 pertinere
1147 2560 1254 2626 per
1300 2560 1363 2607 se
1400 2540 1478 2605 ad
1509 2541 1817 2607 rationem
1849 2541 2102 2625 peccati,
2139 2544 2234 2607 est
2264 2544 2444 2609 actus
2478 2544 2786 2622 externus,

319 2666 505 2731 quem
548 2645 702 2710 dicit
749 2645 1082 2727 aliquando
1131 2664 1259 2710 esse
1307 2665 1448 2709 cum
1495 2646 1641 2709 actu
1686 2645 1950 2720 interno,
1984 2645 2318 2728 aliquando
2367 2665 2512 2711 non.
2550 2646 2785 2711 Verum

323 2749 555 2815 solutio
614 2746 933 2832 proposita
980 2747 1173 2812 videri
1234 2749 1441 2830 potest
1485 2766 1606 2812 non
1655 2766 1786 2812 esse
1846 2747 2099 2826 idonea;
2150 2748 2298 2830 quia
2360 2748 2414 2813 si
2460 2749 2568 2813 ille
2630 2749 2791 2815 nihil

323 2851 563 2937 cogitat
592 2850 667 2915 de
713 2850 914 2916 eundo
952 2850 1051 2914 vel
1095 2869 1218 2915 non
1265 2850 1484 2924 eund0,
1510 2849 1786 2913 nondum
1833 2849 2132 2915 habemus
2179 2852 2391 2915 actum
2437 2851 2788 2916 humanum

321 2973 516 3037 neque
545 2951 794 3016 nullum
824 2951 1250 3016 voluntarium
1276 2953 1462 3032 atque
1495 2951 1645 3015 adeo
1678 2951 1925 3016 nullum
1957 2952 2156 3016 adhuc
2181 2955 2523 3037 peccatum.
2545 2952 2606 3017 S.
2631 2954 2792 3017 Tho-

322 3075 453 3122 mas
486 3074 636 3140 ergo
668 3052 948 3119 concedit
977 3053 1222 3118 nullum
1253 3072 1380 3117 esse
1413 3056 1642 3132 actum,
1677 3073 1801 3119 non
1847 3054 2192 3139 generatim
2231 3056 2418 3138 prout
2465 3057 2789 3137 peccatum

324 3157 676 3224 omissionis
707 3155 1139 3239 complectitur
1171 3154 1377 3221 omnia
1425 3155 1500 3219 ad
1547 3155 1753 3238 ipsum
1800 3156 2245 3228 concurrentia,
2296 3156 2401 3220 sed
2447 3160 2634 3238 prout
2672 3159 2792 3220 for·

320 3260 570 3325 maliter
600 3260 697 3324 est
745 3257 994 3324 omissio
1042 3258 1172 3323 sive
1203 3277 1324 3324 non
1369 3256 1598 3340 positio
1647 3258 1847 3340 operis
1893 3256 2107 3332 debiti,
2140 3255 2306 3337 quod
2339 3259 2439 3321 est
2476 3257 2788 3321 obiectum

322 3362 639 3445 proprium
684 3360 872 3424 huius
914 3360 1170 3444 peccati.
1219 3360 1270 3423 E
1317 3358 1625 3423 contrario
1672 3357 1954 3424 doctores
2002 3358 2109 3422 alii
2157 3376 2278 3422 non
2327 3358 2414 3423 sic
2469 3362 2789 3425 coarctant

325 3467 625 3546 punctum
671 3462 1075 3544 quaestioniS,
1111 3461 1215 3527 sed
1265 3461 1471 3526 omnia
1518 3461 1820 3524 elementa
1867 3461 2389 3544 complectuntur.

416 3565 608 3649 Atqui
639 3565 694 3630 si
727 3564 935 3630 omnia
978 3565 1281 3629 elementa
1328 3562 1941 3646 comprehendantur,
1977 3583 2024 3627 s.
2053 3563 2324 3629 Thomas
2371 3568 2544 3630 tenet
2575 3566 2784 3631 actum

326 3668 596 3752 aliquem
642 3685 882 3751 semper
927 3666 1316 3733 intercedere.
1365 3667 1467 3731 Ita
1514 3665 1676 3731 enim
1722 3667 2118 3748 prosequitur
2163 3667 2206 3730 l.
2243 3687 2318 3731 c.:
2359 3692 2395 3726 «
2427 3666 2493 3732 Si
2539 3687 2682 3733 vero
2721 3668 2786 3733 in

326 3775 575 3856 peccato
608 3771 959 3837 omissionis
990 3769 1424 3856 intelligantur
1447 3769 1638 3835 etiam
1669 3788 1891 3834 causae
1914 3770 2014 3834 vel
2047 3770 2396 3835 occasiones
2432 3771 2784 3849 omittendi,

326 3875 413 3940 sic
454 3893 702 3940 necesse
746 3877 842 3938 est
895 3875 960 3937 in
1021 3876 1271 3956 peccato
1329 3872 1678 3938 omissionis
1725 3873 1996 3953 aliquem
2053 3875 2262 3936 actum
2321 3891 2452 3936 esse
2500 3899 2560 3935 ».
2611 3873 2791 3950 Quod

323 3977 537 4042 deinde
582 3976 869 4059 explicat,
918 3976 1067 4058 quia
1112 3975 1322 4057 aliquo
1387 3977 1531 4039 actu
1578 3975 1889 4057 quispiam
1953 3975 2048 4038 vel
2096 3975 2236 4038 vult
2298 3974 2525 4038 directe
2587 3974 2791 4054 ipsam

323 4080 741 4156 omissionem,
774 4078 1045 4143 uticum
1090 4096 1213 4141 non
1259 4078 1398 4142 vult
1442 4077 1530 4141 ire
1578 4077 1656 4141 ad
1701 4078 1991 4141 missam:
2027 4075 2125 4139 vel
2169 4074 2487 4153 indirecte,
2538 4076 2788 4157 quando

320 4202 536 4267 nempe
583 4182 727 4247 vult
772 4181 1007 4262 aliquid
1053 4181 1450 4246 coniunctum
1497 4179 1837 4244 necessario
1885 4198 2027 4243 cum
2075 4177 2425 4254 omissione,
2475 4178 2638 4243 sicut
2678 4180 2789 4262 qui

320 4285 455 4348 vult
497 4283 715 4348 ludere
762 4284 1056 4365 tempore,
1091 4301 1213 4364 quo
1260 4281 1636 4366 pergendum
1684 4282 1846 4346 esset
1877 4279 1955 4344 ad
2002 4280 2323 4346 ecclesiam
2361 4281 2460 4345 vel
2508 4281 2647 4345 vult
2681 4283 2792 4346 ali·

315 4385 467 4469 quid
512 4383 899 4470 praecedenS‚
934 4385 1089 4466 puta
1135 4403 1278 4449 cum
1325 4384 1550 4466 aliquis
1582 4384 1721 4449 vult
1767 4383 2028 4470 vigilare
2075 4383 2182 4449 diu
2229 4383 2304 4449 de
2351 4402 2507 4460 sem,
2545 4404 2617 4449 ex
2663 4403 2789 4466 quo

316 4488 598 4570 sequitur
644 4484 817 4570 quod
861 4503 982 4550 non
1030 4487 1133 4549 eat
1177 4486 1329 4551 hora
1374 4485 1739 4550 matutinali
1786 4487 1863 4550 ad
1910 4486 2250 4552 ecclesiam.
2288 4485 2480 4550 Porro
2529 4487 2788 4569 planum

314 4594 427 4668 est,
475 4611 591 4657 nec
636 4590 855 4654 lusum
912 4608 1022 4654 nec
1070 4588 1349 4674 vigiliam
1396 4589 1810 4672 vespertinam
1870 4610 2000 4656 esse
2047 4587 2469 4656 voluntariam
2531 4606 2788 4653 causam
