3529 5158
699 348 807 404 482
1094 359 1305 400 Tutior.
1344 359 1425 399 ιν.
1464 357 1549 396 nm
1586 355 1897 397 peccans,
1937 355 2134 396 offm-
2171 355 2211 394 1.
2252 353 2392 395 nun.
2433 353 2497 394 11.
2544 353 2680 392 Aur.
2725 353 2760 391 t.
3027 335 3172 410 [519]

703 459 931 523 habeat
976 458 1317 540 simplicem
1366 455 1654 518 affectum
1686 452 1949 517 faciendi
1980 453 2114 530 hoc,
2154 453 2208 516 si
2238 471 2362 516 non
2400 452 2566 515 esset
2608 448 3030 532 prohibitum3
3066 468 3172 531 per

703 561 860 623 hanc
890 559 1305 624 conditionem
1337 558 1619 621 removet
1639 556 1949 619 malitiam
1983 557 2050 619 et
2078 554 2559 638 prohibitionem
2593 555 2657 616 et
2688 552 2932 635 appetit
2962 552 3174 615 actum

701 664 882 727 illum
914 662 1250 727 secundum
1289 680 1353 725 se
1384 660 1753 742 spectatum,
1791 658 1917 740 qui,
1954 658 2029 720 ut
2058 657 2164 733 sic,
2203 656 2410 720 malus
2442 674 2565 720 non
2597 656 2692 718 est
2730 679 2790 716 ».

1354 839 1460 902 Ea:
1496 837 1722 918 quibus
1753 836 2153 901 resolvuntur
2188 833 2257 897 ki
2296 833 2516 899 Casus.

812 1024 876 1075 X.
901 1026 945 1075 t.
969 1025 1017 1074 ln
1045 1022 1272 1074 omnibus
1298 1023 1405 1072 solo
1431 1019 1538 1071 iure
1567 1018 1784 1086 positivo
1814 1015 2089 1083 prohibitis,
2119 1015 2302 1069 licitum
2329 1022 2404 1067 est
2430 1014 2730 1068 desiderium
2755 1029 2865 1067 cum
2892 1012 3176 1068 conditione

704 1112 796 1162 hac
821 1107 885 1173 (si
921 1106 1219 1173 prohibitum
1247 1119 1342 1158 non
1369 1106 1519 1169 esset)
1545 1116 1593 1154 v.
1614 1116 1688 1165 gr.
1714 1104 1909 1155 ederem
1937 1115 2106 1154 cernes
2129 1100 2209 1154 die
2237 1099 2463 1163 Veneris⁹
2486 1100 2528 1152 si
2548 1099 2763 1153 Ecclesia
2791 1114 2887 1152 non
2919 1097 3177 1152 vetuisset.

705 1191 849 1245 Ratio
875 1197 966 1254 est,
989 1189 1102 1255 quia
1129 1187 1346 1242 conditio
1374 1201 1564 1241 omnem
1593 1185 1845 1252 malitiam,
1869 1199 1993 1251 quae
2017 1199 2043 1237 a
2072 1188 2178 1237 sola
2207 1183 2539 1251 prohibitione
2571 1189 2662 1248 est,
2692 1186 2866 1237 aufert.
2891 1185 3043 1237 Azor.
3070 1186 3101 1234 Ι.
3130 1183 3177 1235 t.

705 1291 748 1328 c.
776 1278 824 1328 6.
852 1290 934 1340 qu.
964 1276 1046 1327 40.
1074 1277 1250 1327 Sanch.
1276 1275 1310 1326 l.
1340 1275 1386 1325 t.
1415 1289 1457 1326 c.
1493 1275 1542 1324 2.
1573 1273 1722 1336 Vasq.
1750 1273 1800 1323 d.
1833 1271 1913 1322 16.
1942 1284 1985 1322 c.
2012 1272 2059 1322 2.

796 1398 949 1472 519.
999 1400 1185 1466 Clara
1229 1403 1326 1465 est
1371 1400 1653 1464 doctrina
1699 1398 1762 1460 et
1806 1396 2126 1460 doctrinae
2171 1396 2334 1461 ratio
2386 1395 2549 1478 apud
2595 1395 2694 1470 A..
2743 1395 2892 1476 quia
2942 1394 3178 1458 scilicet

704 1504 975 1569 conditio
1016 1504 1221 1568 aufert
1259 1522 1504 1568 omnem
1538 1501 1866 1565 malitiam.

794 1608 957 1672 Bene
990 1606 1258 1670 Sanchez
1299 1606 1376 1669 ab
1414 1605 1487 1668 A.
1520 1604 1829 1688 allegatus
1861 1604 1931 1666 in
1963 1602 2183 1666 Decal.
2210 1603 2317 1666 lib.
2358 1604 2415 1665 1.
2450 1621 2582 1684 cap.
2621 1603 2679 1664 2.
2716 1620 2774 1664 n.
2812 1600 2920 1663 23.
2950 1623 2986 1657 «
3020 1597 3179 1664 Cum

701 1729 798 1774 res
830 1708 1187 1775 huiusmodi
1210 1728 1334 1773 non
1368 1708 1498 1772 sint
1529 1705 1857 1771 intrinsece
1889 1707 1953 1770 et
1983 1725 2056 1770 ex
2089 1706 2316 1771 natura
2342 1724 2454 1770 sua
2486 1704 2710 1782 malae,
2745 1704 2957 1786 potest
2987 1703 3064 1767 ab
3086 1702 3176 1766 eis

702 1831 809 1894 per
832 1811 1248 1876 conditionem
1281 1809 1592 1874 adiectam
1625 1808 1870 1873 malitia
1895 1808 2157 1873 auferri:
2186 1828 2297 1872 nec
2320 1807 2590 1872 conditio
2623 1805 3182 1871 contradictionem

701 1913 987 1996 implicat
1020 1914 1084 1976 et
1106 1915 1315 1990 potest
1349 1912 1491 1991 quis
1521 1931 1628 1974 eas
1658 1931 1787 1973 non
1816 1930 1947 1973 esse
1978 1909 2183 1973 malae
2211 1913 2445 1989 optare.
2473 1907 2712 1991 Quippe
2747 1907 2812 1971 id
2851 1907 3028 1970 aliud
3059 1925 3177 1971 non

705 2017 818 2091 est,
852 2033 1043 2096 quam
1076 2017 1310 2096 optare,
1346 2013 1685 2077 Ecclesiam
1716 2013 1780 2077 id
1813 2032 1934 2078 non
1969 2012 2357 2096 prohibuisse
2389 2037 2449 2075 ».

813 2157 900 2208 ΧΙ.
928 2158 976 2210 2.
1004 2156 1132 2208 ldem
1162 2156 1292 2208 valet
1322 2154 1371 2207 in
1399 2154 1660 2221 prohibitis
1687 2154 1883 2220 quidem
1917 2153 2026 2208 iure
2066 2153 2291 2217 naturali,
2321 2153 2466 2208 licitis
2496 2162 2654 2208 tamen
2680 2152 2728 2206 in
2755 2152 2923 2218 atiquo
2949 2166 3071 2206 casu
3098 2158 3182 2204 aut

705 2245 852 2302 statu,
884 2239 925 2293 si
961 2239 1005 2293 is
1030 2254 1121 2305 pro
1144 2239 1423 2293 conditione
1450 2247 1749 2306 apponatur:
1780 2239 1918 2293 verbi
1941 2238 2113 2304 gratia,
2145 2238 2420 2293 occiderem
2440 2229 2654 2302 Petrum,
2675 2237 2718 2291 si
2737 2240 2873 2292 Deus
2898 2239 3186 2292 manda-et:

706 2326 1054 2391 suspenderem
1082 2329 1255 2390 turem,
1280 2324 1323 2379 si
1350 2339 1508 2386 essem
1533 2324 1706 2378 iudex:
1735 2326 1967 2378 ducerem
1995 2339 2212 2386 uxorem,
2241 2323 2284 2376 si
2313 2323 2500 2386 liceret,
2527 2323 2570 2376 si
2596 2338 2691 2377 non
2724 2337 2887 2377 essem
2915 2324 3179 2384 sacerdo&

705 2409 747 2462 si
786 2425 944 2464 essem
980 2409 1107 2463 liber
1134 2426 1159 2463 a
1189 2417 1324 2464 voto.
1354 2409 1495 2463 Ratio
1522 2417 1613 2473 est,
1644 2409 1755 2474 quia
1787 2413 1907 2464 haec
1934 2411 2026 2464 sub
2057 2408 2143 2461 illo
2169 2415 2298 2461 statu
2326 2416 2439 2461 sunt
2467 2407 2613 2461 licita.
2640 2411 2792 2461 Recte
2818 2414 2985 2461 tamen
3014 2412 3182 2460 monet

709 2496 789 2557 St,
817 2510 861 2548 v.
878 2497 1180 2558 Peccatum,
1204 2494 1483 2548 huiusmodi
1508 2495 1750 2549 desideria
1773 2509 1883 2550 esse
1904 2494 2178 2561 periculosa
2206 2503 2255 2548 et
2285 2495 2480 2548 vitanda
2504 2502 2664 2560 atque,
2691 2500 2741 2547 ut
2765 2493 2832 2547 ait
2859 2493 3019 2548 Caiet.
3042 2491 3180 2557 ibid„

708 2595 818 2634 esse
859 2585 1015 2634 fatuas
1047 2588 1096 2633 et
1134 2581 1400 2633 diabolicas
1439 2579 1743 2634 tentationes,
1774 2583 1940 2645 Laym.
1971 2584 2000 2631 Ι.
2037 2583 2080 2633 l.
2110 2587 2141 2631 t.
2172 2582 2220 2633 3.
2241 2596 2283 2633 c.
2313 2582 2361 2632 6.
2390 2594 2437 2632 ιι.
2469 2581 2549 2633 10.

797 2704 975 2779 520.
1011 2709 1130 2784 Ita,
1165 2708 1369 2788 inquit
1401 2706 1669 2771 Sanchez
1693 2708 1735 2770 l.
1777 2728 1826 2773 c.
1861 2708 1967 2771 lib.
2010 2708 2064 2771 1.
2106 2726 2240 2790 cap.
2278 2709 2336 2770 2.
2371 2728 2432 2771 n.
2469 2709 2595 2784 24..
2628 2705 2914 2786 fatentur
2946 2726 3177 2771 omues.

706 2809 788 2871 Et
819 2829 866 2872 s,
895 2809 1078 2892 Alph.
1106 2810 1213 2873 lib.
1251 2810 1309 2873 5.
1345 2830 1402 2872 n.
1446 2810 1544 2872 13.
1586 2809 1840 2887 fatetur,
1880 2811 2286 2874 communiter
2321 2810 2408 2873 sic
2440 2810 2575 2873 DD.
2611 2809 2859 2889 sentire,
2894 2810 3093 2892 prout
3119 2810 3181 2873 et

711 2911 839 2993 ipse
877 2911 1086 2974 sentit.

795 3012 987 3077 Addit
1003 3012 1271 3077 Sanchez
1292 3014 1334 3076 l.
1356 3033 1437 3090 c.;
1464 3038 1498 3073 «
1515 3013 1573 3077 N
1575 3033 1641 3078 ec
1667 3015 1895 3091 obstat,
1916 3017 1990 3079 ut
2015 3015 2247 3098 optime
2272 3016 2362 3078 ait
2381 3015 2664 3097 Vasquez
2686 3015 2744 3078 1.
2767 3016 2825 3077 2.
2841 3014 3004 3098 disp.
3031 3017 3174 3080 110.

704 3136 836 3200 cap.
866 3119 924 3180 2.
953 3138 1012 3181 n.
1040 3118 1124 3192 4.,
1152 3116 1444 3181 iamiure
1478 3119 1740 3181 naturae
1772 3118 2171 3182 interdictum
2204 3137 2334 3182 esse
2365 3118 2727 3203 coniugium
2757 3118 3056 3203 religioso
3088 3138 3179 3183 ra-

704 3220 872 3284 tione
908 3220 1039 3284 voti
1077 3222 1140 3284 et
1172 3219 1506 3304 coniugato
1541 3222 1619 3286 ob
1649 3240 1938 3304 praesens
1970 3221 2458 3289 matrimonium.
2486 3219 2645 3300 Quia
2683 3221 2840 3289 satis
2871 3224 2969 3286 est
2999 3239 3176 3305 posse

705 3340 808 3385 eos
857 3322 1196 3406 excogitari
1229 3323 1343 3385 sub
1376 3323 1585 3404 aliquo
1625 3325 1819 3395 statu,
1855 3324 1916 3386 in
1956 3342 2079 3404 quo
2111 3323 2511 3389 interdictum
2544 3342 2666 3387 non
2708 3326 2890 3388 esset.
2925 3323 3067 3387 Hoc
3109 3322 3179 3387 li-

703 3430 892 3507 mitat
936 3429 1224 3503 Armilla„
1276 3430 1392 3494 nisi
1433 3430 1539 3493 ille
1586 3430 1915 3513 religiosus
1961 3431 2124 3494 male
2157 3432 2485 3495 contentus
2517 3432 2682 3496 esset
2717 3430 2790 3494 de
2822 3430 3037 3495 divino
3085 3432 3180 3495 be-

707 3530 950 3605 nefici03
989 3531 1135 3593 tunc
1183 3531 1346 3594 enim
1394 3532 1485 3595 ait
1532 3551 1661 3596 esse
1707 3531 1988 3595 mortale.
2038 3532 2157 3597 Sed
2202 3532 2265 3596 id
2311 3552 2436 3598 non
2479 3533 2680 3610 cred0‚
2728 3534 2852 3599 nisi
2896 3533 3179 3599 formalis

704 3632 899 3696 divini
945 3630 1219 3697 beneficii
1251 3635 1645 3717 contemptus
1683 3634 1943 3712 adesset,
1973 3635 2070 3698 vel
2107 3635 2456 3717 proximum
2494 3635 2820 3720 frangendi
2854 3636 2990 3700 voti
3027 3635 3181 3719 peti-

703 3736 933 3800 culum.
970 3733 1129 3814 Quia
1178 3737 1350 3800 extra
1398 3738 1511 3802 hos
1551 3757 1730 3803 casus
1764 3738 1969 3802 dolere
2002 3737 2076 3803 de
2107 3739 2254 3803 voto
2304 3739 2528 3803 emisso
2577 3757 2699 3805 non
2746 3741 2845 3804 est
2888 3739 3176 3811 mortale,

705 3842 777 3904 ut
808 3838 873 3903 in
905 3841 982 3902 tr.
1020 3837 1093 3902 de
1139 3838 1287 3903 Voto
1320 3839 1520 3905 dicam
1553 3841 1661 3905 lib.
1702 3842 1762 3903 4.
1804 3860 1855 3903 c.
1896 3840 1994 3904 12.
2030 3861 2090 3905 n.
2128 3842 2187 3906 2.
2230 3839 2322 3905 Cf.
2358 3840 2610 3907 dicenda
2646 3842 2720 3906 de
2764 3842 2915 3908 Voto
2938 3844 3088 3911 dub.
3117 3845 3175 3906 4.

706 3941 885 4006 resol.
924 3942 984 4006 3.

793 4044 970 4124 Quod
1016 4046 1091 4108 A.
1138 4044 1307 4119 dicit,
1346 4046 1497 4109 haec
1544 4045 1844 4110 desideria
1891 4065 2023 4110 esse
2068 4046 2432 4129 periculosa,
2484 4066 2694 4113 omnes
2744 4049 2879 4113 DD.
2931 4069 3181 4115 consen·

707 4147 892 4211 tiunt.
929 4146 1352 4225 Nihilominus
1401 4147 1533 4211 fieri
1564 4149 1791 4230 potest,
1826 4150 1899 4211 ut
1936 4149 2062 4213 sint
2095 4149 2168 4214 de
2208 4149 2445 4219 obiecto
2481 4149 2640 4217 bono
2673 4151 2823 4215 haec
2853 4152 3178 4220 desideria.

706 4250 805 4312 Ita
853 4249 907 4312 si
954 4249 1328 4333 coniugatus
1380 4251 1626 4332 optaret
1671 4270 1735 4315 se
1781 4251 1915 4316 fieri
1961 4251 2452 4323 missionarium:
2488 4252 2543 4316 si
2587 4252 2847 4319 clericus
2895 4255 2972 4321 de
3022 4256 3184 4327 bello

704 4351 941 4433 cogitet
973 4352 1034 4415 et
1068 4351 1332 4416 inimicis
1382 4352 1689 4418 Ecclesiae
1735 4354 2146 4423 debellandis:
2182 4354 2536 4439 Religiosus
2582 4355 2657 4420 de
2687 4357 2986 4423 faciendis
3034 4360 3184 4425 elee-

706 4454 999 4536 mosynis
1036 4454 1386 4519 extruendis
1439 4456 1706 4538 templis,
1743 4457 2109 4523 nosocomiis
2158 4460 2272 4523 etc.
2310 4455 2598 4523 Ceterum
2646 4459 2796 4524 haec
2831 4463 3186 4544 generatim

708 4554 896 4617 habet
927 4553 1259 4621 Caietanus
1292 4557 1397 4639 (V.
1436 4556 1851 4639 Coyitationis
1868 4562 2184 4641 peccam:
2219 4586 2251 4619 «ι
2285 4559 2451 4625 Scito
2487 4581 2697 4627 omnes
2728 4563 3181 4630 conditionales
