3529 5158
683 340 788 395 172
1144 354 1358 395 'runc-r.
1399 354 1463 394 11.
1502 354 1588 394 nn
1622 352 2039 396 consumma.
2079 354 2276 396 CAPUT
2314 355 2379 395 11.
2418 355 2558 397 nnn.
2602 356 2664 395 11.
2995 341 3140 417 [176]

769 452 1082 516 Nimirum
1128 452 1237 516 isti
1275 452 1641 516 hallucinati
1679 453 1827 516 sunt
1857 452 1918 515 in
1952 452 2264 516 communi
2295 453 2572 517 doctrina
2610 453 3032 538 intelligenda,
3065 457 3141 518 ut

680 558 856 639 patet
896 575 952 618 v.
988 575 1080 637 gr.
1115 573 1186 618 ex
1223 554 1429 628 mod0‚
1463 573 1586 636 quo
1625 573 1761 619 eam
1795 554 2038 618 exhibet
2073 554 2312 619 Auctor
2342 553 2675 638 Compend.
2710 553 3015 620 Gonzalez
3048 556 3140 635 (in

679 658 905 721 ultima
947 657 1007 739 g.
1041 657 1147 719 38.
1173 676 1232 720 n.
1265 657 1411 719 134.
1443 657 1643 721 totius
1677 656 1940 740 operis):
1983 681 2018 714 ⁴<
2043 657 2494 721 Probabilistae
2530 657 2768 740 decepti
2799 659 2964 731 sunt,
2993 657 3136 740 quia

678 759 1108 843 imaginantur
1153 758 1466 841 quoddam
1496 758 1833 842 probabile,
1867 758 2033 840 quod
2070 759 2154 822 sit
2189 759 2406 843 regula
2441 759 2747 834 absoluta,
2782 778 2997 823 secura
3029 778 3139 843 pro

683 863 996 937 omnibus3
1038 863 1128 927 ita
1174 864 1249 926 ut
1297 862 1504 945 opinio
1551 861 1889 944 probabilis
1936 862 2009 925 de
2055 862 2380 926 honestate
2412 863 2608 939 actua,
2643 861 2752 925 hoc
2796 863 2932 943 ipso
2979 860 3147 943 qzwd

673 965 1025 1044 probabilis
1061 966 1165 1038 sit,
1200 966 1396 1048 possit
1442 967 1514 1028 ut
1560 964 1778 1047 regula
1809 966 1976 1028 certa
2016 964 2094 1028 ob
2128 964 2413 1027 omnibus
2461 965 2722 1040 assumi3
2758 983 2901 1028 cum
2932 966 3140 1028 tamen

680 1068 996 1149 probabile
1030 1071 1093 1132 et
1124 1068 1331 1150 opinio
1362 1066 1699 1150 probabilis
1723 1066 1808 1130 sit
1830 1066 2048 1150 regula
2074 1065 2478 1148 respectiva...
2506 1064 2722 1130 Solum
2745 1066 2908 1130 enim
2934 1066 3143 1149 opinio

683 1171 1021 1252 probabilis
1068 1173 1162 1234 est
1207 1173 1375 1234 certa
1410 1169 1628 1253 regula
1658 1187 1770 1250 pro
1803 1167 1920 1240 his,
1954 1169 2063 1250 qui
2099 1168 2274 1232 illam
2309 1166 2662 1248 prudente-r
2688 1167 3043 1247 approbant
3076 1171 3151 1231 ut

684 1288 899 1334 vnum
931 1275 995 1336 et
1026 1271 1190 1352 quod
1236 1272 1380 1354 (sic)
1409 1271 1606 1353 ipsius
1637 1270 2040 1334 fundamenta
2071 1272 2214 1354 post
2251 1270 2524 1335 debitam
2554 1270 2944 1355 diligentiam
2977 1270 3147 1335 adhi—

683 1374 902 1449 bitam,
937 1375 1398 1455 repraesentata
1442 1374 1560 1455 ipsi
1609 1376 1754 1436 sunt
1801 1376 1875 1436 ut
1919 1372 2088 1435 clare
2134 1374 2613 1456 praeeminentia
2664 1374 2985 1457 oppositae
3015 1393 3147 1438 sen-

571 1473 575 1477 ’
686 1476 921 1541 tentiae
968 1475 1387 1539 fundamentis
1418 1497 1489 1537 »z
1529 1493 1747 1557 nempe
1795 1474 2198 1540 fiindamenta
2233 1478 2550 1559 oppositae
2587 1477 2929 1541 sententiae
2962 1477 3145 1541 abiici

683 1582 747 1643 et
784 1577 1098 1643 contemni
1131 1577 1371 1660 possint
1406 1580 1482 1640 ut
1513 1577 1861 1658 scrupulus,
1895 1580 2084 1659 prout
2123 1579 2273 1642 alibi
2318 1577 2468 1642 dicit
2513 1578 2688 1660 (ibid.
2725 1580 2782 1662 g.
2819 1580 2878 1641 6.
2912 1579 2978 1642 in
3009 1580 3145 1662 fin.)

685 1682 737 1745 si
783 1681 1030 1765 propria
1064 1679 1272 1762 opinio
1317 1679 1572 1744 inducat
1617 1678 1919 1742 moralem
1964 1679 2397 1743 certitudinem
2444 1683 2507 1744 et
2551 1682 2835 1746 excludat
2879 1681 3148 1747 haesita-

686 1784 919 1848 tionem
955 1801 1201 1848 omnem
1233 1784 1295 1846 et
1327 1781 1626 1846 moralem
1659 1780 2050 1845 formidinem
2082 1781 2157 1844 de
2189 1781 2494 1864 opposito,

774 1885 1004 1949 Exinde
1036 1886 1334 1968 perpetua
1364 1884 1475 1947 illa
1505 1885 1773 1948 istorum
1804 1883 2134 1956 cantilena,
2167 1883 2288 1947 nisi
2324 1903 2432 1967 per
2462 1904 2770 1949 summam
2803 1886 3147 1951 stultitiam

687 1988 807 2051 dici
837 2006 1036 2070 posse,
1064 1985 1229 2068 quod
1260 1985 1592 2069 prudenter
1624 1989 1794 2069 agat,
1820 1986 1930 2067 qui
1958 1985 2166 2049 minus
2197 1986 2579 2068 probabilem
2602 1988 2902 2069 sequitur,
2926 1988 3146 2053 relicta

689 2088 1106 2172 probabiliori.
1133 2087 1199 2152 Si
1222 2086 1405 2163 enim,
1430 2087 1742 2168 inquiunt,
1769 2087 1834 2151 in
1859 2087 2095 2170 agendo
2121 2089 2302 2152 debes
2327 2091 2390 2152 et
2412 2090 2507 2153 vis
2531 2091 2736 2153 certus
2759 2107 2909 2163 esse,
2936 2091 3146 2173 prouti

687 2192 819 2255 fieri
848 2193 1077 2273 potest,
1110 2190 1184 2255 de
1215 2191 1540 2255 honestate
1573 2192 1770 2267 actua,
1804 2208 1927 2272 quo
1960 2193 2143 2273 pacto
2175 2192 2239 2255 id
2271 2192 2633 2274 assequeris,
2667 2192 2816 2257 dum
2846 2194 3146 2259 maiorem

687 2293 1032 2359 honestatis
1062 2293 1664 2357 verisimilitudinem
1688 2293 2041 2375 posthabeS‚
2079 2296 2153 2357 ut
2184 2294 2485 2359 minorem
2518 2295 2910 2378 amplectaris
2928 2298 2958 2360 Ρ
2981 2296 3150 2376 Quo-

690 2396 893 2472 modo,
940 2395 1148 2478 inquit
1193 2396 1462 2460 Antoine
1508 2395 1582 2459 de
1623 2394 1806 2459 Cone.
1846 2415 1979 2479 cap.
2014 2397 2074 2459 4.
2109 2416 2168 2477 q.
2202 2397 2285 2471 3.,
2319 2399 2559 2461 certum
2604 2397 2721 2460 tibi
2753 2415 2884 2461 esse
2917 2400 3148 2480 potest.

690 2502 901 2563 actum
949 2518 1079 2563 esse
1123 2499 1388 2575 licitum,
1423 2497 1574 2562 dum
1618 2499 1885 2582 tibiipsi
1932 2502 2171 2563 certum
2217 2503 2331 2575 est,
2366 2502 2577 2563 actum
2623 2500 3042 2565 verosimilius
3082 2520 3152 2565 ac

688 2602 1071 2685 probabilius
1102 2620 1233 2666 esse
1254 2602 1595 2688 illicitum?
1627 2602 1726 2665 Ita
1757 2602 1854 2665 illi
1884 2603 2098 2666 eodem
2129 2620 2366 2686 semper
2397 2603 2520 2667 acti
2553 2602 2948 2685 praeiudicio,
2985 2604 3153 2685 quod

690 2704 988 2768 ultimum
1034 2703 1379 2768 honestatis
1425 2701 1733 2767 dictamen
1781 2703 2148 2767 sumendum
2195 2705 2278 2768 sit
2323 2723 2396 2768 ex
2441 2705 2789 2770 rationibus
2835 2705 3154 2770 subiectae

694 2807 994 2870 materiae
1031 2805 1312 2888 specialis
1342 2804 1626 2889 propriis.

781 2905 932 2978 176.
965 2908 1047 2973 Et
1092 2907 1509 2972 hallucinatos
1555 2925 1659 2971 eos
1706 2907 1889 2971 fateri
1927 2911 2172 2990 oportet
2202 2928 2273 2972 ex
2319 2909 2691 2991 quibusdam
2725 2912 3154 2993 antiquiorum

690 3013 1128 3096 theologorum
1174 3008 1464 3091 loquendi
1500 3009 1808 3082 formulis,
1841 3028 1999 3092 quae
2030 3011 2229 3092 prima
2259 3010 2463 3076 fronte
2490 3011 2556 3075 in
2588 3012 2746 3076 hanc
2776 3014 3153 3077 sententiam

688 3116 855 3180 trahi
884 3116 1193 3197 poterant.
1229 3114 1326 3177 Ita
1360 3133 1418 3176 v.
1450 3132 1544 3196 gr.
1578 3109 1913 3176 Caietanus
1946 3109 2117 3174 Sam.
2144 3111 2221 3174 V.
2256 3110 2514 3192 Opinio.
2534 3116 2869 3195 postquam
2900 3116 3151 3191 statuit,

691 3221 1043 3298 opinionem
1094 3236 1227 3283 esse
1283 3216 1568 3300 regulam
1629 3215 2009 3299 ambiguam,
2059 3217 2278 3298 utpote
2322 3209 2465 3280 cum
2517 3216 2844 3282 formidine
2892 3218 3154 3283 alterius

689 3322 886 3404 partis
934 3324 1122 3402 atque
1154 3319 1305 3384 adeo
1352 3318 1644 3382 illicitum
1690 3336 1840 3394 esse,
1875 3337 1946 3381 ex
1992 3317 2278 3397 opinione
2311 3319 2578 3397 operari,
2620 3319 2864 3384 subdit:
2913 3344 2948 3376 α
2980 3319 3155 3383 Haec

692 3422 972 3505 intellige
1018 3421 1092 3485 de
1138 3421 1423 3503 opinione
1468 3419 1712 3502 proprie
1757 3420 1944 3492 dicta,
1984 3438 2143 3500 quae
2188 3421 2286 3483 est
2328 3438 2470 3484 cum
2515 3419 2843 3484 formidine
2890 3420 3153 3484 alterius

694 3525 889 3608 partis
914 3525 976 3586 et
1007 3542 1114 3604 per
1144 3542 1207 3587 se
1238 3521 1563 3603 loquendo.
1598 3521 1737 3585 Non
1763 3521 1926 3585 enim
1956 3524 2280 3604 propterea
2312 3521 2563 3603 aliquod
2596 3522 2881 3604 opinione
2903 3523 3158 3586 tenetur

697 3626 856 3709 (scil.
892 3624 1234 3709 ambigua),
1262 3624 1409 3705 quia
1438 3623 1665 3688 diversi
1687 3624 1970 3688 doctores
2002 3624 2314 3687 contraria
2344 3623 2647 3699 sentiunt3
2682 3624 2979 3706 quoniam
3011 3643 3157 3689 cum

693 3728 1051 3794 huiusmodi
1097 3727 1538 3792 contrarietate
1573 3729 1723 3803 stat,
1763 3726 1929 3809 qnod
1961 3745 2085 3790 una
2116 3745 2259 3809 pars
2290 3727 2374 3790 sit
2409 3727 2650 3792 ratione
2698 3726 3044 3792 sufficiente
3077 3728 3156 3791 ad

689 3831 987 3897 moralem
1015 3829 1450 3894 certitudinem
1478 3828 1644 3909 fulta
1673 3832 1737 3894 et
1758 3830 1892 3892 iam
1912 3849 2038 3891 non
2069 3832 2165 3892 est
2191 3830 2400 3909 opinio
2429 3829 2592 3912 (scil.
2626 3830 2951 3914 ambigua)
2990 3830 3157 3913 apud

693 3937 1001 4019 capientes
1047 3934 1355 3999 rationem
1415 3933 1624 4008 illam3
1673 3932 1780 3996 sed
1824 3931 1972 4013 quia
2020 3931 2303 3996 nesciunt
2349 3932 2536 3996 multi
2597 3931 2940 3996 discernere
2991 3932 3158 3998 inter

690 4038 1125 4102 certitudinem
1169 4035 1466 4101 moralem
1511 4038 1573 4100 et
1618 4033 2136 4107 mathematicam,
2187 4035 2392 4098 omnia
2440 4033 2896 4117 quodammodo
2943 4034 3159 4099 locant

693 4142 809 4205 sub
847 4140 1237 4222 opinionibus
1270 4165 1331 4200 ».

779 4242 921 4304 Huc
952 4242 1192 4323 spectat
1222 4240 1440 4322 regula
1472 4240 1768 4304 Prieratis
1802 4238 1973 4304 Sam.
2011 4238 2180 4321 sylv.
2220 4239 2294 4303 V.
2333 4237 2557 4318 Opinio
2589 4260 2649 4303 n.
2687 4242 2776 4306 1.:
2820 4265 2854 4298 «
2885 4239 3027 4306 Non
3062 4244 3159 4306 est

695 4344 759 4407 in
791 4342 998 4417 dubio,
1033 4342 1137 4422 qui
1170 4340 1592 4423 probabilibus
1623 4342 1968 4406 rationibus
2001 4342 2273 4406 flectItur
2306 4341 2382 4405 ad
2415 4360 2603 4405 unam
2635 4344 2971 4424 partem...;
3007 4345 3160 4424 quia

691 4448 863 4510 tenet
893 4445 1010 4510 iste
1047 4446 1285 4507 certum
1330 4443 1668 4514 moraliter.
1717 4463 1860 4508 cum
1905 4445 1970 4509 in
2019 4442 2361 4507 moralibus
2405 4445 2688 4524 sufficiat
2728 4444 3033 4509 certitudo
3082 4465 3160 4508 ex

680 4545 1123 4628 probabilibus
1154 4571 1214 4609 ».
