3529 5158
319 308 467 385 [m]
729 320 1128 364 1113333131,Ήο
1164 323 1332 365 mm
1369 324 1596 367 mvn-0.
1632 325 1785 373 Qum
1821 325 1877 368 31
1916 325 2137 368 01133111·
2174 326 2371 368 031133
2678 311 2785 367 425

409 420 497 484 Ε1
518 418 882 484 huiusmodi
904 419 1219 485 distinctio
1246 440 1576 487 causarum
1599 422 1841 508 indiget
1863 423 2080 489 sedula
2096 423 2611 500 consideratione3
2637 424 2785 506 quia

320 541 445 587 non
478 521 666 586 modo
699 521 968 587 deservit
997 522 1075 586 ad
1121 524 1507 606 praesentem
1543 525 1973 606 quaestionem
2003 525 2076 590 de
2107 526 2448 591 cessatione
2479 526 2787 609 dispensa-

318 624 515 689 tionis
554 623 635 689 ob
664 624 1071 690 cessationem
1101 644 1342 704 causae,
1378 626 1485 691 sed
1515 628 1662 709 quia
1687 627 1827 692 inde
1865 629 2059 693 etiam
2088 628 2329 693 definiri
2353 628 2530 705 solet,
2570 629 2786 692 utrum

315 727 648 792 reticentia
686 728 798 791 aut
827 726 1022 792 falsae
1052 747 1276 792 causae
1322 730 1627 813 expressio
1667 730 1925 795 inducat
1946 731 2177 797 vitium
2213 730 2627 815 subreptionis
2673 732 2787 796 aut

317 829 723 914 obreptionis.
758 830 882 895 Ubi
906 830 1174 908 adverte,
1208 833 1611 895 cessationem
1633 851 1858 898 causae
1887 833 2053 898 idem
2089 833 2224 898 heic
2256 835 2319 898 et
2342 853 2505 898 nunc
2535 852 2688 907 esse,
2715 852 2786 897 ac

313 932 708 998 deficientem
732 950 1012 1009 causam3
1048 933 1214 1013 quod
1237 934 1594 1019 contingere
1618 936 1845 1018 potest,
1881 936 1978 999 vel
2011 935 2159 1017 quia
2182 935 2355 1000 deest
2377 955 2520 1000 cum
2550 937 2786 1019 petitur

312 1035 724 1118 dispensatio,
758 1035 858 1100 vel
895 1034 1042 1116 quia
1079 1035 1293 1100 deinde
1324 1036 1531 1101 deficit
1568 1056 1778 1115 causa,
1812 1057 1974 1120 quae
2005 1039 2180 1121 prius
2211 1038 2514 1104 exstabat.

408 1139 650 1203 Verum
679 1138 874 1221 (quod
919 1158 1065 1203 sane
1110 1139 1174 1203 in
1198 1159 1263 1203 re
1293 1141 1458 1204 tanti
1489 1141 1791 1205 momenti
1837 1141 2326 1225 inopportunum
2365 1140 2615 1225 accidit)
2660 1161 2784 1206 non

309 1242 480 1307 satis
504 1242 674 1305 certa
703 1243 768 1307 et
790 1241 959 1307 clara
990 1242 1055 1306 et
1076 1260 1346 1306 consona
1367 1244 1463 1307 est
1493 1243 1666 1309 notio
1692 1244 1917 1308 harum
1948 1262 2280 1308 causarum
2312 1263 2495 1327 penes
2518 1244 2781 1320 scholas,

311 1343 689 1428 praesertim
735 1362 878 1407 cum
924 1344 1134 1428 agitur
1180 1343 1254 1408 de
1301 1345 1510 1410 valore
1556 1346 1993 1411 contractuum
2031 1346 2146 1410 etc.
2188 1346 2276 1410 At
2307 1365 2427 1410 non
2475 1345 2563 1410 sic
2609 1346 2673 1411 in
2719 1366 2784 1410 re

311 1446 654 1530 praesenti.

402 1544 901 1619 44283ηο1133
927 1549 1132 1630 quoad
1162 1570 1292 1614 rem
1315 1551 1597 1615 nostram
1619 1550 1693 1614 de
1725 1550 2019 1615 Matrini.
2059 1551 2167 1616 lib.
2203 1552 2263 1614 8.
2297 1551 2453 1634 disp.
2490 1553 2596 1616 21.
2632 1573 2691 1615 11.
2721 1552 2780 1616 8.

307 1652 402 1717 sic
435 1650 691 1716 definit:
739 1676 774 1709 «
805 1649 1104 1729 Quamvis
1149 1652 1354 1734 quoad
1399 1652 1563 1717 alios
1607 1651 1860 1731 effectus
1906 1652 1993 1734 (v.
2033 1674 2096 1737 g.
2137 1653 2367 1717 valoris
2405 1654 2780 1731 contract11S‚

306 1752 696 1830 1101131101113,
730 1752 923 1836 legati
948 1754 1095 1837 310.)
1118 1754 1490 1838 gravissima
1515 1756 1601 1819 sit
1623 1755 2064 1832 controversia,
2093 1755 2296 1836 qualis
2320 1754 2565 1819 dicatur
2594 1775 2784 1821 causa

306 1855 525 1921 finalis
566 1856 631 1918 et
659 1855 863 1936 qualis
899 1855 1254 1938 impulsiva,
1292 1858 1369 1921 ut
1399 1858 1608 1940 potest
1640 1857 1878 1923 videri
1862 1876 1927 1921 111
1959 1858 2316 1939 Tiraquello
2350 1858 2532 1922 tract.
2574 1857 2783 1922 Causa

304 1961 601 2022 cessante
632 1958 918 2021 3131013
956 1957 1331 2022 limitatione
1365 1960 1581 2040 prima
1630 1979 1770 2043 opp.
1806 1960 1957 2024 tom.
2009 1961 2069 2024 5.
2118 1961 2302 2023 tract.
2335 1960 2429 2036 1.;
2414 1961 2533 2023 ·31
2578 1961 2782 2041 quoad

303 2060 731 2127 inducendam
754 2061 1252 2145 subreptionem
1237 2081 1301 2127 111
1325 2063 1638 2145 rescriptis
1655 2062 1899 2147 gratiae
1918 2062 2018 2126 vel
2033 2063 2333 2142 iustitiae,
2352 2082 2540 2127 causa
2563 2062 2783 2143 finalis

302 2184 380 2229 ea
421 2163 680 2242 dicitur,
715 2183 839 2245 qua
876 2183 999 2229 non
1044 2164 1395 2244 exsistente,
1434 2165 1725 2249 Princeps
1771 2165 2045 2250 gratiam
2068 2166 2322 2230 minime
2361 2167 2778 2246 concessisset,

302 2268 408 2332 vel
440 2285 576 2348 qua
607 2266 665 2330 ei
687 2265 1056 2351 significata,
1078 2266 1444 2352 denegasset
1467 2268 1683 2351 petita.
1711 2268 1802 2331 At
1828 2266 2164 2348 impulsiva
2195 2286 2268 2332 ea
2300 2269 2413 2345 est,
2440 2287 2599 2349 quae
2623 2268 2780 2335 13130

301 2387 602 2453 expressa
635 2369 972 2453 principem
1002 2371 1213 2435 movet
1245 2370 1322 2434 ad
1351 2369 1608 2448 facilius
1637 2370 2022 2436 concedenda
2043 2371 2262 2454 petita,
2301 2370 2401 2434 vel
2432 2371 2485 2433 si
2509 2390 2655 2435 vera
2687 2374 2783 2437 est

302 2475 371 2539 31
401 2491 537 2536 11011
565 2472 891 2549 taceretur,
925 2476 1202 2537 moveret
1226 2473 1304 2537 ad
1327 2473 1642 2538 difficilius
1675 2473 2163 2538 concedendum:
2200 2475 2269 2537 at
2298 2492 2511 2538 revera
2531 2493 2781 2556 prorsus

301 2575 678 2643 concederet
707 2574 979 2660 gratiam
1011 2575 1077 2640 in
1108 2577 1373 2658 utroque
1405 2577 1631 2642 eventu
1655 2602 1715 2640 ».

394 2680 543 2744 Has
574 2697 796 2742 causas
834 2678 972 2761 pari
1003 2677 1130 2742 fere
1160 2678 1344 2744 modo
1383 2679 1786 2745 Reiffenstuel
1821 2680 1885 2743 in
1918 2679 2025 2745 lib.
2080 2681 2137 2743 1.
2174 2681 2275 2745 tit.
2311 2682 2372 2745 3.
2410 2702 2467 2745 n.
2508 2681 2654 2746 183.
2695 2681 2782 2746 sic

300 2782 599 2850 exhibet:
658 2806 694 2839 ‹
731 2778 936 2845 Causa
983 2781 1289 2864 Rescripti
1341 2783 1591 2856 motiva,
1654 2794 1846 2865 quam
1905 2782 2028 2848 3110
2083 2783 2331 2848 1101111113
2372 2783 2777 2864 primariam,

287 2881 733 2968 principalem
757 2902 828 2946 ac
850 2881 1106 2963 finalem
1144 2884 1478 2968 appellant,
1513 2887 1607 2949 est
1630 2885 1761 2962 illa,
1796 2904 1921 2967 qua
1954 2904 2075 2949 non
2108 2886 2455 2962 exsistente,
2490 2886 2780 2971 Princeps

300 2987 689 3071 rescriptum
733 3005 858 3051 non
895 2987 1314 3064 concessisset,
1353 2987 1453 3052 vel
1499 2987 1721 3052 saltem
1771 3006 1893 3051 non
1927 2988 2061 3050 tam
2094 2987 2398 3062 absolute,
2432 2987 2536 3049 sed
2576 2989 2778 3051 solum

299 3093 602 3159 restricte
648 3090 748 3154 vel
793 3090 910 3155 sub
956 3090 1140 3155 certis
1186 3089 1485 3154 clausulis
1533 3108 1604 3152 ac
1647 3087 2153 3152 limitationibus.
2187 3085 2391 3150 Causa
2423 3085 2777 3165 impulsiva,

299 3197 441 3260 sive
488 3191 870 3259 secundaria
914 3192 1143 3258 dicitur
1187 3211 1279 3269 ea,
1328 3211 1454 3274 qua
1497 3210 1621 3255 non
1667 3189 2019 3266 exsistente,
2060 3188 2349 3269 Princeps
2382 3187 2782 3253 concessisset

298 3297 572 3381 quidem
608 3297 996 3379 rescriptum,
1030 3296 1137 3361 sed
1172 3313 1294 3360 non
1329 3295 1462 3358 tam
1491 3293 1672 3358 facile
1697 3317 1758 3354 ».

399 3400 489 3464 Et
533 3398 741 3483 pergit
783 3398 1138 3464 Reiffenst.:
1195 3422 1231 3455 «
1263 3396 1439 3461 Unde
1485 3395 1678 3478 patet,
1720 3392 1886 3476 quod
1926 3392 2096 3475 prior
2132 3410 2320 3456 causa
2351 3390 2656 3455 conducat
2702 3392 2781 3457 ad

297 3501 739 3570 substantiam
785 3500 1226 3575 concessionis;
1277 3498 1583 3582 posterior
1621 3515 1766 3562 vero
1800 3495 2004 3560 solum
2042 3495 2217 3559 iuvet
2249 3494 2324 3558 ad
2356 3493 2611 3559 modum
2643 3514 2782 3560 con-

294 3603 629 3680 0333101113,
680 3622 897 3686 nempe
944 3603 1018 3666 ut
1062 3602 1306 3667 facilius
1354 3602 1554 3666 detur.
1605 3599 1785 3680 Quod
1831 3599 2038 3682 ipsum
2084 3599 2292 3662 Abbas
2338 3599 2628 3663 Panorm.
2664 3600 2779 3664 sub

299 3709 449 3774 aliis
482 3711 704 3774 tamen
741 3706 942 3771 verbis
979 3705 1238 3770 tradit...
1287 3704 1521 3769 dicens:
1573 3701 1779 3767 Causa
1824 3700 2044 3782 finalis
2080 3703 2194 3774 est,
2235 3721 2395 3783 quae
2432 3722 2501 3765 ex
2542 3702 2677 3765 1010
2717 3704 2780 3766 31

297 3814 598 3880 funditus
633 3812 912 3877 animum
942 3811 1155 3875 movet
1185 3809 1585 3892 disponentis,
1628 3808 1784 3872 alias
1818 3807 2252 3873 verosimiliter
2282 3825 2405 3870 non
2443 3805 2778 3869 facturum.

296 3914 667 3996 Impulsiva
693 3932 858 3992 vere,
884 3932 1044 3996 quae
1068 3913 1334 3996 impellit
1365 3911 1766 3984 statuentem,
1800 3930 1925 3992 qua
1949 3909 2244 3984 cessante,
2272 3908 2554 3973 statuens
2580 3907 2781 3972 adhuc

296 4023 440 4086 erat
481 4017 868 4083 statutums.
919 4015 1177 4094 Quando
1224 4016 1421 4100 igitur
1468 4014 1566 4078 vel
1611 4013 1856 4077 tacetur
1895 4010 2130 4093 aliquid
2166 4029 2401 4086 verum,
2450 4009 2548 4073 vel
2580 4001 2789 4093 expri-'

296 4123 507 4186 mitur
531 4120 787 4196 falsum,
815 4136 938 4199 quo
963 4117 1082 4181 rite
1105 4118 1354 4202 cognito
1379 4117 1670 4197 Princeps
1687 4113 2106 4178 verisimiliter
2130 4130 2528 4176 concessurus
2558 4112 2782 4178 11113331

294 4223 707 4306 rescriptum,
735 4219 840 4284 sed
862 4238 987 4284 non
1014 4219 1144 4282 tam
1167 4219 1291 4283 cito
1317 4238 1388 4283 ac
1417 4217 1616 4293 facile,
1652 4215 1961 4300 contingit
1991 4214 2307 4296 subreptio
2333 4214 2494 4278 circa
2526 4233 2779 4281 causam

293 4323 755 4409 impulsivam:
789 4322 843 4385 si
876 4320 1088 4384 autem
1118 4320 1182 4384 id
1212 4321 1384 4384 nullo
1416 4320 1600 4384 modo
1648 4336 2050 4382 concessurus
2088 4317 2308 4380 fuisset
2346 4316 2459 4379 aut
2490 4335 2613 4381 non
2660 4319 2781 4382 nisi

291 4429 420 4494 sub
454 4424 651 4491 certis
673 4421 1188 4498 restrictionibus,
1218 4422 1365 4485 tunc
1387 4421 1809 4486 committitur
1833 4420 2148 4503 subreptio
2173 4419 2333 4484 circa
2367 4437 2621 4484 causam
2654 4440 2781 4485 mo-

291 4532 510 4596 tivam
550 4545 666 4591 seu
702 4524 1105 4607 principalem
1131 4547 1192 4587 x».
