3529 5158
381 349 523 424 [641]
558 362 1002 405 BLASPHEMANS
1026 363 1278 417 PLURES,
1305 363 1672 405 nna-rums
1696 363 2015 416 PLURIBUS,
2035 365 2240 406 PLURA
2267 366 2436 406 113113
2464 367 2695 409 0113113
2731 353 2836 409 571

383 460 507 524 Alii
552 479 698 524 vero
744 478 854 543 pro
901 460 1140 524 ratione
1186 457 1390 522 czdtus
1432 459 1724 534 absoluti,
1757 459 1973 525 dicunt
2009 461 2248 526 differre
2294 463 2508 545 specie.
2542 464 2630 527 At
2675 465 2838 528 enim

381 564 590 628 valent
634 563 745 626 illa
791 563 983 627 etiam
1029 561 1234 644 quoad
1280 562 1662 626 numerum?

472 660 835 737 840.1)3111
867 684 916 729 3.
943 665 1126 747 Α11111.
1153 685 1213 729 ιι.
1241 665 1345 729 48.
1372 684 1515 729 011111
1538 662 1829 743 001101113,
1864 663 2085 745 Collet,
2118 666 2488 748 Holzmann,
2515 667 2698 733 Croix
2723 670 2839 734 etc.

380 769 558 833 docet
586 767 969 851 probabilius
994 785 1144 841 esse,
1163 766 1328 849 quod
1358 767 1716 842 committat
1744 767 1988 833 diversa
2010 773 2262 852 peccata
2284 771 2410 849 ille,
2429 771 2536 853 qui
2562 771 2836 836 detrahit

378 854 608 935 alicui
592 889 657 933 m
694 868 976 952 pluribus
1007 869 1305 942 materiis,
1339 870 1437 934 vel
1475 889 1617 933 eum
1647 870 1907 935 diversis
1940 873 2332 937 contumeliis
2367 873 2584 937 afficit.

467 973 721 1050 Verum,
761 971 880 1036 ut'
862 990 995 1055 ipse
1025 971 1155 1036 suis
1184 971 1635 1054 multiplicibus
1681 990 1793 1055 pro
1833 973 2120 1056 opposita
2166 974 2474 1039 sententia
2513 974 2842 1058 allegatio·

377 1077 557 1142 nibus
590 1074 815 1158 prodit,
841 1074 990 1139 talis
1009 1074 1289 1139 doctrina
1314 1076 1412 1139 est
1433 1075 1649 1139 contra
1679 1093 2070 1141 communem
2100 1077 2462 1161 graviorum
2487 1078 2831 1141 Doctorum

378 1178 766 1243 sententiam.
815 1176 898 1239 Et
941 1177 1144 1240 Diana
1191 1178 1433 1259 praeter
1479 1176 1623 1249 alia,
1666 1179 1821 1241 tom.
1876 1178 1933 1239 1.
1984 1180 2165 1241 tract.
2204 1179 2261 1242 7.
2296 1180 2477 1243 resol.
2519 1180 2620 1241 19.
2648 1199 2709 1242 ιι.
2747 1180 2832 1256 2.,

381 1280 565 1346 refert
595 1280 752 1343 hanc
782 1279 1008 1343 thesim
1045 1277 1400 1362 Reginaldi:
1441 1302 1476 1337 «
1508 1278 1792 1343 Tertium
1831 1279 2272 1345 documentum
2303 1283 2416 1359 est,
2453 1300 2663 1345 omnes
2696 1299 2838 1345 con·

375 1382 668 1449 tumelias
715 1400 845 1446 3333
890 1381 1163 1446 eiusdem
1209 1381 1464 1463 speciei3
1506 1381 1653 1462 quia
1700 1400 2083 1464 quamquam
2128 1383 2191 1447 in
2239 1383 2457 1447 ceteris
2504 1383 2832 1448 diversitas

378 1486 683 1561 cernatur,
718 1484 1091 1547 conveniunt
1120 1486 1323 1545 tamen
1358 1484 1431 1545 in
1466 1483 1710 1546 ratione
1746 1482 2021 1561 formali,
2047 1503 2207 1566 quae
2245 1486 2341 1549 est
2368 1484 2632 1550 intentio
2672 1484 2837 1548 aufe-

377 1588 550 1653 rendi
584 1586 763 1650 alteri
796 1604 979 1649 suum
1010 1585 1325 1649 honorem.
1359 1582 1535 1649 Unde
1559 1584 1860 1666 sequitur,
1896 1585 2050 1648 satis
2083 1605 2215 1650 3333
2246 1586 2309 1649 111
2342 1587 2719 1651 confessione
2751 1586 2840 1650 di·

375 1711 537 1756 cere:
569 1689 777 1752 Totv‘es
798 1685 1170 1751 contumelia
1191 1684 1376 1763 affeci
1403 1705 1606 1748 meum
1627 1687 2008 1765 proximum,
2034 1706 2144 1751 nec
2175 1688 2422 1770 requiri,
2458 1689 2531 1752 ut
2562 1687 2834 1753 dicatur:

374 1795 569 1858 Illum
603 1791 810 1853 vocavi
838 1788 1095 1865 ebrium,
1121 1807 1425 1865 scurram,
1457 1785 1816 1851 adulterum
1844 1791 1999 1867 etc..,
2033 1789 2115 1854 Et
2160 1789 2371 1853 subdit
2417 1791 2637 1867 Diana,
2676 1790 2824 1855 ibid.

374 1916 439 1960 u.
474 1895 566 1957 4.:
609 1919 644 1951 «
676 1891 733 1955 N
737 1894 910 1957 otent
941 1888 1332 1968 Confessarii‚
1373 1890 1538 1972 quod
1585 1890 1777 1954 etiam
1823 1891 1974 1955 haec
2018 1891 2300 1956 doctrina
2337 1893 2433 1956 331
2470 1893 2831 1975 applicanda

371 1997 438 2060 31
474 1993 871 2078 practicanda
899 1993 965 2057 in
997 1991 1483 2056 detractionibus
1515 1993 1579 2056 et
1615 1992 1704 2056 sic
1741 2011 1778 2056 a
1809 1993 2028 2058 multis
2067 1994 2374 2077 scrupulis
2405 1996 2469 2058 31
2506 1994 2833 2059 detractio-

374 2099 558 2163 nibus
590 2098 895 2161 immunes
927 2098 1126 2161 erunt.
1151 2095 1291 2160 Vid.
1317 2096 1568 2173 Bonae,
1604 2097 1713 2179 qui
1743 2099 2024 2163 nostram
2049 2100 2419 2163 sententiam
2451 2100 2830 2183 probabilem

376 2203 564 2267 vocat
596 2225 657 2264 ».

466 2303 675 2367 Velim
707 2304 919 2367 autem
956 2303 1203 2380 notetis,
1238 2302 1404 2384 quod
1439 2302 1585 2366 ibid.
1620 2324 1679 2366 n.
1726 2305 1786 2366 3.
1824 2303 2092 2369 advertit
2116 2305 2336 2381 Diana,
2364 2306 2666 2387 quosdam
2697 2307 2833 2371 DD.

373 2407 556 2472 aliter
588 2406 875 2489 opinatos
900 2424 1064 2482 esse3
1092 2405 1239 2488 quia
1265 2406 1576 2483 tenebant,
1611 2405 2113 2495 circumstantias
2133 2425 2380 2489 quoque
2410 2426 2575 2472 mere
2602 2428 2829 2493 aggra-

372 2511 589 2573 vantes
620 2508 683 2571 in
721 2507 1099 2572 confessione
1130 2525 1261 2571 esse
1299 2508 1741 2591 exprimendas.
1786 2508 1963 2588 Quod
2010 2509 2381 2593 principium
2412 2530 2555 2574 cum
2593 2529 2712 2575 non
2747 2511 2831 2575 sit

375 2612 647 2684 firmum,
688 2611 924 2675 corruit
955 2612 1132 2675 valor
1161 2611 1587 2675 resolutionis

471 2715 797 2778 Praeterea
835 2732 884 2777 s.
924 2713 1108 2795 Alph.
1147 2714 1190 2777 l.
1230 2733 1281 2778 c.
1316 2732 1353 2776 a
1384 2731 1499 2777 sua
1529 2732 1775 2796 quoque
1822 2716 2038 2800 regula
2085 2716 2311 2799 excipit
2347 2717 2744 2781 mulierculas
2777 2717 2840 2782 et

378 2817 669 2902 1113113103,
709 2815 819 2899 qui
849 2815 1036 2880 simul
1064 2816 1335 2880 rixantes
1367 2816 1578 2881 eodem
1609 2817 1848 2900 impetu
1880 2818 2137 2883 diversis
2183 2819 2575 2883 contumeliis
2608 2839 2671 2884 se
2706 2838 2844 2884 one·

377 2921 557 2984 rant:
595 2918 869 2996 unicum,
915 2918 1139 2999 inquit,
1178 2921 1501 3001 peccatum
1546 2921 1984 2997 committunt3
2034 2923 2182 3003 quia
2227 2923 2402 2987 iuxta
2450 2942 2839 2988 communem

374 3021 898 3087 existimationem
928 3020 994 3084 hi
1023 3039 1147 3085 non
1192 3020 1450 3085 laedunt
1494 3020 1728 3085 famam
1761 3023 1826 3085 et
1854 3022 2170 3099 honorem,
2207 3043 2277 3088 eo
2311 3023 2477 3105 quod
2517 3025 2836 3088 audientes

378 3125 618 3189 nullam
649 3123 832 3188 fidem
862 3123 960 3188 his
996 3125 1319 3205 praestant
1348 3124 1412 3186 et
1441 3122 1578 3187 ideo
1610 3124 1684 3186 ut
1714 3122 2055 3204 plurimum
2087 3124 2459 3188 excusantur
2496 3144 2532 3188 a
2563 3124 2839 3200 mortali,

376 3227 495 3290 nisi
540 3226 700 3290 forte
730 3224 804 3288 de
834 3224 1048 3306 aliquo
1082 3223 1472 3304 particulcm'
1498 3222 1661 3302 facto
1707 3223 2143 3287 adversarium
2189 3226 2622 3303 improperent.
2657 3223 2836 3304 Quod

379 3329 763 3410 postremum
816 3328 1047 3410 pariter
1105 3345 1220 3411 ego
1266 3327 1463 3390 habeo
1526 3325 1785 3390 dubium
1833 3327 2082 3408 propter
2143 3326 2450 3390 rationem
2498 3327 2575 3389 ab
2622 3326 2834 3390 eodem

382 3451 429 3496 s.
471 3432 653 3515 Alph.
690 3432 969 3507 allatam,
1003 3432 1149 3512 quia
1187 3431 1316 3495 scil.
1356 3449 1536 3494 nemo
1567 3430 1752 3494 fidem
1784 3429 1909 3494 illis
1941 3431 2147 3494 habet.

470 3530 626 3605 841.
676 3533 900 3600 Subdit
930 3534 1067 3598 dein
1107 3553 1154 3597 s.
1195 3534 1548 3616 Alphonsus
1584 3554 1645 3598 n.
1685 3534 1793 3598 49.
1833 3533 1991 3597 sat-is
2016 3532 2410 3613 probabilem
2444 3555 2574 3599 esse
2619 3535 2842 3601 doctri-

381 3659 525 3703 nam
549 3638 749 3723 Lugo,
775 3636 1159 3714 Tamburini,
1184 3635 1423 3701 Melina
1446 3639 1562 3701 310.
1593 3636 1914 3710 aientium,
1939 3655 2061 3701 non
2085 3636 2491 3720 multiplicari
2514 3641 2835 3721 peccatum

379 3741 778 3806 detractionis
826 3760 897 3805 ex
942 3757 1197 3804 numero
1238 3757 1657 3821 personarum,
1698 3757 1909 3804 coram
1955 3739 2180 3822 quibus
2226 3739 2333 3815 fit3
2384 3741 2489 3804 sed
2527 3759 2656 3805 esse
2703 3742 2837 3802 tan-

385 3845 705 3909 tummodo
743 3841 1279 3909 circumstantiam
1313 3842 1779 3925 aggravantem,
1814 3861 2003 3923 quam
2031 3842 2094 3905 in
2127 3841 2505 3906 confessione
2536 3842 2837 3924 explicare

380 3964 504 4010 non
535 3950 628 4011 est
658 3965 919 4012 necesse.
953 3945 1115 4009 Η1110
1144 3944 1300 4008 33113
1339 3962 1470 4007 3333
1500 3942 1724 4007 dicere:
1761 3943 2040 4007 Detraxi
2069 3963 2280 4006 coram
2299 3942 2619 4022 pluribus

471 4049 666 4130 Atqui
712 4048 766 4111 si
800 4046 1151 4128 pluralitas
1197 4045 1582 4109 audientium
1615 4047 1710 4108 est
1739 4045 2208 4110 circumstantia
2254 4064 2419 4109 mere
2453 4055 2860 4130 aggravan83'

381 4170 489 4215 nec
534 4151 689 4214 illud
737 4150 986 4232 quidem
1024 4186 1109 4194 —
1157 4168 1366 4212 coram
1398 4146 1700 4227 pluribus
1736 4184 1820 4192 —-
1860 4146 2271 4210 necessarium
2318 4148 2414 4210 est
2467 4150 2530 4212 et
2576 4149 2676 4212 sat
2723 4149 2842 4212 erit

382 4252 612 4318 dicere:
662 4252 918 4316 detracti
957 4252 1238 4334 yraviter
1282 4254 1398 4313 aut
1441 4248 1675 4313 leviter.

473 4356 635 4420 Item
680 4375 739 4418 n.
792 4356 896 4418 50.
944 4353 1220 4418 concedit
1267 4373 1315 4416 s.
1362 4353 1569 4436 Alph.,
1620 4372 1816 4417 unum
1863 4352 2111 4417 omnino
2158 4355 2480 4435 peccatum
2529 4353 2840 4418 committi

385 4459 464 4522 ab
510 4477 602 4536 30,
651 4458 758 4540 qui
804 4456 1017 4522 eodem
1062 4458 1207 4521 actu
1238 4456 1445 4539 plures
1492 4456 1789 4520 articulos
1822 4454 1962 4519 fidei
1994 4457 2210 4540 negat3
2261 4455 2408 4537 quia
2454 4456 2708 4520 unicum
2741 4457 2836 4519 est

386 4560 697 4625 obiectum
732 4560 894 4637 fidei,
944 4559 1286 4623 auctoritas
1342 4558 1470 4623 scil.
1524 4559 1638 4623 Dei
1683 4557 2034 4622 revelantis
2084 4555 2429 4622 Confitente
2487 4576 2634 4642 ergo
2697 4576 2844 4639 quo-
