3529 5158
377 276 527 354 [288]
1131 293 1216 333 nm
1253 293 1719 335 accmpn‘rronn
1755 294 1938 336 nmis
1975 296 2105 338 mc.
2743 285 2853 340 311

380 388 525 453 inde
572 388 1057 454 ecclesiasticam
1094 389 1224 453 vim
1261 391 1684 472 plenissimam
1718 412 1826 475 per
1871 411 1936 456 se
1981 393 2225 471 habere,
2264 393 2738 477 independenter
2775 396 2854 460 ab

382 511 601 556 eorum
648 492 1091 574 acceptatione.
1140 492 1563 558 Nihilominus
1595 494 1880 576 quaestio
1919 495 2052 559 fieri
2084 499 2310 578 potest,
2345 516 2423 560 an
2456 497 2734 579 superior
2765 517 2857 561 00-

385 594 788 669 clesiasticuS,
828 594 1031 678 legem
1090 594 1373 674 condens,
1438 596 1592 661 velit
1637 596 1770 661 eius
1810 598 2257 682 obligationem
2311 599 2389 663 ab
2437 600 2857 680 acceptatione

387 697 604 781 populi
635 696 929 779 pendere;
968 696 1033 761 id
1056 698 1220 762 enim
1242 716 1365 762 non
1398 698 1770 764 contradicit
1802 700 1994 782 priori
2023 700 2359 765 doctrinae.
2395 698 2580 765 Certa
2611 719 2856 782 quoque

388 799 671 864 doctrina
703 801 817 875 est,
856 799 1024 883 leges
1057 800 1269 865 civiles
1300 800 1430 864 vim
1462 800 1779 885 obligandi
1811 822 1883 867 ex
1921 822 1984 866 se
2017 804 2240 868 habere
2277 802 2752 885 independenter
2776 803 2855 866 ab

389 903 812 984 acceptatione
849 902 1096 985 populi3
1131 903 1533 968 nihilominus
1566 903 1733 968 fuere
1763 905 1927 969 inter
1958 908 2213 983 veteres,
2253 905 2363 987 qui
2399 906 2715 970 censerent
2753 924 2856 988 op-

386 1004 684 1088 positum,
727 1004 824 1068 vel
854 1004 1078 1068 saltem
1124 1007 1456 1090 censerent,
1491 1025 1613 1071 non
1646 1005 1791 1070 ferri
1839 1007 2183 1091 generatim
2216 1007 2327 1071 has
2363 1008 2533 1092 leges
2568 1007 2688 1071 nisi
2735 1007 2854 1071 sub

387 1125 461 1170 ea
508 1107 705 1171 tacita
748 1105 1118 1184 conditione,
1145 1107 1310 1188 quod
1343 1109 1757 1190 acceptentur.

478 1209 616 1272 Iam
646 1227 810 1284 vero,
850 1209 1055 1291 quoad
1087 1209 1478 1287 sententiam,
1519 1229 1678 1291 quae
1724 1209 1953 1274 dicitur
1989 1208 2491 1288 Canonistarum,
2540 1209 2672 1274 scil.
2723 1209 2853 1273 vim

385 1311 544 1395 legis
566 1312 873 1390 positivae
905 1311 1239 1394 dependere
1272 1312 1350 1377 ab
1388 1313 1811 1394 acceptatione
1841 1312 2333 1390 communitatis,
2369 1311 2619 1376 adverte
2644 1311 2852 1393 plures

387 1432 501 1496 pro
537 1431 610 1477 ea
641 1412 920 1497 allegari,
953 1413 1063 1495 qui
1100 1413 1222 1478 alio
1262 1414 1441 1496 plane
1479 1415 1662 1479 sensu
1691 1415 1890 1479 locuti
1925 1417 2090 1479 sunt.

479 1513 995 1580 Salmantieenses
1032 1515 1106 1578 de
1143 1514 1297 1596 Ley.
1338 1535 1470 1598 cap.
1510 1517 1567 1580 1.
1601 1537 1661 1580 n.
1691 1518 1797 1580 98.
1830 1517 1993 1581 inter
2040 1516 2197 1580 alios
2235 1534 2345 1598 pro
2385 1516 2499 1579 hac
2546 1515 2855 1579 sententia

389 1621 453 1683 et
491 1617 740 1700 quidem
770 1637 913 1682 cum
942 1617 1016 1681 de
1052 1617 1189 1701 lege
1221 1618 1635 1682 ecclesiastica
1669 1619 1900 1703 agitur,
1943 1619 2220 1702 allegant
2250 1618 2533 1683 Lessium
2572 1619 2635 1681 et
2669 1615 2853 1694 Azor,

391 1720 727 1795 Bonacina,
768 1719 1054 1784 Filliucci
1085 1722 1201 1784 etc.

478 1823 566 1887 At
595 1820 878 1887 Filliucci
907 1823 1059 1887 haec
1105 1823 1199 1887 est
1245 1822 1555 1887 sententia
1587 1823 1771 1886 tract.
1817 1823 1921 1886 21.
1956 1842 2087 1904 cap.
2135 1823 2236 1887 11.
2277 1841 2336 1887 11.
2387 1823 2570 1886 429.:
2618 1845 2653 1878 α
2702 1821 2855 1886 Ι)100

392 1925 678 2003 secunde,
718 1925 921 2009 legem
950 1925 1437 2009 promulgatam,
1485 1925 1545 1988 si
1589 1945 1716 1988 uon
1763 1945 1885 1988 usu
1923 1925 2288 2004 recipiatur,
2334 1944 2463 1988 uon
2509 1923 2855 2005 obliqare...

389 2026 780 2091 Huiusmodi
798 2029 1008 2092 autem
1036 2047 1163 2092 uon
1193 2047 1346 2091 usus
1378 2027 1611 2091 dieitur
1647 2025 2002 2099 desuetudo,
2041 2026 2285 2107 quando
2319 2027 2450 2092 scil.
2485 2027 2694 2110 elapso
2720 2045 2856 2108 pro·
2971 2037 2981 2047 ’

389 2129 801 2213 mulgationis
847 2131 1141 2212 tempore,
1192 2129 1461 2212 populus
1506 2132 1858 2211 perseverat
1903 2129 1968 2192 111
2013 2146 2084 2192 eo
2135 2127 2392 2212 agendo,
2439 2128 2606 2210 quod
2669 2129 2855 2192 antea

389 2232 636 2298 solebat
671 2257 732 2295 ».

481 2334 730 2400 Lessius
770 2337 980 2398 autem
1004 2334 1078 2398 de
1102 2334 1263 2397 Just.
1304 2338 1365 2397 et
1402 2335 1522 2402 ίαν.
1556 2334 1662 2397 lib.
1707 2336 1767 2397 2.
1803 2352 1935 2415 cap.
1973 2335 2076 2396 22.
2113 2353 2172 2396 n.
2215 2334 2351 2397 98.:
2393 2356 2429 2391 «
2460 2331 2727 2396 Etiamsi
2756 2332 2855 2395 lex

388 2439 475 2503 sit
508 2437 926 2521 promulgata,
976 2437 1030 2501 si
1076 2438 1287 2501 tamen
1331 2437 1465 2519 ipso
1514 2455 1634 2500 usu
1663 2438 1727 2500 et
1760 2436 2040 2502 moribus
2080 2436 2392 2500 utentium
2437 2454 2560 2499 11011
2604 2434 2856 2516 recipia-

392 2541 516 2619 tur,
543 2559 654 2604 nee
679 2537 1045 2619 Superiores
1067 2540 1305 2603 instent
1325 2542 1386 2603 et
1406 2542 1628 2602 curent
1648 2539 2030 2604 exsecutioni
2052 2537 2367 2612 mandari,
2392 2556 2515 2603 non
2534 2537 2851 2622 obligat».

481 2643 582 2708 Sic
610 2643 775 2708 Azor
807 2643 957 2708 tom.
1001 2643 1057 2707 1.
1091 2643 1198 2707 lib.
1236 2644 1296 2706 5.
1324 2661 1456 2724 cap.
1494 2644 1554 2706 4.
1589 2662 1648 2723 q.
1688 2643 1783 2705 1.:
1824 2666 1860 2701 «
1883 2642 2179 2722 Quaestio
2205 2644 2319 2721 est,
2354 2660 2435 2706 an
2456 2641 2554 2705 lex
2585 2640 2856 2723 promul-

389 2746 563 2830 gata,
598 2744 652 2809 si
682 2744 958 2809 moribus
991 2744 1306 2809 utentium
1330 2748 1574 2827 recepta
1612 2764 1732 2810 non
1766 2744 1973 2822 fuerit,
1993 2745 2157 2809 cives
2190 2745 2461 2809 teneat...
2496 2741 2855 2808 Desuetudo

393 2849 490 2913 vel
521 2866 646 2912 non
662 2864 812 2911 usus
836 2846 993 2930 legis
1016 2848 1130 2923 est,
1158 2845 1402 2928 quando
1430 2847 1830 2931 promulgata
1861 2847 1997 2930 lege
2013 2848 2077 2911 et
2100 2847 2309 2928 elapso
2335 2843 2857 2928 promulgationis

392 2953 688 3034 tempore,
728 2948 996 3032 populus
1043 2949 1397 3030 perseverat
1456 2948 1520 3012 in
1581 2948 1861 3012 faciendo
1918 2948 2085 3029 quod
2132 2947 2418 3012 factitare
2466 2948 2608 3010 ante
2653 2946 2857 3030 legem

391 3053 674 3120 solebat:
724 3052 790 3117 et
833 3051 908 3116 cle
955 3050 1065 3115 1100
1110 3071 1236 3115 non
1274 3071 1395 3115 usu
1441 3051 1569 3115 sive
1617 3050 2018 3114 desuetudine
2064 3049 2220 3132 legis
2267 3050 2329 3112 111
2378 3050 2725 3131 praesentia
2772 3048 2859 3111 di·

391 3158 721 3240 sputamus
753 3180 814 3218 ».

481 3260 647 3341 Ergo
695 3257 803 3322 isti
848 3257 965 3322 hoc
1011 3276 1208 3321 unum
1255 3254 1496 3330 docent,
1548 3273 1653 3335 per
1689 3272 1812 3317 non
1852 3272 2037 3316 usum
2084 3270 2192 3315 seu
2239 3270 2345 3333 per
2389 3249 2857 3315 desuetudinem

377 3365 545 3441 fieri,
588 3366 661 3427 ut
697 3363 854 3447 legis
901 3361 1202 3445 obligatio
1251 3360 1365 3423 aut
1401 3377 1638 3422 cessare
1686 3361 1799 3421 aut
1845 3356 2134 3439 suspendi
2180 3354 2396 3438 possit.
2445 3354 2639 3418 Porro
2687 3351 2859 3415 aliud

394 3468 489 3530 est
522 3465 968 3549 obligationem
1005 3481 1243 3528 cessare
1290 3481 1397 3544 per
1451 3459 1937 3535 desuetudinem,
1997 3458 2167 3522 aliud
2222 3458 2318 3521 est
2373 3455 2860 3538 acceptationem

393 3569 628 3651 requiri
658 3569 732 3631 ut
760 3568 885 3652 legi
932 3566 1184 3631 accedat
1229 3566 1322 3629 vis
1372 3563 1767 3647 obligatoria.
1819 3560 1919 3626 Sic
1964 3562 2155 3626 etiam
2202 3560 2529 3644 contingit,
2565 3560 2638 3621 ut
2684 3558 2861 3640 pater

396 3671 718 3755 quidpiam
741 3670 1081 3752 praecipiat
1102 3669 1252 3743 filio,
1290 3668 1402 3731 aut
1427 3666 1718 3748 Superior
1750 3663 2078 3748 religiosus
2112 3663 2300 3727 alicui
2331 3661 2579 3727 subdito
2620 3678 2691 3723 ac
2722 3658 2862 3722 dein

397 3775 474 3838 ob
525 3772 996 3855 improbitatem
1054 3770 1506 3834 inobedientiae
1552 3767 1799 3831 revocet
1845 3766 2259 3848 praeceptum.
2325 3762 2605 3827 Absurde
2653 3761 2863 3823 tamen

397 3876 807 3953 concludereS,
859 3875 984 3939 vim
1032 3892 1142 3937 seu
1189 3871 1629 3981 auctoritatem
1676 3869 1984 3951 praecepti
2032 3866 2289 3948 pendere
2338 3884 2373 3928 a
2420 3862 2655 3926 subditi
2702 3880 2866 3925 0000-

398 3980 699 4061 ptatione.

483 4082 720 4147 Idcirco
769 4079 949 4145 allati
994 4076 1335 4159 Scriptores
1368 4075 1571 4157 reipsa
1603 4093 1726 4139 non
1758 4071 2059 4136 dissident
2106 4088 2142 4132 a
2189 4067 2515 4143 sententia,
2551 4083 2740 4147 quam
2787 4064 2863 4128 A.

400 4182 548 4248 dicit
592 4181 936 4247 rectissime
971 4180 1291 4255 veriorem,
1327 4178 1457 4242 scil.
1492 4177 1659 4261 leges
1698 4194 1821 4240 non
1846 4172 2101 4257 pendere
2140 4169 2345 4253 quoad
2384 4169 2512 4233 vim
2550 4164 2894 4250 obligandi·

402 4286 477 4350 ab
514 4283 938 4367 acceptatione
969 4281 1202 4365 populi,
1237 4280 1342 4344 sed
1374 4299 1537 4355 mox,
1563 4280 1639 4342 111
1665 4278 1946 4362 legitime
1963 4274 2193 4341 fuerint
2232 4272 2685 4357 promulgatae,
2720 4268 2870 4333 obli-

400 4408 548 4468 qare
569 4385 878 4466 populum
919 4384 1007 4449 ad
1034 4402 1141 4447 eas
1186 4380 1594 4461 recipiendas,

490 4484 668 4559 288.
705 4488 788 4551 Et
811 4488 972 4550 certe
1019 4486 1351 4565 utramque
1384 4483 1755 4547 sententiam
1803 4480 2201 4546 conciliatam
2230 4479 2419 4543 habes
2451 4478 2515 4541 in
2561 4476 2658 4553 iis,
2708 4492 2868 4556 quae

405 4589 653 4654 demum
700 4587 916 4652 definit
961 4587 1275 4651 Bonacina
1322 4586 1409 4649 sic
1455 4584 1529 4647 de
1567 4583 1787 4665 Leyib.
1837 4582 1991 4663 disp.
2032 4581 2088 4643 1.
2124 4600 2182 4661 q.
2222 4581 2279 4643 1.
2314 4581 2524 4662 punct.
2560 4580 2620 4639 4.
2661 4598 2720 4639 n.
2757 4578 2862 4639 29.
