3529 5158
709 352 817 408 406
1211 365 1424 407 macr.
1463 365 1552 405 ιιι.
1591 364 1676 405 nn
1713 363 1993 406 nmmos.
2031 363 2230 408 cunr
2265 365 2346 407 iv.
2384 365 2529 407 mm.
2567 365 2650 406 xv.
3023 348 3172 426 [418]

711 464 966 529 laxatio.
1000 464 1117 528 Vel
1161 463 1292 529 sine
1338 481 1636 528 consensu
1682 462 2003 527 creditoris
2048 462 2393 528 remittitur
2440 461 2740 547 obligatio
2789 464 2868 528 ab
2920 482 3016 540 eo,
3063 465 3171 546 qui

713 566 901 630 habet
945 567 1319 649 potestatem
1351 566 1801 631 dominativam
1832 565 1894 629 in
1928 565 2414 648 promittentem,
2449 566 2514 630 et
2544 568 2693 632 tunc
2723 565 2845 630 erit
2874 566 3168 632 irritatio.

719 669 1108 750 Dispensatio
1156 688 1302 753 ergo
1339 669 1546 733 locum
1592 668 1847 732 habebit
1881 668 1944 731 in
1980 668 2367 744 iuramentis
2404 688 2566 751 quae
2602 687 2711 751 per
2744 668 3004 733 modum
3040 670 3172 734 voti

716 770 835 835 soli
866 772 997 835 Deo
1029 790 1139 835 seu
1185 770 1468 836 absolute
1503 770 1697 846 fiunt3
1733 770 1835 835 sed
1876 772 1939 835 et
1969 770 2091 834 ista
2137 771 2347 854 potius
2392 771 2812 837 remissionem
2861 770 3172 853 quandam

717 874 911 940 debiti
939 876 1186 940 nomine
1217 875 1332 939 Dei
1354 874 1606 948 factam,
1640 893 1830 955 quam
1862 873 2383 956 dispensationem
2404 873 2575 938 dicit.
2609 872 2787 939 Suar.
2823 873 2898 936 dc
2930 872 3173 938 Iuram.

718 976 827 1041 lib.
869 979 929 1040 2.
962 992 1110 1060 cap:
1130 978 1236 1041 38.
1269 996 1329 1040 ιι.
1373 978 1432 1039 2.
1473 978 1536 1040 et
1566 995 1699 1059 cap.
1740 977 1846 1039 40.
1882 996 1943 1040 ιι.
1983 978 2038 1040 1.

809 1074 969 1150 418.
1002 1078 1234 1143 Eodem
1271 1079 1482 1142 autem
1519 1080 1702 1161 pacto
1739 1078 2031 1161 explicari
2075 1079 2256 1143 debet
2284 1078 2665 1162 dispensatio
2702 1079 2769 1143 in
2800 1078 3177 1162 professione

720 1182 1031 1266 religiosa.
1065 1179 1340 1263 Spectari
1387 1180 1550 1245 enim
1595 1179 1746 1245 haec
1792 1182 1998 1263 potest
2043 1199 2154 1246 ceu
2201 1182 2558 1246 contractus
2593 1181 2756 1246 inter
2783 1180 3179 1265 profitentem

721 1287 785 1348 et
831 1284 1238 1368 Religionem,
1286 1303 1444 1365 quae
1473 1284 1880 1348 traditionem
1919 1285 2013 1350 sui
2047 1303 2085 1348 a
2122 1284 2449 1367 profitente
2493 1303 2601 1368 per
2646 1285 2770 1349 tria
2814 1287 2968 1349 vota
3003 1286 3176 1350 emis—

722 1406 856 1451 sam
903 1388 1202 1469 acceptat.
1251 1386 1334 1449 Et
1378 1389 1526 1451 tunc
1573 1385 1966 1451 adhibebitur
2010 1387 2291 1453 doctrina
2338 1386 2564 1452 Suarez
2610 1387 2685 1451 de
2732 1385 2921 1452 Statu
2965 1386 3175 1468 Reliy.

721 1492 874 1555 tom.
902 1490 964 1552 3.
988 1489 1095 1553 lib.
1125 1489 1185 1553 6.
1211 1509 1344 1573 cap.
1378 1490 1477 1552 16.
1503 1509 1563 1553 ιι.
1597 1490 1720 1565 12„
1747 1490 1914 1571 quod
1947 1489 2147 1554 omnis
2178 1491 2537 1555 contractus
2558 1491 2872 1555 humanus
2906 1493 2971 1555 et
3002 1509 3179 1555 omne

725 1592 1042 1657 vinculum
1072 1591 1472 1676 obligationis
1509 1593 1671 1655 inter
1713 1591 2015 1668 homines,
2049 1592 2214 1674 quod
2243 1594 2467 1658 mutuo
2513 1611 2812 1659 consensu
2845 1592 3180 1676 perficitur,

725 1695 994 1779 praecise
1038 1695 1260 1759 stando
1307 1694 1370 1758 in
1415 1694 1656 1759 ratione
1687 1694 1939 1772 vinculi,
1973 1713 2096 1759 non
2133 1696 2229 1759 est
2272 1694 2365 1759 ita
2409 1698 2637 1760 natura
2683 1714 2798 1760 sua
2829 1694 3177 1771 insolubile,

728 1798 802 1863 ut
847 1798 1070 1862 saltem
1113 1816 1223 1880 per
1266 1798 1641 1880 potestatem
1678 1797 1991 1880 publicam
2037 1799 2101 1861 et
2144 1798 2410 1862 maxime
2455 1798 3015 1880 supernaturaliter
3049 1816 3185 1862 con·

728 1918 983 1976 cessam,
1030 1918 1103 1964 ex
1147 1899 1315 1963 iusta
1361 1917 1549 1964 causa
1594 1900 1851 1965 dissolvi
1896 1918 2017 1963 non
2064 1900 2280 1982 possit.
2328 1900 2411 1964 Et
2454 1899 2547 1964 ita
2594 1900 2787 1965 etiam
2846 1899 2947 1965 ius
3006 1900 3183 1965 civile

731 2003 810 2067 ob
853 2003 1088 2067 bonum
1132 2021 1457 2067 commune
1500 2004 1859 2068 contractus
1913 2002 2216 2084 quosdam
2276 2003 2374 2067 vel
2424 2003 2562 2086 ipso
2607 2003 2775 2069 facto
2822 2004 3036 2069 irritos
3090 2003 3187 2068 de—

730 2106 948 2182 clarat,
989 2104 1086 2169 vel
1131 2105 1288 2170 solvi
1335 2124 1512 2188 posse
1559 2106 1748 2170 etiam
1797 2107 1926 2170 sine
1972 2125 2270 2171 consensu
2318 2125 2551 2184 eorum,
2590 2126 2862 2190 quorum
2906 2108 3181 2184 interest,

732 2207 1080 2273 constituit.

821 2308 1193 2375 Contractus
1239 2329 1443 2395 porro,
1491 2311 1599 2392 qui
1642 2310 1707 2374 in
1755 2310 2133 2393 professione
2178 2312 2470 2396 religiosa
2516 2312 2801 2390 habetur,
2849 2314 2950 2378 vel
2996 2315 3189 2379 consi·

733 2414 985 2478 deratur
1030 2414 1336 2494 quatenus
1368 2413 1534 2496 parit
1562 2413 1661 2477 ius
1692 2414 2001 2498 religioni,
2050 2415 2149 2480 vel
2184 2417 2491 2497 quatenus
2539 2415 2706 2498 parit
2734 2416 2832 2480 ius
2872 2417 2991 2499 ipsi
3038 2418 3189 2493 Deo,

733 2519 798 2583 in
852 2517 1030 2584 cuius
1076 2517 1350 2582 ordinem
1398 2535 1469 2581 ac
1515 2518 1811 2583 honorem
1858 2519 1922 2583 et
1967 2517 2259 2601 profitens
2306 2538 2370 2584 se
2416 2518 2661 2584 dedicat
2713 2538 2786 2584 ac
2830 2520 3051 2605 religio
3098 2540 3192 2586 ac-

734 2622 943 2706 ceptat
987 2621 1334 2704 profitentis
1380 2620 1800 2686 traditionem.
1841 2621 2037 2703 Atqui
2081 2624 2347 2703 utroque
2384 2623 2567 2688 modo
2615 2622 2795 2687 facile
2849 2624 3192 2708 explicatur

737 2722 968 2788 vinculi
1015 2723 1267 2787 solutio.

827 2825 990 2890 Nam
1022 2825 1186 2907 quod
1217 2826 1447 2891 attinet
1491 2827 1569 2891 ad
1613 2827 1713 2891 ius
1760 2827 2045 2911 religioni
2094 2829 2489 2911 acquisitum,
2529 2848 2673 2893 cum
2709 2827 3008 2895 Summus
3039 2831 3193 2896 Pon·

740 2932 890 2998 tifex
934 2931 1019 2996 sit
1065 2931 1256 2994 etiam
1301 2949 1582 2995 summus
1627 2930 1955 2994 Praelatus
2001 2931 2299 3015 cuiusque
2344 2932 2707 3016 Religionis,
2741 2933 2933 2998 habet
2969 2932 3191 2998 idcirco

739 3035 1103 3101 facultatem
1149 3032 1539 3116 dispensandi
1583 3033 1890 3115 quantum
1937 3034 2015 3098 ad
2060 3034 2142 3111 id,
2191 3035 2356 3116 quod
2402 3035 2481 3099 ad
2524 3036 2887 3120 religionem
2936 3038 3190 3119 spectat,

740 3140 900 3205 idest
943 3137 1193 3202 cedendi
1221 3135 1342 3200 iuri
1379 3135 1548 3200 illius
1579 3135 1643 3199 in
1675 3134 2068 3218 profitentem
2114 3139 2365 3220 propter
2398 3139 2631 3202 iustam
2663 3141 2726 3204 et
2762 3139 3193 3205 rationabilem

742 3262 1027 3316 causam3
1068 3260 1214 3305 nam
1260 3242 1322 3305 et
1369 3241 1505 3305 tota
1539 3239 1784 3323 Religio
1815 3239 1932 3303 hoc
1968 3240 2150 3305 modo
2183 3243 2390 3322 potest
2419 3241 2543 3305 iuri
2589 3260 2701 3306 suo
2746 3241 2959 3306 cedere
2995 3245 3057 3306 et
3085 3241 3196 3305 ali·

743 3344 987 3428 quando
1034 3343 1215 3416 cedit,
1251 3363 1307 3407 v.
1348 3362 1441 3426 gr.
1481 3362 1621 3406 cum
1668 3341 1990 3425 putridum
2035 3342 2384 3406 membrum
2428 3344 2493 3406 et
2536 3342 2898 3427 religiosum
2946 3344 3201 3408 incorri-

743 3449 997 3533 gibilem
1042 3445 1312 3527 expellit.
1361 3444 1567 3508 Multo
1612 3444 1811 3528 igitur
1855 3444 2059 3528 magis
2105 3444 2335 3526 poterit
2380 3444 2444 3508 id
2490 3444 2776 3510 Pontifex
2821 3444 3021 3509 facere
3065 3465 3202 3529 pro-

743 3553 880 3633 pter
923 3549 1155 3612 bonum
1202 3565 1525 3611 commune
1567 3547 1664 3610 vel
1709 3566 1984 3618 causam,
2033 3565 2191 3628 quae
2239 3547 2317 3610 ad
2360 3546 2519 3611 illud
2564 3547 2893 3629 pertineat.
2940 3547 3205 3631 Insuper

747 3650 1030 3716 Pontifex
1052 3668 1174 3714 non
1197 3649 1399 3713 solum
1424 3650 1519 3713 est
1541 3668 1865 3732 supremus
1881 3648 2225 3733 Religionis
2244 3648 2575 3713 Praelatus
2597 3649 2803 3730 quoad
2827 3651 3207 3732 potestatem

745 3753 919 3818 illam
966 3751 1434 3828 dominativam,
1474 3771 1632 3833 quae
1677 3752 1963 3835 religioni
2002 3752 2399 3834 comparatur
2443 3771 2516 3815 ex
2553 3751 2615 3814 vi
2646 3750 3063 3833 professionis,
3099 3752 3208 3817 sed

746 3857 936 3921 etiam
975 3854 1180 3937 quoad
1210 3873 1562 3938 supremam
1593 3854 2079 3919 iurisdictionem
2110 3873 2292 3937 super
2323 3855 2525 3918 totam
2571 3853 2929 3930 Ecclesiam,
2963 3855 3210 3922 ratione

745 3959 922 4025 cuius
954 3977 1278 4041 supremus
1311 3959 1407 4022 est
1441 3958 1830 4041 dispensator
1875 3958 2150 4021 omnium
2197 3956 2751 4021 ecclesiasticorum
2789 3956 3097 4021 bonorum
3140 3976 3212 4020 ac

747 4063 999 4136 iurium,
1047 4061 1209 4125 inter
1241 4079 1398 4142 quae
1431 4061 1545 4124 hoc
1581 4060 1734 4124 iuris
1781 4077 1975 4144 genus
2006 4059 2293 4142 religioni
2339 4059 2716 4140 acquisitum
2746 4058 2813 4121 in
2844 4059 3037 4123 talem
3068 4079 3218 4141 per-

749 4185 963 4230 sonam
1011 4163 1566 4246 comprehenditur.
1599 4163 1680 4226 Et
1712 4183 1818 4244 per
1849 4164 2006 4226 hanc
2050 4162 2249 4244 igitur
2293 4164 2669 4245 potestatem
2714 4164 2925 4244 potest
2959 4161 3094 4226 sine
3128 4183 3223 4227 re-

747 4267 998 4349 ligionis
1030 4266 1255 4329 iniuria
1289 4265 1638 4347 dispensare
1675 4268 1928 4348 propter
1972 4266 2205 4329 bonum
2241 4284 2586 4329 commune.
2621 4262 2799 4328 Suar.
2834 4264 2876 4328 l.
2911 4283 2963 4328 c.
2999 4285 3056 4329 n.
3110 4268 3222 4328 15.

843 4367 906 4430 Si
942 4386 1087 4432 vero
1132 4369 1489 4432 contractus
1535 4368 1971 4442 consideretur,
2011 4370 2317 4448 quatenus
2362 4368 2460 4432 ius
2508 4367 2626 4450 ipsi
2665 4367 2795 4432 Deo
2843 4366 3225 4448 aequiritur,

752 4469 962 4533 eadem
1011 4475 1324 4535 recurrent
1369 4490 1526 4552 quae
1563 4470 1636 4534 de
1669 4470 1802 4534 voti
1833 4470 2287 4552 dispensatione
2332 4470 2616 4534 diximus.
2652 4468 2812 4533 Nam
2848 4470 3012 4534 sicut
3048 4471 3231 4535 Deus

751 4572 878 4655 ipse
911 4571 1116 4652 (Suar.
1158 4573 1231 4637 dc
1263 4572 1546 4652 ProfeSS.
1583 4572 1792 4655 Reliq.
1828 4576 1980 4639 tom.
2016 4574 2076 4635 3.
2110 4572 2217 4636 lib.
2260 4572 2321 4638 6.
2355 4591 2487 4655 cap.
2522 4572 2621 4636 16.
2649 4593 2708 4636 n.
2748 4574 2885 4656 18.)
2908 4577 3233 4655 tanquam
