3529 5158
280 372 422 448 [258]
905 383 990 424 Da
1027 383 1521 458 consue-romum
1559 384 1730 435 Qum,
1771 383 2134 431 Quorupmxx
2648 373 2756 427 289

286 504 443 560 cenS,
478 483 586 564 qui
625 481 848 546 modus
895 481 1233 546 servandus
1288 481 1373 545 sit
1419 481 1482 545 in
1529 481 1796 558 iudiciis,
1828 481 1894 544 in
1932 480 2135 545 causis
2182 481 2642 566 cognoscendis,
2692 483 2755 546 in

289 584 551 652 ferendis
584 582 927 648 sententiis.
968 583 1199 647 Palaus
1232 585 1417 648 tract.
1452 584 1514 646 3.
1548 581 1703 666 disp.
1740 584 1800 647 3.
1836 604 1895 666 p.
1941 584 1997 647 1.
2031 604 2091 647 n.
2128 585 2188 647 3.

374 686 600 752 Differt
644 685 715 748 4⁰
761 705 804 748 a
847 685 1370 764 praescr-aptam,
1418 688 1558 750 tum
1605 685 1744 750 aliis
1793 705 1863 749 ex
1918 687 2246 768 capitibus,
2296 688 2432 750 tum
2495 688 2562 750 1⁰
2610 686 2758 768 quia

292 786 670 855 consuetudo
718 788 814 851 est
859 787 956 851 lex
1005 787 1290 872 obligans
1337 786 1432 851 vel
1470 786 1833 873 deobligans
1880 790 2419 852 communitatem:
2467 788 2758 873 praescri-

293 892 419 976 ptio
469 889 664 954 afficit
695 889 993 969 privatas
1025 909 1338 970 personas
1384 892 1515 966 aut,
1565 909 1677 955 ceu
1738 891 2047 974 privatam
2095 909 2438 973 personam,
2479 909 2758 956 commu—

293 995 571 1061 mmmm.

470 1096 540 1158 2ο
571 1094 985 1177 Praescriptio
1023 1095 1251 1159 bonam
1282 1094 1467 1160 fidem
1496 1095 1779 1178 requirit,
1813 1114 1936 1160 non
1966 1097 2119 1160 item
2156 1096 2572 1161 consuetudo:

469 1197 539 1260 3⁰
570 1195 982 1279 Praescriptio
1016 1216 1139 1262 non
1170 1197 1364 1283 exigit
1392 1216 1756 1263 consensum
1781 1198 1971 1275 illius,
2006 1201 2221 1264 contra
2258 1217 2442 1280 quem
2467 1198 2760 1281 praescri-

294 1300 497 1366 bitur:
537 1301 753 1365 contra
777 1299 1156 1364 consuetudo
1190 1300 1384 1384 exigit
1416 1300 1684 1383 aliquem
1718 1301 2099 1386 legislatoris
2135 1319 2530 1366 consensum:

471 1401 542 1463 4⁰
557 1399 654 1466 Ad
674 1400 1218 1484 praescriptionem
1242 1403 1426 1468 modo
1451 1403 1698 1468 brevius
1720 1403 1905 1468 modo
1930 1403 2181 1488 longius
2196 1402 2486 1467 decennio
2511 1406 2761 1486 tempus

296 1503 662 1586 requiritur:
698 1502 775 1567 ad
807 1504 1315 1569 consuetudinem
1351 1505 1691 1588 requiritur
1722 1509 1786 1570 et
1830 1506 2064 1570 sufficit
2110 1504 2488 1569 decennium.
2528 1506 2762 1570 Palaus

295 1607 336 1671 l.
381 1625 430 1670 c.
472 1603 775 1669 Schmalz.
810 1625 871 1669 n.
909 1607 968 1669 1.

383 1703 569 1778 258.
604 1705 762 1773 Cum
794 1709 1176 1774 consuetudo
1210 1710 1453 1792 proprie
1475 1711 1705 1774 habeat
1735 1709 2041 1775 rationem
2077 1709 2253 1792 legia,
2288 1707 2533 1773 easdem
2566 1727 2637 1772 ac
2667 1709 2763 1772 lex

299 1811 631 1876 divisiones
668 1810 875 1875 habet.

383 1913 551 1998 Ergo
591 1914 655 1976 1⁰
699 1911 844 1978 Alia
877 1915 970 1978 est
1001 1914 1321 1992 canonica,
1354 1933 1513 1996 quae
1546 1914 1643 1979 vel
1673 1914 2035 1979 clericorum
2065 1914 2396 1979 dumtaxat
2426 1933 2544 1978 usu
2576 1915 2769 1978 intro-

302 2015 481 2080 ducta
546 2017 663 2092 est,
715 2016 811 2079 vel
857 2015 911 2080 si
958 2017 1149 2080 etiam
1196 2035 1234 2080 a
1279 2017 1474 2095 laiciS,
1524 2017 1686 2081 circa
1731 2017 2059 2081 materiam
2105 2019 2315 2084 tamen
2376 2016 2767 2101 spiritualem

303 2120 607 2194 versatur,
663 2137 721 2181 V.
778 2137 873 2202 gr.
928 2119 1311 2185 consuetudo
1358 2119 1671 2184 ieiunandi
1717 2118 1816 2183 vel
1862 2118 2143 2183 servandi
2200 2119 2453 2201 aliquod
2513 2118 2764 2183 festum.

307 2221 442 2285 Alia
490 2221 592 2285 est
638 2217 862 2297 civilis,
896 2238 1056 2301 quae
1104 2240 1140 2285 a
1171 2221 1473 2285 laicorum
1507 2240 1622 2286 usu
1656 2220 1938 2286 dimanat
1969 2223 2032 2285 et
2063 2221 2225 2285 circa
2253 2220 2584 2286 materiam
2616 2224 2769 2285 tem-

307 2322 578 2407 poralem
626 2320 929 2386 laicorum
975 2323 1288 2406 propriam
1337 2326 1640 2401 versatur,
1686 2343 1746 2387 v.
1786 2344 1881 2408 gr.
1914 2324 1978 2387 in
2009 2322 2193 2388 modo
2224 2322 2625 2388 contrahendi
2657 2324 2770 2387 aut

311 2425 591 2512 exigendi
638 2426 767 2491 sive
814 2426 1092 2492 solvendi
1124 2427 1382 2505 tributa,
1418 2426 1497 2490 ad
1527 2445 1716 2509 quam
1750 2428 2079 2491 revocatur
2109 2423 2511 2503 consuetudo,
2544 2424 2609 2488 in
2645 2443 2769 2506 qua

314 2529 466 2596 circa
511 2529 852 2596 materiam
897 2531 1303 2615 temporalem
1351 2530 1554 2595 clerici
1601 2531 1976 2596 conveniunt
2036 2530 2224 2595 simul
2269 2530 2332 2594 et
2375 2528 2540 2593 laici.
2590 2526 2769 2593 Suar.

311 2632 380 2696 de
409 2632 563 2716 Leq.
602 2632 713 2697 lib.
750 2633 807 2696 7.
842 2652 895 2698 c.
930 2635 990 2697 5.
1039 2654 1099 2697 n.
1142 2635 1202 2698 2.
1242 2633 1376 2698 Pal.
1409 2637 1488 2699 tr.
1525 2634 1586 2698 3.
1619 2634 1775 2718 disp.
1811 2634 1872 2698 3.
1906 2655 1964 2717 p.
2004 2635 2060 2697 1.
2092 2653 2154 2697 n.
2189 2634 2251 2696 4.

482 2737 552 2799 2⁰
600 2735 747 2800 Alia
794 2737 890 2800 est
923 2735 1420 2817 yeneralissima,
1447 2756 1605 2819 quae
1634 2735 1988 2802 extenditur
2016 2755 2124 2819 per
2154 2735 2363 2800 orbem
2393 2734 2773 2813 universum,

318 2839 410 2902 uti
439 2838 538 2903 ius
569 2837 886 2924 gentium:
915 2838 1039 2903 alia
1069 2837 1385 2920 yeneralis
1416 2840 1544 2905 sive
1575 2839 1937 2917 communis,
1969 2857 2130 2920 quae
2154 2838 2519 2902 observatur
2548 2836 2612 2900 in
2637 2838 2775 2901 toto

316 2959 518 3025 regno,
566 2939 853 3023 imperio,
885 2939 1141 3005 natione
1187 2941 1284 3005 vel
1330 2941 1664 3025 provincia,
1704 2943 1801 3006 uti
1848 2941 2016 3017 sunt,
2050 2939 2158 3004 ubi
2187 2940 2421 3024 vigent,
2455 2939 2780 3003 consuetu-

319 3040 481 3108 dines
504 3041 813 3108 feudales:
850 3042 976 3107 alia
1004 3042 1315 3123 spectem,
1340 3062 1500 3125 quae
1532 3044 1704 3128 viget
1724 3044 1792 3106 in
1823 3062 1948 3107 una
1978 3042 2252 3116 civitate,
2294 3039 2538 3121 oppido,
2578 3056 2778 3121 pago:

323 3144 439 3209 alia
483 3142 961 3226 specialissima,
996 3164 1155 3227 quae
1186 3148 1429 3229 recepta
1461 3148 1556 3210 est
1585 3145 1650 3208 in
1687 3143 1947 3208 minima
1978 3141 2285 3224 particula
2317 3139 2550 3222 populi,
2591 3157 2651 3200 v.
2684 3157 2779 3221 gr.

324 3245 383 3310 in
406 3266 529 3311 una
555 3246 834 3322 ecclesia,
867 3247 1267 3324 monasteriO,
1301 3247 1563 3332 collegio
1596 3250 1713 3311 etc.
1733 3266 1792 3309 v.
1811 3264 1904 3329 gr.
1925 3247 1998 3308 ut
2027 3243 2092 3306 in
2117 3239 2443 3305 Dominica
2465 3238 2790 3303 Passionis

325 3366 441 3412 non
487 3351 748 3434 tegatur
785 3349 1090 3431 quaedam
1121 3350 1352 3434 imago,
1393 3368 1468 3413 ne
1499 3348 1810 3412 ieiunetur
1842 3346 2054 3428 aliqua
2085 3344 2203 3409 die.

495 3452 566 3515 3⁰
596 3452 746 3517 Alia
768 3455 864 3517 est
885 3451 1224 3517 secundum
1254 3450 1467 3533 1696711,
1503 3451 1628 3515 alia
1645 3452 1907 3530 praeter
1938 3444 2151 3530 leyem,
2171 3445 2297 3510 alia
2319 3447 2538 3508 contra
2569 3442 2781 3525 leyem.

329 3551 680 3618 Secundum
716 3553 908 3638 leyem
941 3557 1054 3636 est,
1088 3574 1247 3637 quae
1291 3555 1495 3640 legem
1538 3554 1666 3617 iam
1712 3551 2027 3618 conditam
2074 3549 2369 3615 diuturno
2416 3566 2538 3613 usu
2574 3546 2790 3613 confir-

329 3659 458 3722 mat
487 3658 586 3723 vel
619 3658 813 3723 etiam
841 3658 1045 3744 legem
1080 3658 1549 3741 interpretatur.
1588 3653 1681 3721 Cf.
1716 3675 1850 3720 can.
1891 3655 1965 3719 de
1996 3653 2171 3719 Istis.
2207 3652 2351 3717 dist.
2392 3652 2454 3716 4.
2481 3652 2590 3716 ubi
2626 3649 2790 3715 Gra-

332 3758 534 3824 tianus
569 3761 699 3825 ait:
763 3786 796 3819 «
827 3761 996 3847 leges
1049 3760 1488 3839 instituuntur,
1520 3778 1664 3824 cum
1702 3758 2200 3843 promulgantur,
2248 3754 2598 3828 firmantur,
2648 3770 2791 3816 cum

333 3863 606 3928 moribus
654 3863 968 3928 utentium
1017 3864 1457 3947 approbantur.
1493 3861 1668 3927 Sicut
1699 3861 1863 3926 enim
1900 3860 2179 3925 moribus
2217 3857 2533 3922 utentium
2565 3855 2629 3918 in
2654 3872 2793 3918 con-

336 3965 598 4030 trarium
647 3967 982 4031 nonnullae
1026 3967 1194 4051 leges
1239 3965 1422 4031 hodie
1455 3966 1794 4050 abrogatae
1824 3965 2006 4037 sunt:
2039 3962 2132 4026 ita
2162 3958 2441 4024 moribus
2480 3956 2795 4020 utentium

336 4065 499 4148 ipsae
528 4068 704 4154 leges
733 4068 1195 4135 confirmantur.
1244 4067 1421 4133 Unde
1451 4066 1607 4132 illud
1645 4063 2006 4147 Telesphori
2035 4063 2241 4144 Papae
2272 4056 2623 4141 (decretalis
2655 4075 2796 4140 spu-

338 4167 474 4253 ria),
517 4169 629 4252 qui
662 4169 951 4249 decrevit,
992 4173 1066 4236 ut
1101 4170 1474 4256 generaliter
1516 4168 1737 4234 Clerici
1786 4187 1823 4231 a
1869 4162 2384 4249 quinquagesima
2433 4179 2469 4224 a
2506 4159 2794 4225 carnibus

340 4272 400 4334 et
434 4270 672 4337 deliciis
703 4271 996 4351 ieiunent,
1030 4274 1178 4356 quia
1207 4273 1486 4338 moribus
1511 4270 1825 4339 utentium
1858 4268 2269 4353 approbatum
2305 4283 2429 4328 non
2467 4265 2579 4340 est,
2616 4263 2797 4328 aliter

343 4376 591 4458 agentes
630 4376 1142 4461 transgressionis
1187 4395 1324 4441 reos
1370 4395 1491 4441 non
1524 4374 1737 4460 arguit
1784 4398 1846 4436 ›.
1886 4370 1977 4436 Cf.
2019 4372 2083 4436 et
2127 4370 2169 4433 l.
2205 4367 2279 4433 Si
2324 4366 2400 4431 de
2427 4368 2798 4446 interpretor

346 4476 524 4553 tione,
563 4477 639 4542 de
671 4476 952 4561 Leyibus
979 4483 1093 4545 etc.
1127 4480 1235 4544 37.
1254 4479 1436 4564 Dig.;
1469 4476 1587 4542 «Si
1611 4477 1685 4542 de
1716 4473 2226 4559 interpretatione
2249 4471 2405 4557 legis
2438 4472 2794 4551 quaeratur,

345 4576 408 4642 in
439 4578 656 4663 primis
686 4580 1134 4664 inspiciendum
1165 4584 1279 4661 est,
1312 4601 1436 4664 quo
1471 4581 1609 4645 iure
1637 4579 1860 4644 civitas
1908 4578 2074 4641 retro
2105 4575 2169 4639 in
2216 4571 2518 4638 eiusmodi
2550 4571 2797 4636 casibus

448 4699 740 4745 Renum.
762 4723 814 4734 -
832 4702 999 4747 Hor-al.
1027 4702 1163 4749 Tum.
1191 4704 1232 4747 1.
2636 4691 2687 4735 ¹9
