3529 5158
899 349 1389 392 PROPOSI‘HONUM
1423 349 1872 404 DAMNATARUM,
1913 350 1953 389 A
1993 349 2094 391 1³10
2131 351 2211 391 lx.
2536 351 2789 393 LXXXVII

511 449 728 549 Epist.
763 449 850 509 ad
880 448 1103 525 Episc.
1138 449 1392 511 Montis
1416 448 1622 525 regal.
1652 448 2017 526 Sinyularis
2041 451 2333 529 nobisque
2356 450 2791 528 29..Septem·

419 629 525 687 33.
584 539 740 687 §2¹3
774 540 1077 703 ἒῖῗΐὶὶιθίῑ
1122 628 1320 688 unice
1364 627 1453 688 ad
1496 627 2015 689 ecclesiasticam
2078 628 2557 692 iurisdictionis
2603 636 2788 706 pote-

336 721 572 777 statem
605 718 874 793 proprio
920 734 998 777 ac
1046 718 1277 777 nativo
1325 717 1470 778 iure
1503 715 1794 794 dirigere
1843 717 2369 794 theologicarum
2408 736 2628 780 rerum
2674 718 2789 779 do-

337 812 724 970 cumiltllgist.
760 895 878 956 Ad
911 896 1227 971 Archiep.
1256 895 1547 972 Frising.
1569 895 1740 956 Tuas
1761 896 2023 956 libenter
2054 898 2159 957 21.
2191 896 2577 957 Decembris
2595 899 2786 959 1863.

417 986 525 1045 34.
566 985 896 1045 Doctrina
933 984 1463 1060 comparantium
1511 986 1888 1046 Romanum
1935 985 2325 1046 Pontificem
2377 985 2679 1061 Principi
2709 986 2788 1047 li-

336 1074 485 1134 bero
517 1077 588 1133 et
617 1073 848 1151 agenti
880 1074 950 1133 in
983 1075 1301 1135 universa
1339 1074 1655 1151 Ecclesia,
1690 1074 1997 1135 doctrina
2027 1078 2131 1135 est
2162 1091 2334 1151 quae
2372 1075 2589 1136 medio
2619 1092 2785 1139 aevo

336 1162 723 1238 praevaluit.

508 1251 665 1311 Litt.
708 1255 949 1327 Apost.
986 1254 1093 1313 Ad
1130 1252 1535 1330 Apostolicac
1566 1254 1671 1311 22.
1708 1252 2012 1329 Augusti
2053 1255 2246 1313 1851.

312 1376 315 1377 ⁷
413 1344 521 1402 35.
557 1340 745 1401 Nihil
776 1345 985 1419 vetat⁷
1019 1342 1306 1403 alicuius
1338 1341 1622 1402 Concilii
1656 1342 1990 1418 generalis
2012 1343 2350 1404 sententia
2371 1346 2491 1403 aut
2515 1344 2781 1405 univer·

333 1448 544 1491 sorum
594 1431 990 1507 populorum
1042 1432 1237 1509 factO,
1274 1449 1603 1491 summum
1645 1431 2124 1492 Pontificatum
2161 1431 2245 1491 ab
2279 1432 2577 1493 Romano
2624 1434 2780 1509 Epi-

333 1537 524 1595 scopo
568 1524 775 1596 atque
810 1521 995 1581 Urbe
1026 1521 1111 1582 ad
1142 1519 1345 1581 alium
1383 1520 1788 1595 Episcopum
1822 1520 2156 1596 aliamque
2188 1520 2534 1583 civitatem
2565 1524 2782 1583 trans-

332 1609 503 1669 ferri.

498 1698 665 1758 Litt.
702 1701 942 1773 Apost.
984 1700 1093 1759 Aa
1138 1700 1544 1775 Apostolicac
1576 1700 1682 1758 22.
1716 1698 2020 1774 Augusti
2061 1700 2254 1757 1851.

410 1789 517 1848 36.
553 1786 933 1849 Nationalis
976 1787 1261 1849 Concilii
1314 1787 1616 1848 definitio
1665 1788 1921 1846 nullam
1967 1786 2167 1846 aliam
2218 1786 2520 1847 admittit
2556 1787 2782 1864 dispu-

330 1877 649 1937 tationem
696 1876 1050 1953 civilisque
1099 1876 1598 1937 administratio
1646 1893 1788 1935 rem
1821 1875 1908 1935 ad
1940 1876 2138 1936 hosce
2169 1875 2489 1938 terminos
2518 1878 2785 1956 exigere

330 1970 564 2041 potest.

502 2056 666 2115 Litt.
711 2058 951 2131 Apost.
987 2056 1095 2113 Ad
1125 2056 1531 2132 Apostolicae
1562 2056 1665 2114 22.
1703 2054 2006 2131 Augusti
2040 2057 2233 2114 1851.

408 2146 517 2206 37.
554 2144 834 2206 Institui
857 2150 1142 2220 possunt
1166 2144 1542 2205 nationales
1568 2145 1928 2221 Ecclesiae,
1954 2144 2040 2204 ab
2072 2144 2474 2205 auctoritate
2499 2144 2778 2205 Romani

326 2234 673 2295 Pontificis
706 2233 1078 2294 subductae
1124 2234 1455 2309 planeque
1489 2233 1764 2294 divisae.

498 2324 719 2384 Alloc.
757 2322 987 2383 Multis
1005 2323 1421 2399 maribusque
1446 2326 1549 2383 17.
1588 2322 1975 2383 Decembris
2011 2324 2203 2382 1800.
2227 2354 2309 2363 ——
2345 2321 2561 2382 Alloc.
2600 2321 2776 2381 Iam-

590 2413 823 2471 dudum
874 2412 1187 2471 cernimus
1221 2415 1325 2472 18.
1363 2412 1591 2473 Martii
1628 2414 1820 2471 1801.

404 2504 512 2562 38.
553 2501 888 2562 Divisioni
923 2501 1262 2562 Ecclesiae
1296 2502 1367 2561 in
1391 2501 1784 2561 orientalem
1817 2506 2022 2575 atque
2067 2498 2542 2560 occidentalem
2574 2500 2779 2560 nimia

321 2590 771 2653 Romanorum
804 2592 1211 2652 Pontificum
1243 2592 1523 2652 arbitria
1553 2591 2000 2652 contuleruut.

491 2681 660 2742 Litt.
697 2684 939 2756 Apost.
974 2681 1085 2741 Aa
1115 2681 1521 2757 Apo-stelione
1554 2683 1660 2740 22.
1700 2680 1999 2757 Augusti
2037 2682 2228 2741 1851.

1429 2863 1489 2938 g.
1543 2862 1663 2922 VI.

354 2983 637 3046 Errorea
683 2987 757 3046 de
802 2986 1096 3046 societate
1142 2986 1318 3046 cirili
1364 2991 1495 3045 tum
1544 2988 1613 3045 in
1660 3005 1743 3062 ae,
1795 2992 1924 3046 tum
1977 2987 2044 3045 in
2082 2988 2216 3047 suis
2262 2988 2346 3046 ad
2385 2986 2730 3047 Ecclesiam

1167 3075 1581 3134 relation-ibus
1627 3082 1925 3152 spectata.

401 3223 508 3281 39.
546 3220 987 3295 Reipublicae
1034 3225 1274 3294 status,
1325 3224 1561 3294 utpote
1615 3221 1912 3279 omnium
1963 3220 2206 3278 iurium
2254 3216 2440 3291 origo
2485 3221 2554 3276 et
2603 3217 2771 3294 sons,

316 3307 455 3371 iure
505 3310 801 3386 quodam
850 3309 1060 3386 pollet
1104 3310 1313 3370 nullis
1358 3309 1863 3382 circumscripto
1901 3307 2246 3367 limitibus.

492 3400 718 3460 Alloc.
771 3399 1061 3458 Μαωίπια
1109 3399 1353 3475 quidem
1396 3401 1455 3456 9.
1494 3396 1673 3456 Iunii
1710 3399 1901 3457 1802.

399 3492 503 3548 40.
560 3488 949 3551 Catholicae
997 3488 1332 3550 Ecclesiae
1380 3486 1688 3546 doctrina
1740 3487 2072 3546 humanae
2119 3485 2460 3547 societatis
2499 3484 2675 3546 bono
2704 3490 2774 3548 et

308 3577 675 3639 commodis
720 3577 1137 3639 adversatur.

482 3667 712 3743 Epist.
734 3668 946 3743 encyl.
981 3667 1103 3742 Qui
1117 3665 1417 3743 pluribus
1439 3669 1497 3726 9.
1527 3664 1926 3726 Novembris
1957 3668 2149 3726 1846.
2181 3697 2259 3708 -
2289 3666 2507 3726 Alloc.
2539 3666 2774 3740 Quilmx

579 3757 953 3832 quantisque
983 3759 1089 3818 20.
1118 3756 1381 3832 Aprilis
1414 3757 1606 3815 1849.

391 3849 499 3905 41.
531 3845 741 3906 Civili
766 3847 1090 3920 potestati
1122 3847 1232 3906 vel
1263 3846 1349 3905 ab
1382 3844 1637 3904 infideli
1664 3845 2040 3920 imperante
2086 3844 2418 3904 exercitae
2457 3846 2778 3919 competit

303 3939 609 4006 potestas
658 3934 983 3994 indirecta
1034 3935 1351 4012 negativa
1400 3935 1465 3993 in
1503 3951 1716 4010 sacra3
1755 3933 1968 3993 eidem
2000 3933 2278 4008 proinde
2314 3933 2631 4007 competit
2665 3951 2776 3994 ne-

302 4020 455 4081 dum
510 4025 625 4084 ius
671 4024 848 4100 quod
898 4031 1141 4084 vocant
1201 4028 1596 4099 exsequatur,
1662 4023 1781 4084 sed
1841 4022 2042 4081 etiam
2117 4022 2221 4081 ius
2277 4022 2774 4099 appellationis,

301 4128 503 4186 quam
558 4119 957 4188 nuncupant
1002 4113 1080 4174 ab
1126 4112 1346 4174 abusu.

478 4204 655 4264 Litt.
690 4204 934 4277 Apost.
967 4203 1077 4262 Ac]
1122 4203 1532 4279 Apostolicae
1564 4207 1668 4261 22.
1711 4200 2012 4276 Augusti
2063 4203 2256 4260 1851.

385 4296 494 4354 42.
534 4294 628 4352 In
651 4290 974 4352 conflictu
996 4292 1221 4368 legum
1246 4291 1600 4365 utriusque
1625 4290 2004 4366 potestatis,
2042 4291 2146 4351 ius
2179 4290 2382 4351 civile
2412 4293 2774 4367 praevalet.

478 4383 653 4442 Litt.
691 4385 933 4457 Apost.
976 4382 1084 4440 Ad
1132 4381 1541 4458 Apostole'eae
1574 4383 1678 4439 22.
1734 4381 2030 4456 Augusti
2068 4383 2261 4442 1851.

383 4474 491 4531 43.
550 4471 757 4530 Laica
804 4473 1105 4545 potestas
1148 4471 1621 4530 auctoritatem
1672 4469 1875 4530 habet
1907 4470 2350 4548 rescindendi,
2394 4471 2772 4531 declarandi

298 4575 370 4618 ac
395 4558 705 4621 faciendi
728 4559 959 4620 initas
984 4560 1335 4621 sollemnes
1362 4559 1841 4620 conventiones
1868 4561 2098 4636 (vulgo
2129 4559 2545 4632 Cenem-‘latta
2577 4576 2777 4634 super
