3529 5158
381 362 523 443 [545]
751 379 1140 422 onnam-Ano
1176 380 1262 421 mn
1299 378 1457 421 Acro
1494 380 1662 421 uano
1700 380 1939 428 AnsQun
1972 381 2167 424 cunm
2208 380 2470 422 Annisso
2728 366 2831 430 501

388 477 677 543 habuisse
724 479 821 543 vel
866 480 1089 544 habere
1134 480 1196 543 et
1242 479 1329 544 sic
1376 482 1470 545 est
1512 480 1757 545 licitum
1802 480 2071 565 gaudere
2115 480 2189 544 de
2237 499 2415 563 opere
2458 481 2645 545 malo.
2695 480 2833 545 Non

391 579 551 643 enim
597 580 961 665 gaudemuS‚
995 581 1150 646 illud
1199 601 1352 666 opus
1389 584 1627 650 malum
1663 585 1901 647 factum
1948 603 2111 658 esse;
2161 583 2264 649 sed
2296 584 2638 667 supposito,
2673 582 2835 665 quod

387 681 629 747 factum
676 683 779 758 sit,
828 684 1170 769 gaudemus
1217 685 1383 766 quod
1415 687 1557 750 boni
1590 687 1841 750 effectus
1888 705 2139 751 causam
2186 686 2439 752 dederit.
2475 686 2631 750 Vere
2677 687 2834 750 enim

393 784 622 868 gaudio
670 785 930 869 dignum
958 788 1072 865 est,
1107 786 1271 869 quod
1302 787 1511 852 divina
1557 788 1838 853 bonitate
1875 789 2065 853 etiam
2112 808 2182 854 ex
2229 789 2510 872 pessimis
2558 788 2842 873 operibus

392 887 660 952 maxima
700 889 859 952 bona
892 890 1274 972 proveniant.
1309 889 1427 955 Sed
1458 891 1574 956 hoc
1605 895 1699 955 est
1730 890 1940 974 potius
1969 892 2239 976 gaudere
2275 892 2348 956 de
2380 893 2618 970 effectu,
2652 911 2839 974 quam

389 990 460 1054 de
509 1009 707 1072 opere,
756 991 873 1054 etsi
921 992 1112 1055 etiam
1155 992 1538 1077 gaudeamus
1584 993 1657 1059 de
1703 994 2063 1059 causatione
2109 994 2272 1072 boni,
2306 1014 2463 1078 quae
2510 995 2625 1059 tali
2672 993 2838 1077 operi

384 1092 691 1175 competit
723 1117 783 1156 ».
848 1094 946 1158 Ita
994 1094 1242 1176 quidem
1304 1094 1587 1170 Lessius3
1649 1096 1825 1160 cuius
1887 1096 2407 1179 sapientissimam
2472 1095 2836 1162 sententiam

389 1198 951 1282 imprudentissime
998 1199 1510 1267 Salmanticenses
1548 1203 1918 1286 pertrahunt
1961 1203 2026 1267 in
2057 1202 2402 1267 doctrinam
2435 1222 2484 1266 s.
2522 1203 2840 1285 Alphonso

383 1302 749 1383 oppositam.

474 1397 650 1473 545.
699 1404 930 1468 Eadem
976 1404 1049 1468 de
1095 1423 1281 1470 causa
1320 1425 1391 1470 ex
1420 1425 1590 1472 mera
1620 1405 2138 1471 inconsiderantia
2187 1404 2701 1472 Salmanticenses
2739 1426 2842 1471 ac-

386 1507 612 1568 cusant
641 1507 926 1583 Palaum,
954 1508 1047 1571 uti
1075 1507 1497 1572 adversarium
1528 1507 1844 1573 doctrinae
1875 1529 1947 1572 ex
1971 1528 2019 1571 S.
2053 1509 2371 1591 Alphonso
2404 1509 2667 1584 allatae;
2701 1529 2841 1573 cum

389 1607 592 1690 reipsa
622 1608 851 1672 Palaus
892 1609 1144 1673 eandem
1178 1609 1449 1684 demum,
1480 1629 1551 1672 ac
1584 1610 1851 1688 Lessius,
1885 1609 2229 1674 doctrinam
2263 1611 2507 1675 habeat.

475 1711 639 1774 Nam
670 1712 853 1775 tract.
891 1715 951 1775 2.
979 1712 1134 1794 disp.
1162 1714 1221 1775 2.
1247 1715 1440 1794 punct
1467 1713 1568 1775 10.
1599 1705 1655 1794 g.
1684 1714 1744 1776 2.
1771 1731 1831 1775 n.
1877 1714 1978 1776 11.
2013 1714 2147 1777 loco
2188 1733 2224 1776 a
2256 1711 2844 1779 Salmanticensibus

382 1813 663 1896 allegato
701 1814 852 1877 haec
874 1813 1121 1878 demum
1146 1814 1365 1878 habet:
1401 1839 1435 1871 ε(
1461 1812 1639 1895 Quod
1668 1815 1906 1879 dictum
1931 1818 2025 1880 est
2056 1815 2130 1880 de
2161 1817 2503 1898 pollutione
2528 1818 2605 1882 ob
2635 1818 2846 1884 huius-

383 1915 561 1979 modi
606 1914 809 1989 finem,
858 1914 1181 1980 dicendum
1227 1916 1322 1979 est
1353 1915 1426 1980 de
1457 1915 1811 1993 homicidio,
1859 1917 2262 1982 fornicatione
2294 1921 2357 1983 et
2389 1919 2527 1983 aliis
2559 1918 2844 2003 peccatiS,

385 2015 637 2080 licitum
671 2036 821 2090 esse,
848 2017 1122 2098 inquam,
1142 2017 1613 2083 delectationem
1636 2039 1763 2083 non
1801 2019 2056 2084 illorum
2073 2023 2380 2100 praecise,
2408 2021 2511 2086 sed
2541 2024 2849 2103 quatenus

384 2118 643 2183 fuerunt
695 2137 919 2182 causae
967 2119 1230 2184 alicuius
1276 2121 1421 2184 boni
1468 2122 1718 2186 effectus
1750 2146 1811 2186 ».
1860 2123 2054 2188 Porro
2101 2143 2244 2188 cum
2288 2124 2438 2189 dicit
2490 2144 2616 2187 non
2663 2123 2847 2188 licere

385 2219 853 2285 delectationem
878 2221 1153 2295 illorum,
1178 2241 1378 2287 nonne
1402 2223 1671 2287 excludit
1694 2224 2264 2292 delectationemcIe
2288 2227 2422 2307 {pso
2445 2246 2621 2306 opere
2637 2224 2850 2290 malo?

481 2322 657 2403 Quod
683 2343 827 2388 vero
864 2324 1089 2400 dicenS,
1122 2323 1303 2389 licere
1334 2325 1588 2390 illorum
1612 2326 2095 2407 delectationem,
2121 2333 2429 2410 quatenus
2457 2332 2608 2392 sunt
2628 2348 2851 2393 causac

383 2426 537 2491 boni
566 2424 836 2504 effectus,
868 2426 1103 2492 recidat
1134 2427 1197 2491 in
1234 2427 1431 2492 Lessii
1477 2430 1868 2505 sententiam,
1903 2432 2078 2514 patet
2114 2450 2186 2495 ex
2215 2430 2734 2513 praecedentibus,
2769 2431 2846 2496 ad

388 2548 552 2613 quae
591 2531 801 2612 aperte
849 2528 1076 2621 alludit
1120 2529 1185 2595 in
1231 2530 1365 2615 ipso
1403 2531 1636 2616 periodi
1668 2532 1898 2598 allatae
1944 2533 2145 2598 initio.
2178 2534 2520 2620 Disputans
2565 2534 2727 2599 enim
2774 2533 2848 2599 de

382 2632 751 2716 pollutione,
789 2631 940 2697 haec
973 2633 1119 2697 ibid.
1154 2653 1211 2697 n.
1252 2635 1353 2698 10.
1387 2635 1608 2699 habet:
1650 2660 1684 2694 «
1718 2636 1928 2701 Tertio
1975 2637 2256 2715 infertur,
2295 2638 2467 2702 nullo
2513 2637 2698 2704 modo
2731 2637 2848 2702 tibi

385 2735 591 2812 licere,
641 2734 933 2800 delectari
965 2736 1039 2801 de
1070 2736 1413 2819 pollutione
1443 2737 1507 2801 in
1545 2738 1777 2802 somnis
1810 2739 2125 2813 habita...;
2160 2741 2307 2822 quia
2338 2740 2486 2804 talis
2519 2740 2846 2809 delectatio

390 2857 579 2903 causa
628 2840 723 2903 est
768 2839 1103 2903 excitativa
1150 2841 1308 2903 etc...
1356 2840 1443 2905 At
1487 2840 1732 2906 licitum
1780 2841 1877 2905 est
1919 2842 1993 2905 de
2039 2842 2149 2906 illa
2190 2843 2534 2926 pollutione
2579 2843 2848 2929 gaudere

389 2943 467 3007 ob
513 2942 801 3007 effectum
848 2943 986 3007 inde
1033 2945 1467 3026 sequutum...;
1517 2945 1664 3025 quia
1711 2946 1862 3010 tunc
1907 2965 2025 3010 non
2074 2948 2169 3010 est
2215 2948 2457 3031 proprie
2517 2946 2846 3011 delectatio

388 3045 461 3110 de
518 3046 882 3129 pollutione,
934 3045 1035 3110 sed
1085 3044 1159 3109 de
1206 3045 1422 3125 effectu
1468 3045 1613 3109 inde
1658 3051 1979 3126 sequuto...
2027 3047 2164 3112 Hac
2225 3048 2386 3112 enim
2443 3049 2682 3112 ratione
2743 3048 2853 3115 Ec-

390 3149 578 3213 clesia
618 3148 851 3233 gaudet
880 3147 954 3213 de
985 3149 1155 3212 Adae
1188 3151 1459 3231 peccam,
1485 3168 1627 3212 cum
1658 3148 1842 3211 dicit:
1880 3147 1933 3211 Ο
1960 3148 2116 3226 felia:
2140 3149 2342 3230 culpa,
2369 3169 2526 3230 quae
2560 3148 2745 3213 talem
2773 3170 2848 3213 ac

388 3253 633 3314 tantum
675 3251 905 3314 merm't
948 3249 1171 3313 habere
1216 3249 1688 3328 Redemptorem
1716 3274 1778 3313 ».

502 3352 663 3436 Ergo
711 3352 859 3418 dum
906 3353 1076 3429 dicit,
1134 3352 1315 3417 licere
1362 3352 1652 3416 delectari
1689 3352 1762 3416 de
1809 3352 1975 3415 facto
2025 3353 2102 3416 ob
2149 3353 2430 3418 effectum
2492 3354 2847 3434 sequutum,

396 3473 508 3520 seu
545 3457 731 3539 prout
767 3456 1089 3539 quidpiam
1135 3459 1229 3520 est
1275 3475 1462 3519 causa
1510 3455 1653 3519 boni
1700 3455 1971 3531 effectus,
2011 3456 2259 3540 perinde
2304 3458 2401 3523 est
2445 3477 2518 3523 ac
2562 3459 2614 3522 si
2661 3457 2845 3533 dicat,

389 3558 525 3643 ipso
559 3559 658 3622 sui
694 3559 1046 3641 interprete,
1081 3558 1369 3622 delectari
1409 3557 1482 3621 de
1513 3558 1733 3622 effectu
1764 3560 2050 3640 sequuto,
2089 3578 2198 3623 seu
2236 3560 2546 3639 delectari,
2580 3560 2744 3644 quod
2777 3580 2850 3625 ex

391 3679 571 3744 opere
619 3681 726 3744 per
756 3681 821 3725 se
859 3679 981 3726 non
1026 3661 1361 3743 probandO,
1394 3662 1592 3726 bonus
1624 3662 1875 3727 effectus
1907 3662 2215 3739 extiterit3
2250 3683 2409 3744 quae
2445 3665 2540 3728 est
2571 3663 2849 3728 doctrina

385 3764 731 3829 communis
762 3784 810 3829 s.
846 3764 1148 3847 Alphonsi
1184 3765 1248 3829 et
1277 3763 1491 3829 Lessii.

480 3867 597 3932 Sed
630 3868 695 3931 et
726 3867 1008 3951 Vasquez
1042 3867 1106 3932 in
1139 3866 1394 3931 eandem
1426 3886 1568 3931 cum
1602 3867 1798 3931 Palao
1832 3869 1895 3931 et
1924 3866 2136 3932 Lessio
2172 3868 2358 3948 amue
2397 3866 2547 3930 adeo
2578 3884 2627 3931 s.
2661 3865 2846 3949 Alph.

390 3969 736 4036 doctrinam
784 3971 1114 4053 conspirat.
1148 3969 1312 4032 Nam
1359 3970 1422 4033 in
1473 3970 1531 4032 1.
1576 3971 1636 4033 2.
1677 3969 1832 4052 disp.
1885 3971 2031 4033 111.
2081 3989 2214 4052 cap.
2265 3971 2324 4033 2.
2373 3989 2433 4033 n.
2483 3970 2542 4031 8.
2592 3968 2848 4035 disserte

388 4074 640 4139 scribit:
675 4098 710 4131 «
752 4073 884 4158 Ego
934 4093 1072 4138 vere
1120 4073 1425 4150 existim0‚
1459 4072 1620 4136 idem
1654 4091 1785 4136 esse
1817 4071 2108 4135 delectari
2144 4071 2217 4136 de
2249 4070 2525 4134 utilitate
2555 4070 2652 4135 vel
2684 4089 2852 4134 com-

394 4176 577 4241 modo
628 4176 1022 4260 proveniente
1061 4195 1133 4240 ex
1162 4175 1495 4240 homicidio
1527 4175 1594 4239 et
1621 4174 1694 4238 de
1731 4175 1866 4256 ipso
1898 4174 2015 4239 sub
2044 4194 2117 4238 ea
2155 4175 2404 4238 tantum
2436 4173 2693 4247 ratione,
2726 4191 2850 4237 non

392 4282 467 4343 ut
488 4280 729 4345 malum
763 4281 860 4344 est
891 4278 1153 4361 proximi
1190 4279 1286 4343 vel
1320 4280 1534 4343 contra
1564 4276 1895 4355 iustitiam,
1922 4276 2086 4342 sicut
2115 4277 2434 4361 colligitur
2469 4296 2540 4342 ex
2572 4276 2852 4342 doctrina

392 4382 553 4461 DD.‚
593 4401 751 4464 quos
784 4381 1194 4467 allegavimus
1241 4380 1356 4445 etc.
1396 4405 1457 4443 ».
1491 4380 1840 4446 Fatendum
1886 4382 2093 4445 tamen
2140 4383 2252 4459 est,
2295 4380 2577 4462 Vasquez
2624 4380 2854 4445 doctri-

392 4505 560 4560 nam,
596 4487 674 4551 ob
704 4505 885 4550 suam
922 4485 1097 4548 illam
1128 4484 1453 4561 theoriam,
1487 4483 1653 4566 quod
1683 4482 2003 4546 delectatio
2039 4502 2166 4546 non
2201 4487 2411 4547 sumat
2437 4482 2747 4547 malitiam
2775 4482 2851 4546 ob

393 4588 624 4653 obiecto
647 4591 765 4654 etc.
792 4588 979 4672 prout
1010 4606 1144 4670 sup.
1172 4608 1231 4651 n.
1264 4588 1364 4651 72.
1392 4586 1767 4663 notavimus,
1792 4585 2155 4669 impeditam
2187 4604 2317 4651 esse
2349 4586 2414 4650 et
2436 4587 2849 4651 vacillantem.
