3529 5158
712 401 816 440 XVI
1575 400 1788 440 SERIES
1826 399 2293 442 CHRONOLOGICA

797 502 859 559 3.
888 501 1147 560 Pravac
1166 498 1608 575 cogitationes
1634 498 1934 560 confiteri
1961 519 2089 560 non
2122 501 2387 578 debent,
2425 501 2542 561 sed
2567 502 2708 560 sola
2740 500 3168 577 displicentia

710 587 1023 648 delentur
1054 589 1199 649 sine
1231 588 1462 649 ordine
1494 589 1578 648 ad
1612 589 1857 650 claves.

800 682 859 737 4.
889 678 1236 739 Confessio
1260 678 1459 738 debet
1483 694 1629 740 esse
1663 684 1918 739 secreta
1943 679 2118 740 idest
2149 679 2229 738 de
2265 681 2557 755 peccatis
2589 679 2880 757 secretis,
2919 696 3048 738 non
3084 681 3165 738 de

712 768 1108 829 manifestis.

800 859 860 916 5.
898 858 1045 917 Non
1097 862 1257 917 sunt
1302 856 1694 918 absolvendi
1742 857 2188 933 poenitenteS,
2229 857 2361 915 nisi
2407 862 2679 933 peracta
2717 859 2905 933 prius
2938 858 3166 933 poeni-

711 947 927 1006 tentia
960 947 1057 1007 eis
1088 947 1412 1008 iniuncta.

806 1039 866 1094 6.
902 1037 1088 1110 Papa
1118 1053 1249 1096 non
1293 1040 1513 1112 potest
1546 1037 1894 1112 indulgere
1942 1035 2143 1096 alicui
2181 1034 2328 1095 viro
2365 1052 2646 1110 poenam
2680 1036 3074 1113 purgatorii.

810 1127 865 1184 7.
903 1125 1202 1185 Ecclesia
1234 1127 1421 1185 urbis
1454 1128 1699 1185 Romae
1733 1143 1953 1185 errare
1986 1129 2226 1200 potest.

805 1216 865 1273 8.
901 1215 1086 1291 Papa
1120 1231 1252 1274 non
1287 1219 1509 1289 potest
1541 1214 1928 1289 dispensare
1963 1215 2028 1273 in
2067 1215 2343 1274 statutis
2376 1214 2776 1273 universalis
2809 1213 3164 1273 Ecclesiae.

804 1305 863 1363 9.
902 1303 1401 1363 Sacramentum
1437 1303 1926 1379 Poenitentiac,
1977 1306 2302 1378 quantum
2335 1303 2418 1363 ad
2454 1303 2874 1362 collationem
2910 1304 3164 1378 gratiae

712 1393 1231 1469 sacramentalis,
1282 1397 1559 1453 naturae
1608 1397 1728 1472 est,
1780 1411 1914 1452 11011
1963 1392 2247 1452 alicuius
2295 1392 2740 1451 institut-ionis
2774 1392 3025 1451 veteris
3060 1392 3164 1452 vel

713 1482 873 1543 novi
915 1482 1348 1542 Testamenti.

800 1570 1166 1631 Damnatae
1200 1577 1268 1630 ut
1301 1570 1727 1632 scandalosae
1760 1576 1830 1631 et
1862 1570 2256 1631 haereticae.

1741 1777 1803 1835 N
1811 1777 1965 1836 UM.
2017 1776 2137 1834 IV.

709 1932 987 1992 Eri-ores
1044 1936 1143 1989 41.
1195 1929 1470 1988 Martini
1522 1928 1811 2003 Ltetltcri,
1862 1928 2151 1985 danmati
2199 1945 2235 1984 a
2289 1926 2492 1986 Leone
2540 1924 2623 1984 X.
2676 1924 2848 1983 bulla.
2898 1925 3168 2001 Exurge

890 2019 1176 2080 Domine
1215 2024 1323 2076 cte.
1360 2019 1457 2075 16.
1496 2016 1657 2076 Maii
1694 2019 1879 2074 1520.

805 2203 866 2259 1.
901 2198 1259 2258 Haeretica
1292 2195 1629 2256 sententia
1675 2198 1798 2271 est,
1849 2194 1962 2253 sed
2000 2194 2267 2273 usitata,
2304 2202 2716 2255 sacramenta
2751 2212 2965 2256 novae
2997 2195 3168 2270 legis

713 2288 1188 2349 iustificantem
1219 2285 1503 2363 gratiam
1540 2285 1675 2344 illis
1708 2284 1886 2362 dare,
1923 2283 2039 2358 qui
2073 2301 2204 2342 non
2240 2289 2500 2359 ponunt
2533 2285 2806 2344 obicem.

804 2380 864 2438 2.
888 2378 966 2437 In
995 2393 1201 2452 puero
1225 2379 1378 2451 post
1401 2374 1806 2449 baptismum
1833 2389 2077 2449 negare
2101 2390 2451 2433 remanens
2474 2378 2840 2450 peccatum,
2868 2378 2969 2433 est
2997 2375 3168 2432 Pau-

711 2472 851 2531 lum
885 2471 955 2527 et
987 2466 1328 2527 Christum
1363 2462 1562 2524 simul
1596 2463 2002 2523 conculca-re.

804 2562 865 2618 3.
901 2557 1140 2617 Fomes
1171 2553 1449 2631 peccati,
1500 2552 1760 2613 etiamsi
1813 2552 2075 2612 nullum
2114 2552 2293 2613 adsit
2325 2553 2583 2613 actuale
2614 2556 2980 2630 peccatum,
3030 2569 3166 2612 mo-

713 2653 903 2709 ratur
939 2650 1296 2706 exeuntem
1328 2661 1368 2702 a
1400 2658 1671 2717 corpore
1695 2642 1985 2701 animam
2012 2642 2098 2703 ab
2131 2642 2440 2720 ingressu
2473 2642 2657 2702 caeli.

804 2742 865 2796 4.
897 2733 1303 2810 Imperfecta
1350 2733 1593 2792 caritas
1642 2731 1948 2790 morituri
1999 2731 2131 2790 fert
2177 2747 2399 2790 secum
2449 2733 2820 2792 necessario
2852 2748 3162 2807 magnum

713 2827 1039 2903 timorem,
1074 2822 1192 2898 qui
1223 2838 1295 2882 se
1328 2821 1467 2881 solo
1493 2823 1658 2881 satis
1690 2825 1794 2880 est
1827 2818 2043 2880 facere
2068 2837 2346 2895 poenam
2379 2821 2755 2896 purgatorii
2787 2824 2855 2881 et
2889 2821 3166 2895 impedit

714 2914 1063 2975 introitum
1100 2912 1312 2987 regni.

804 3008 863 3062 5.
899 3003 1059 3061 Tres
1098 3017 1242 3060 esse
1274 3003 1500 3076 partes
1536 2999 2022 3076 Poenitentiae,
2065 2997 2553 3072 contritionem,
2589 2999 3066 3060 confessionem
3100 3001 3170 3057 et

711 3091 1259 3165 satisfactionem,
1294 3105 1429 3148 non
1463 3091 1565 3148 est
1600 3087 1955 3146 fundatum
1998 3087 2067 3146 in
2096 3103 2284 3147 sacra
2323 3088 2669 3165 Scriptura
2703 3106 2823 3149 nec
2869 3088 3168 3163 antiquis

712 3181 962 3243 sanctis
994 3178 1380 3240 christianis
1418 3176 1824 3237 doctoribus.

805 3274 862 3331 6.
899 3269 1254 3347 ContritiO,
1290 3284 1461 3344 quae
1493 3269 1773 3344 paratur
1805 3282 1923 3340 per
1960 3265 2460 3344 discussionem,
2501 3268 2922 3328 collationem
2955 3271 3024 3326 et
3056 3266 3170 3325 de-

712 3360 1143 3421 testationem
1176 3360 1619 3434 peccatorum,
1669 3372 1806 3430 qua
1852 3354 2005 3430 quis
2040 3357 2365 3433 recogitat
2398 3372 2609 3417 annos
2641 3373 2798 3417 suos
2830 3356 2900 3415 in
2933 3357 3170 3416 amari-

712 3449 948 3509 tudine
985 3448 1245 3507 animae
1278 3463 1455 3522 suae,
1492 3444 1926 3521 ponderando
1950 3449 2370 3520 peccatorum
2406 3447 2828 3524 gravitatem,
2864 3444 3170 3504 multitu-

712 3537 957 3614 dinem,
992 3535 1419 3595 amissionem
1451 3540 1766 3593 aeternae
1798 3534 2241 3596 beatitudinis
2273 3551 2349 3594 ac
2372 3538 2685 3596 aeternae
2717 3534 3170 3596 damnationis

712 3625 1244 3702 acquisitionem,
1293 3625 1458 3682 haec
1504 3622 1821 3682 contritio
1870 3622 2032 3682 facit
2090 3624 2504 3701 hypocritam
2555 3625 2686 3684 imo
2748 3623 2961 3700 magis
3021 3639 3171 3699 pec-

711 3718 1023 3776 catorem.

808 3807 864 3864 7.
908 3801 1347 3863 Verissimum
1397 3806 1500 3861 est
1548 3800 1978 3876 proverbium
2025 3811 2094 3862 et
2141 3803 2318 3861 omni
2358 3802 2664 3863 doctrina
2694 3801 2776 3860 dc
2826 3801 3170 3862 contritio-

711 3893 913 3954 nibus
945 3893 1293 3966 hucusque
1325 3890 1484 3950 data
1523 3892 2006 3965 praestantius:
2058 3892 2140 3951 de
2187 3897 2406 3952 cet-ero
2455 3909 2587 3952 non
2622 3890 2861 3968 facere,
2913 3908 3171 3952 summa

710 3982 1166 4059 poenitentia:
1201 3980 1455 4055 optima
1487 3980 1925 4058 poenitentia,
1969 3996 2146 4040 nova
2181 3982 2340 4041 vita.

804 4076 861 4131 8.
921 4072 1124 4131 Nullo
1172 4070 1366 4131 modo
1413 4086 1802 4144 praesumas
1849 4070 2150 4132 confiteri
2198 4073 2472 4145 peccata
2517 4071 2832 4150 venialia,
2883 4071 3001 4133 sed
3049 4087 3172 4131 nec

709 4161 935 4220 omnia
958 4160 1297 4221 mortalia:
1323 4158 1483 4233 quia
1513 4158 1928 4234 impossibile
1951 4166 2072 4235 cst,
2108 4162 2186 4218 ut
2209 4160 2434 4220 omnia
2458 4161 2766 4220 mortalia
2789 4177 3168 4238 cognoscas.

712 4249 908 4310 Unde
944 4249 1291 4324 primitiva
1322 4249 1623 4308 Ecclesia
1670 4249 1882 4308 solum
1935 4247 2292 4308 manifesta
2324 4250 2633 4310 mortalia
2665 4251 3124 4310 confitebatur.

802 4343 861 4398 9.
893 4339 1071 4398 Dum
1096 4339 1410 4399 volumus
1433 4338 1659 4397 omnia
1682 4354 1848 4413 pure
1875 4338 2200 4415 confiteri,
2235 4337 2406 4398 nihil
2431 4338 2618 4398 aliud
2641 4337 2941 4413 facimus,
2970 4356 3168 4414 quam

709 4428 891 4503 quod
925 4427 1416 4488 misericordiae
1449 4426 1578 4486 Dei
1612 4426 1782 4485 nihil
1815 4427 2128 4487 volumus
2160 4427 2536 4502 relinquere
2576 4426 3079 4502 ignoscendum.

805 4521 909 4578 10.
959 4518 1245 4578 Peccata
1292 4532 1426 4575 non
1473 4520 1635 4575 sunt
1673 4516 1793 4575 ulli
1833 4515 2129 4593 remissa,
2177 4516 2330 4592 nisi,
2370 4515 2758 4577 remittente
2806 4517 3171 4594 sacerdote,

710 4607 944 4668 credat
974 4607 1102 4667 sibi
1141 4605 1415 4681 remitti,
1445 4603 1577 4663 imo
1602 4609 1950 4678 peccatum
1974 4609 2293 4682 maneret,
2320 4605 2451 4666 nisi
2474 4604 2824 4667 remissum
2842 4606 3170 4680 crederet;
