3529 5158
637 260 747 314 308
1173 271 1387 313 macr.
1425 271 1513 311 111.
1550 270 1637 309 nn
1671 268 1951 310 meamne.
1992 269 2190 311 effu-r
2226 270 2266 309 1.
2305 268 2447 311 mm.
2488 270 2553 311 ιι.
2955 254 3101 332 [284]

636 391 769 436 cere
816 371 1014 436 solam
1045 368 1552 434 consuetudinem
1595 367 1919 431 laicorum.
1968 366 2178 442 Ratio,
2213 366 2359 447 quia
2390 366 2454 430 in
2485 366 2583 440 iis„
2617 384 2777 446 quae
2814 369 3099 449 spectant

635 474 708 537 ad
748 473 958 550 laicos,
993 470 1112 535 etsi
1146 470 1561 535 ecclesiastica
1606 470 1752 544 sint,
1802 467 2308 533 consuetudinem
2354 467 2640 532 inducere
2687 471 2955 550 possunt
3000 469 3098 533 vel

633 576 749 641 soli
786 575 949 650 laici,
983 594 1125 638 cum
1171 573 1232 637 id
1279 573 1512 637 faciant
1558 592 1628 636 ex
1658 572 1850 655 legali
1880 571 2202 636 Pontificis
2234 589 2552 647 consensu,
2587 571 2696 651 qui
2727 570 3099 655 generaliter

631 678 758 743 vim
803 678 959 762 legis
1005 677 1230 742 tribuit
1279 675 1446 741 omni
1491 674 1921 739 consuetudini
1964 674 2246 757 legitime
2291 672 2703 738 introductae.
2755 672 2901 738 Non
2951 692 3096 758 ergo

633 799 874 845 necesse
910 782 1024 857 est,
1065 779 1138 842 ut
1169 778 1419 843 accedat
1441 776 1822 843 consuetudo
1853 775 2047 840 etiam
2077 775 2441 840 clericorum
2470 793 2594 839 non
2627 774 3097 840 admittentium

636 885 716 948 ad
761 883 1229 948 matrimonium
1277 901 1420 946 cum
1465 879 1769 944 eiusmodi
1812 879 2272 962 impedimento.
2329 876 2492 941 Nam
2540 877 2733 942 etiam
2771 878 2920 943 laici
2966 896 3099 961 pos—

638 988 787 1051 sunt
834 985 1071 1066 aliquid
1105 985 1303 1048 facere
1357 984 1420 1046 in
1473 983 1715 1066 legibus
1763 981 2192 1045 ecclesiasticis
2239 999 2381 1044 cum
2418 998 2722 1045 consensu
2766 980 3095 1063 pontificis,

641 1089 750 1170 qui
779 1088 842 1151 in
874 1088 991 1152 hoc
1014 1105 1164 1152 casu
1198 1105 1321 1151 non
1352 1086 1541 1149 deest.
1575 1083 1878 1148 Schmalz.
1918 1104 1978 1146 n.
2013 1083 2119 1148 30.

731 1184 909 1259 284.
943 1187 1382 1253 Memorandus
1420 1187 1554 1251 heic
1600 1188 1696 1250 est
1739 1186 1806 1249 et
1851 1184 2133 1268 specialis
2181 1184 2434 1248 effectus
2478 1183 2941 1249 consuetudinis
2988 1184 3100 1248 im-

641 1291 1038 1356 memoriaIiS.
1085 1289 1250 1354 Nam
1296 1293 1532 1355 veteres
1578 1287 2012 1353 Iurisconsulti
2059 1307 2201 1351 cum
2248 1287 2605 1352 Innocentio
2653 1287 2718 1351 in
2766 1306 2818 1351 c.
2874 1288 2973 1351 13.
3023 1287 3097 1351 cle

641 1395 915 1461 Iudicii.
945 1397 1004 1459 5.
1030 1413 1141 1478 pro
1157 1395 1375 1477 regula
1399 1394 1676 1470 tradunt,
1702 1391 2144 1458 consuetudine
2174 1391 2611 1456 immemoriali
2628 1391 2867 1473 acquiri
2890 1392 3097 1455 omnia

639 1500 750 1563 illa
781 1518 976 1582 posse,
1012 1517 1170 1579 quae
1216 1496 1539 1580 privilegio
1587 1498 1651 1560 et
1696 1494 1940 1560 indulto
1972 1494 2265 1577 principis
2297 1494 2533 1576 acquiri
2569 1496 2851 1578 possunt.
2887 1494 3101 1559 Ratio-

639 1621 779 1667 nem
809 1601 980 1676 dant‚
1014 1601 1162 1682 quia
1192 1599 1592 1675 consuetudo,
1624 1599 1802 1662 cuius
1849 1597 2015 1661 initii
2057 1616 2182 1662 non
2229 1597 2401 1661 extat
2444 1596 2764 1672 memoria,
2815 1597 3101 1680 aequipa-

634 1705 814 1767 ratur
866 1702 1191 1786 privilegio
1240 1701 1304 1765 et
1349 1701 1614 1765 habetur
1656 1701 1794 1764 loco
1840 1699 2017 1763 tituli
2061 1699 2392 1764 constituti
2452 1717 2523 1763 ac
2569 1699 2836 1782 probati,
2886 1700 2979 1763 ita
3026 1701 3099 1764 ut

638 1824 921 1872 concesso
969 1805 1069 1869 vel
1113 1804 1375 1886 probato
1412 1802 1709 1886 temporis
1739 1802 2206 1866 immemorialis
2241 1801 2443 1886 lapsu,
2490 1802 2711 1867 melior
2756 1802 2985 1866 titulus
3018 1803 3101 1866 al-

635 1907 834 1990 legari
870 1907 1154 1987 nequeat.
1188 1905 1350 1968 Hinc
1386 1904 1667 1969 clausula
1720 1904 2081 1987 prohibente
2127 1904 2227 1967 vel
2270 1903 2558 1968 irritante
2590 1904 3100 1968 consuetudinem

640 2008 1015 2072 contrariam
1068 2007 1219 2070 haec
1277 2025 1400 2071 non
1454 2005 2011 2089 comprehenditur,
2066 2008 2141 2070 ut
2185 2025 2327 2071 cum
2372 2005 2656 2089 pluribus
2705 2006 2844 2071 aliis
2889 2007 3098 2070 citatis

644 2109 913 2174 advertit
943 2108 1263 2193 Laymann
1293 2108 1401 2172 lib.
1441 2110 1497 2171 1.
1525 2110 1707 2173 tract.
1734 2109 1796 2171 4.
1824 2127 1875 2172 0.
1904 2108 2007 2171 24.
2042 2127 2103 2171 ιι.
2134 2109 2192 2172 7.

732 2211 967 2276 Verum
983 2212 1133 2275 haec
1149 2210 1428 2276 doctrina
1442 2210 1679 2295 indiget
1710 2210 1940 2293 duplici
1961 2209 2357 2275 limitatione.
2383 2210 2596 2276 Prima
2626 2213 2739 2287 est,
2765 2211 3098 2276 dummodo

640 2314 716 2390 is,
749 2333 860 2396 pro
899 2332 1022 2395 quo
1071 2313 1380 2396 allegatur
1431 2313 1834 2395 praescriptio
1867 2331 1975 2376 seu
2011 2311 2390 2377 consuetudo
2438 2313 2927 2389 immemorialiS‚
2976 2332 3098 2378 non

642 2416 728 2480 sit
749 2416 1005 2498 incapax
1029 2414 1379 2496 possidendi
1399 2417 1574 2478 extra
1590 2432 1822 2490 casum,
1842 2433 1965 2495 quo
1982 2413 2349 2478 habilitetur
2370 2434 2479 2498 per
2499 2415 2916 2500 privilegium.
2938 2416 3101 2480 Hinc

642 2518 839 2583 laicus
868 2536 1187 2598 nunquam
1217 2536 1325 2599 per
1355 2535 1809 2599 quamcumque
1854 2515 2362 2582 consuetudinem
2408 2517 2722 2600 acquirere
2752 2520 2963 2602 potest
2998 2520 3101 2584 ius

643 2618 1013 2691 dec-immiti,
1050 2617 1341 2699 eliyendi,
1389 2617 1826 2697 confirmandi,
1864 2617 1953 2681 ad
1995 2618 2294 2698 beneficia
2338 2621 2478 2697 etc„
2525 2620 2645 2685 etsi
2688 2621 2840 2686 haec
2886 2622 3098 2687 omnia

643 2721 956 2802 acquirere
1000 2719 1197 2801 possit
1241 2738 1348 2801 per
1391 2719 1789 2803 privilegium
1835 2720 2242 2802 pontificium.
2283 2722 2387 2787 Ita
2430 2725 2494 2787 et
2539 2723 2818 2806 potestas
2864 2724 3099 2789 ferendi

641 2841 964 2890 censuram
1009 2820 1214 2903 quoad
1259 2821 1509 2885 laicum.
1558 2821 1746 2885 Ratio
1796 2824 1908 2917 est,
1947 2823 2095 2905 quia
2141 2824 2259 2889 hoc
2301 2824 2436 2907 ipso
2484 2824 2651 2906 quod
2695 2827 3099 2910 praescriptio

643 2928 772 2991 sine
818 2924 1197 3009 possessione
1227 2942 1350 2989 non
1382 2924 1676 3006 procedat
1705 2925 1859 3008 Reg.
1895 2926 1955 2989 3.
1988 2926 2108 2990 iur.
2142 2927 2206 2990 in
2232 2928 2315 3003 6.,
2342 2927 2647 3008 sequitur,
2680 2928 2846 3010 quod
2876 2930 2950 3004 is,
2992 2930 3103 3011 qui

640 3030 900 3111 incapax
934 3027 1018 3092 sit
1063 3026 1430 3110 possidendi,
1479 3026 1564 3092 sit
1610 3026 1803 3092 etiam
1837 3028 2095 3111 incapax
2128 3029 2481 3110 acquirendi
2527 3049 2635 3112 per
2668 3033 3105 3115 praescriptio·

645 3150 785 3195 nem
830 3130 929 3194 vel
973 3128 1499 3193 consuetudinem.
1532 3127 1750 3193 Altera
1796 3131 1910 3203 est,
1950 3129 2284 3196 dummodo
2317 3131 2620 3197 eiusmodi
2666 3132 3101 3199 consuetudini

646 3236 744 3301 vel
787 3233 1255 3317 praescriptioni
1297 3251 1421 3297 non
1456 3233 1710 3297 resistat
1752 3233 1853 3297 ius
1899 3252 2093 3315 eaque
2137 3237 2437 3316 tanquam
2481 3234 2719 3299 abusus
2768 3239 2832 3299 et
2890 3256 3102 3301 corru-

632 3335 813 3416 ptela
855 3356 898 3398 a
942 3354 1173 3399 canone
1219 3332 1314 3397 vel
1352 3333 1481 3414 Zeye
1526 3334 1923 3413 reprobatam
1955 3337 2020 3399 et
2056 3335 2133 3400 ob
2165 3336 2324 3401 hanc
2351 3337 2658 3401 rationem
2702 3337 2910 3403 induci
2957 3357 3100 3403 con-

646 3436 970 3501 suetudine
1005 3455 1128 3500 non
1173 3438 1379 3518 potest
1424 3436 1790 3500 immunitas
1824 3437 1904 3501 ab
1942 3437 2315 3519 obligatione
2351 3438 2723 3503 obser-madi
2756 3441 3097 3507 interdicta

647 3538 1078 3610 ecclesmstica,
1097 3540 1378 3616 potestas
1407 3538 1722 3602 retinendi
1748 3538 1941 3603 simul
1966 3540 2125 3606 duos
2144 3542 2570 3617 canonicam,
2585 3548 2963 3623 personatus
2978 3548 3104 3611 etc.

647 3641 834 3706 Ratio
882 3642 994 3715 est,
1022 3639 1170 3721 quia
1216 3659 1357 3703 cum
1390 3641 1769 3706 consuetudo
1818 3643 1880 3705 et
1924 3643 2324 3726 praescriptio
2372 3644 2501 3709 vim
2547 3664 2793 3711 omnem
2840 3647 3109 3712 debeant

642 3743 884 3827 legibus
914 3741 1014 3807 vel
1045 3761 1124 3806 ss.
1155 3740 1512 3815 canonibus,
1546 3742 1771 3824 quibus
1802 3744 2192 3810 introductae
2222 3746 2289 3811 et
2318 3747 2697 3830 approbatae
2728 3751 2896 3826 sunt,
2924 3749 3103 3815 locus

640 3848 764 3912 illis
789 3865 918 3912 esse
941 3864 1062 3910 non
1088 3847 1293 3928 potest
1315 3848 1599 3927 respectu
1622 3864 1829 3910 rerum
1855 3848 1917 3911 et
1940 3866 2361 3930 personarum,
2394 3868 2662 3931 quarum
2678 3855 2963 3934 respectu
3000 3852 3107 3917 ius

641 3950 766 4019 illis
797 3949 1074 4013 resistat:
1114 3948 1155 4010 l.
1203 3947 1268 4012 U
1270 3947 1334 4009 bi
1362 3946 1463 4009 lea:
1495 3947 1638 4032 Dig.
1671 3946 1746 4011 dc
1792 3948 2018 4027 Usum.
2059 3952 2121 4012 et
2159 3949 2425 4031 Usucap.
2481 3976 2517 4010 «
2553 3952 2678 4017 Ubi
2721 3954 2819 4018 lex
2863 3954 3113 4019 inhibet

642 4055 1098 4135 usucapionem,
1130 4052 1290 4116 bona
1321 4051 1470 4115 fides
1502 4052 1841 4134 possidenti
1870 4054 2026 4118 nihil
2057 4054 2308 4136 prodest
2336 4080 2400 4119 ³».
2434 4054 2529 4120 Cf.
2563 4054 2866 4123 Schmalz.
2902 4078 2962 4122 n.
2991 4058 3107 4122 32.

728 4156 968 4236 Lapsus
1011 4155 1221 4216 tamen
1267 4153 1562 4235 temporis
1607 4154 2076 4218 immemorialis
2124 4156 2177 4219 si
2223 4156 2407 4221 cadat
2454 4157 2517 4220 in
2565 4175 2892 4239 personam
2938 4158 3105 4223 alias

643 4259 774 4322 iure
796 4254 1066 4319 habilem
1100 4253 1177 4317 ad
1199 4253 1594 4337 privilegium
1625 4256 1688 4319 et
1726 4256 1779 4319 si
1816 4275 1958 4321 cum
1990 4258 2265 4340 tempore
2298 4259 2739 4325 immemoriali
2772 4262 3106 4327 concurrat

646 4358 869 4424 saltem
915 4356 1082 4420 fama
1128 4374 1236 4419 seu
1281 4356 1657 4422 existimatio
1705 4358 1954 4441 publica
2007 4359 2315 4445 privilegii
2372 4361 2722 4443 Apostolici
2767 4360 3109 4444 aliquando

649 4459 905 4535 obtenti,
954 4458 1051 4521 ius
1083 4458 1332 4539 quidem
1376 4459 1619 4525 nullum
1655 4462 1995 4543 possessori
2043 4463 2341 4544 acquirit3
2383 4464 2531 4546 quia
2567 4464 2720 4530 haec
2766 4465 3111 4529 habilitare
