3529 5158
719 345 827 399 642
1548 354 1862 395 Arpanmx
1899 354 1938 393 1.
1978 352 2376 394 mssnnurm

719 473 842 519 non
881 452 1331 529 animadversa,
1365 471 1524 534 quae
1557 471 1804 515 omnem
1836 449 2123 515 excludat
2168 450 2545 514 contrariam
2583 449 3092 533 probabilitatem
3125 474 3187 512 ».

717 555 889 635 Quae
923 554 1171 637 quidem
1209 554 1505 638 leguntur
1551 554 1743 618 etiam
1789 554 1852 616 in
1903 552 2163 616 Dissert.
2214 571 2357 616 ann.
2406 552 2596 615 1753.
2647 554 2710 616 et
2757 570 2925 633 seqq.
2973 552 3189 615 contra

719 658 1076 723 tutioristas
1124 677 1184 721 n.
1237 657 1340 719 87.

809 759 892 823 Ε1
927 760 1048 823 huc
1078 757 1496 823 revocandum
1518 757 1676 822 illud
1699 758 1892 822 etiam
1916 760 2029 835 est,
2057 757 2224 839 quod
2246 758 2514 842 legimus
2540 760 2679 823 tum
2702 758 2767 822 in
2797 757 3191 822 Praefatione

720 861 1028 925 Editionis
1070 860 1263 924 1753.
1314 859 1644 924 Benedicto
1685 860 1857 923 XIV.
1891 859 2152 937 dicatae,
2187 860 2325 924 tum
2370 861 2435 925 in
2481 861 2767 945 pluribus
2814 859 3192 924 editionibus

721 963 1188 1048 posterioribus.
1225 964 1569 1045 Postquam
1600 962 1767 1027 enim
1813 982 1861 1025 s.
1915 964 2148 1027 Doctor
2187 963 2362 1041 dixit,
2395 983 2559 1029 nunc
2589 982 2655 1029 se
2685 962 3109 1047 praescindere
3154 980 3190 1024 a

722 1066 1051 1133 tractanda
1110 1066 1491 1148 quaestione,
1546 1085 1735 1148 quam
1793 1084 1952 1129 anno
2020 1067 2211 1130 1749.
2278 1068 2340 1130 31
2400 1066 2539 1131 (13111
2599 1067 2664 1131 111
2739 1066 3191 1131 Dissertatione

724 1171 871 1234 311111
923 1170 1115 1232 1755.
1166 1168 1541 1233 discusserat
1586 1168 1678 1249 (in
1728 1168 1890 1231 Diss.
1943 1168 2107 1232 enim
2169 1186 2311 1232 ann.
2375 1169 2566 1233 1753.
2615 1187 2740 1234 non
2793 1170 3012 1233 contra
3057 1186 3196 1249 pro-

722 1271 1164 1347 babilioristaS,
1214 1271 1320 1335 sed
1366 1273 1582 1335 contra
1620 1269 1902 1334 mitiores
1937 1271 2291 1335 tutioristas
2317 1272 2501 1355 agit),
2541 1271 2754 1336 subdit
2784 1272 2938 1335 haec
2969 1272 3193 1334 notatu

723 1373 1128 1458 dignissima:
1184 1397 1221 1432 ‹
1252 1372 1528 1436 Tantum
1572 1372 1729 1449 dico,
1777 1391 1878 1436 me
1923 1373 2230 1457 ignorare,
2257 1374 2567 1456 quomodo
2615 1375 2858 1458 possint
2903 1373 3074 1438 reiici
3122 1375 3195 1436 ut

722 1474 1161 1558 improbabiles
1202 1475 1518 1558 opiniones
1548 1474 1713 1550 illae,
1748 1493 1908 1556 quae
1946 1475 2126 1559 gravi
2157 1476 2367 1558 aliquo
2400 1494 2522 1541 non
2554 1478 2765 1542 carent
2785 1476 3192 1540 fundamento

720 1577 1281 1644 verisimilitudinis
1330 1577 1427 1641 vel
1474 1576 1872 1641 auctoritatis
1920 1580 1983 1641 et
2031 1581 2246 1642 contra
2297 1577 2598 1661 oppositis
2644 1577 2971 1642 sententiis
3020 1575 3192 1640 nulla

718 1682 960 1746 assistit
990 1680 1336 1745 infallibilis
1371 1679 1733 1756 auctoritas,
1776 1680 1890 1743 aut
1920 1679 2173 1744 evidens
2218 1682 2404 1754 ratio,
2441 1701 2597 1762 quae
2635 1679 2710 1743 de
2747 1680 3012 1743 veritate
3056 1699 3192 1742 oon»

718 1785 960 1847 vincere
982 1784 1190 1863 possit
1224 1808 1285 1845 ».
1328 1781 1449 1846 Ubi
1487 1784 1560 1845 ut
1596 1785 2040 1866 argumentum
2071 1784 2440 1847 convincens
2476 1784 2596 1849 dici
2627 1785 2838 1865 queat,
2874 1802 2923 1847 s.
2961 1783 3192 1847 Doctor

717 1885 1026 1949 rationem
1058 1884 1341 1967 postulat
1373 1882 1741 1947 evidentem.

809 1985 986 2066 Quod
1024 2004 1167 2050 vero
1217 1985 1365 2049 data
1415 2003 1597 2067 opera
1645 1985 1796 2051 haec
1845 2005 1892 2050 s,
1936 1988 2168 2051 Doctor
2201 1989 2386 2052 verba
2435 1988 2806 2063 adhibuerit,
2838 1986 3192 2052 confirmari

722 2089 933 2172 potest
962 2108 1033 2151 ex
1066 2088 1162 2165 iis,
1197 2106 1357 2170 quae
1406 2087 1469 2151 in
1517 2088 1775 2153 Dissert.
1828 2108 1968 2153 ann.
2023 2091 2215 2154 1762.
2266 2091 2344 2155 ad
2392 2111 2463 2156 ea
2495 2111 2544 2157 3.
2579 2092 2923 2177 Augustini
2960 2091 3187 2155 verba:

727 2189 910 2272 Quod
942 2192 1108 2253 enim
1154 2210 1264 2253 nec
1311 2194 1533 2253 contra
1579 2190 1767 2270 fidem
1809 2212 2004 2273 neque
2051 2197 2270 2256 contra
2304 2194 2492 2259 bonos
2537 2215 2740 2259 mores
2776 2214 2905 2258 esse
2944 2194 3192 2257 convin—

721 2294 905 2373 citur,
946 2291 1384 2371 indifferenter
1413 2311 1542 2355 esso
1580 2291 1954 2368 habendum,
1978 2296 2070 2359 ita
2104 2296 2348 2360 subdit:
2391 2322 2424 2353 «
2452 2296 2517 2361 Si
2545 2298 2681 2362 noti
2712 2297 2776 2361 la
2807 2296 3014 2380 parola
3048 2314 3190 2357 oon-

719 2396 996 2459 vincitur
1012 2416 1034 2473 ,·
1065 2395 1265 2461 sicche
1298 2394 1558 2459 secondo
1600 2396 1662 2459 la
1701 2395 1980 2461 dottrina
2019 2397 2082 2462 di
2119 2417 2167 2461 3.
2202 2399 2509 2483 Agostino
2551 2419 2586 2463 a
2617 2401 2724 2465 noi
2757 2403 2789 2464 3
2822 2399 3004 2463 133113
3037 2396 3187 2482 ogni

720 2498 952 2575 azione‚
1003 2498 1231 2582 purche
1277 2515 1401 2562 non
1448 2498 1652 2562 siamo
1699 2500 1976 2563 convinti
2013 2519 2046 2564 e
2094 2501 2502 2567 ωσι-3111131113
2549 2502 2721 2579 certi,
2770 2502 2881 2567 che
2927 2500 3050 2565 ella
3097 2500 3188 2564 sia

717 2605 932 2667 contro
964 2601 1027 2665 13
1058 2600 1191 2665 fede
1225 2620 1259 2665 o
1293 2604 1507 2666 contro
1542 2602 1563 2664 i
1596 2601 1788 2666 buoni
1821 2604 2088 2668 costumi
2138 2631 2196 2668 ».
2241 2603 2414 2684 Quae
2447 2605 2698 2688 quidem
2735 2606 2928 2671 etiam
2976 2606 3041 2670 in
3089 2623 3189 2688 po-

716 2707 948 2768 strema
982 2701 1354 2784 Syetematis
1376 2705 1638 2766 moratis
1662 2703 1932 2769 editione
1957 2706 2046 2770 sic
2067 2726 2128 2769 n.
2159 2707 2262 2771 70.
2289 2708 2618 2792 leguntur:
2645 2733 2680 2768 »
2706 2709 2868 2774 Item
2900 2728 2949 2774 s.
2977 2711 3189 2794 Augu·

717 2805 918 2870 stinus
951 2804 1240 2868 brevibus
1273 2805 1500 2881 totum,
1528 2804 1695 2884 quod
1724 2804 2006 2882 dicimus,
2034 2808 2394 2873 confirmat:
2432 2810 2611 2891 Quod
2637 2812 2804 2874 enim
2834 2831 2948 2875 nec
2970 2815 3188 2876 contra

713 2905 900 2987 fidem
931 2925 1127 2987 neque
1164 2909 1384 2969 contra
1427 2905 1615 2970 bonos
1664 2927 1865 2973 mores
1911 2930 2040 2975 esse
2087 2913 2477 2976 convincitur
2513 2914 2714 2996 (nota,
2749 2916 3184 2999 convincitur),

717 3007 1152 3087 indifferenter
1182 3028 1311 3073 esse
1359 3007 1728 3074 habendum.
1775 3009 2101 3091 Quaelibet
2131 3034 2281 3099 ergo
2320 3016 2483 3081 actio
2516 3017 2693 3082 nobis
2724 3019 3027 3101 permissa
3073 3023 3186 3095 est,

715 3112 902 3178 modo
933 3111 1201 3177 convicti
1232 3114 1345 3176 aut
1375 3112 1695 3176 moraliter
1743 3116 1897 3179 certi
1935 3135 2055 3181 non
2104 3117 2320 3194 simus,
2355 3119 2534 3183 illam
2580 3121 2796 3186 contra
2845 3121 3034 3186 fidem
3079 3122 3189 3185 aut

721 3216 916 3280 bonos
948 3233 1151 3279 mores
1187 3233 1319 3278 esse
1351 3240 1411 3278 ».

813 3322 914 3384 13.
950 3320 1040 3385 Ut
1084 3321 1296 3403 paucis
1345 3321 1556 3403 itaque
1605 3341 1734 3386 rem
1782 3326 2301 3410 constringamus,
2335 3330 2530 3394 thesis
2577 3350 2625 3394 s.
2669 3331 2979 3410 DoctoriS,
3031 3352 3187 3415 quae

717 3427 909 3508 negat
937 3423 1183 3488 licitum
1216 3441 1345 3488 esse
1378 3442 1565 3487 usum
1613 3425 1921 3507 opinionis
1954 3428 2160 3492 minus
2202 3431 2539 3512 probabilis
2571 3432 2866 3498 adversus
2900 3435 3188 3518 probabi-

716 3526 936 3590 liorem
964 3543 1075 3606 pro
1107 3526 1264 3609 lege,
1298 3525 1475 3589 iuxta
1506 3545 1598 3602 ea,
1633 3546 1793 3609 quae
1830 3529 1950 3593 huc
1987 3549 2183 3612 usque
2215 3551 2286 3596 ex
2316 3533 2452 3616 ipso
2486 3554 2533 3598 S.
2563 3535 2797 3601 Doctor
2830 3536 3183 3610 attulimus,

716 3626 1013 3709 supponit
1056 3645 1166 3708 pro
1214 3627 1350 3711 lege
1389 3631 1553 3692 stare
1603 3629 1955 3712 opinionem
1987 3633 2173 3713 (hanc
2221 3654 2268 3698 s.
2320 3636 2554 3702 Doctor
2599 3638 2876 3721 appellat
2921 3643 3087 3704 certe
3131 3644 3190 3702 et

711 3726 1075 3794 notabiliter
1104 3727 1650 3814 probabiliorem),
1697 3751 1856 3814 quae
1901 3737 2136 3798 eertum
2171 3734 2646 3815 ftmclamentum
2690 3737 2934 3820 habeat,
2986 3744 3187 3822 ipsam

709 3851 839 3898 esse
869 3851 1120 3908 veram‚·
1146 3833 1443 3916 supponit
1465 3851 1575 3916 pro
1612 3852 1684 3898 ea
1716 3836 1885 3899 stare
1912 3835 2252 3901 evidentem
2275 3841 2604 3916 rationem,
2622 3863 2781 3923 quae
2811 3842 2888 3907 de
2913 3845 3186 3910 eiusdem

708 3937 968 3999 veritate
998 3936 1358 3998 convincere
1377 3936 1588 4015 possit
1602 3957 1623 4011 ,·
1666 3936 1818 4001 adeo
1852 3939 1925 4002 ut
1965 3957 2087 4004 non
2120 3941 2303 4007 modo
2341 3945 2569 4019 verior,
2601 3944 2715 4009 sed
2755 3950 2819 4010 et
2861 3947 3186 4013 moraliter

709 4042 825 4102 aut
851 4037 1037 4120 qmsi
1066 4036 1393 4101 moraliter
1424 4042 1597 4102 certa
1631 4041 1867 4104 censeri
1899 4040 2149 4132 debeat3
2184 4046 2500 4128 supponit,
2535 4048 2626 4113 ita
2665 4053 2950 4116 constare
2988 4052 3062 4118 de
3091 4071 3184 4116 ve-

708 4141 896 4205 ritate
918 4139 1134 4222 ipsius,
1164 4139 1238 4203 111
1263 4139 1589 4204 moraliter
1613 4144 1676 4204 et
1694 4143 2095 4224 sufficienter
2105 4147 2513 4230 promulyata
2544 4151 2756 4216 haberi
2781 4154 3010 4236 possitz
3039 4173 3182 4219 con-

709 4243 906 4306 traria
936 4259 1081 4306 vero
1113 4242 1327 4325 opinio
1352 4243 1567 4308 haberi
1598 4245 1695 4309 uti
1731 4246 2071 4328 probabilis
2094 4266 2215 4313 non
2240 4252 2448 4331 queat,
2477 4252 2582 4318 sed
2615 4257 2728 4319 aut
2757 4255 3183 4340 improbabilis

712 4347 824 4408 aut
854 4344 1080 4408 saltem
1112 4345 1384 4410 tenuiter
1418 4347 1530 4411 aut
1566 4346 1757 4412 dubie
1792 4349 2129 4431 probabilis
2160 4355 2497 4418 remaneat.

812 4445 910 4508 14.
960 4446 1122 4510 Hinc
1171 4466 1314 4512 vero
1364 4448 1475 4525 est,
1529 4449 1694 4531 quod
1726 4451 1803 4514 cl.
1844 4451 1913 4516 P.
1954 4451 2222 4517 Michael
2253 4454 2564 4543 Haringer
2609 4479 2641 4524 e
2686 4457 3181 4548 Congregatione

720 4565 801 4612 33.
851 4546 1281 4631 Redemptoris
1331 4551 1394 4614 31
1445 4549 1824 4637 Theologiae
1877 4553 2138 4619 Moralis
2185 4556 2503 4625 Professor
2547 4562 2611 4626 in
2658 4564 2788 4628 not.
2837 4565 2918 4630 ad
2963 4587 3026 4631 n.
3077 4568 3175 4631 40.
