3529 5158
727 320 837 376 410
1228 336 1441 378 rnnc‘r.
1481 336 1569 376 111.
1609 335 1696 375 nn
1730 334 2010 377 numme.
2049 334 2249 380 0111111
2286 337 2368 379 1v.
2406 337 2549 379 nnn.
2589 338 2670 380 lv.
3053 323 3195 399 [424]

728 432 1045 499 dissensio.
1078 434 1401 518 Laymann
1433 432 1663 514 aliique
1693 431 1856 496 infra
1903 432 2083 497 allati
2114 432 2438 516 disputant
2467 434 2541 499 de
2571 435 2955 517 quaestione,
3004 455 3195 518 quam

728 536 966 600 Auctor
994 535 1252 601 resolvit
1283 535 1490 600 Resol.
1525 536 1585 598 8.
1620 537 1684 599 01
1722 553 1771 599 3.
1805 534 1991 618 Alph.
2023 556 2083 600 n.
2123 535 2271 600 186.
2305 554 2443 600 eam
2475 537 2719 619 probat,
2753 536 2880 602 imo
2914 556 3027 622 pro
3059 538 3196 621 ipsa

731 639 963 723 allegat
995 640 1058 703 et
1089 658 1138 702 s.
1177 639 1502 703 Thomam.

819 739 1140 820 Quaerunt
1170 740 1406 805 scilicet
1434 739 1786 825 (Laymann
1817 740 1924 804 lib.
1963 741 2021 804 1.
2056 742 2135 805 tr.
2171 741 2232 804 4.
2267 760 2401 825 cap.
2438 742 2542 804 22.
2576 763 2636 805 n.
2676 742 2810 826 12.)
2843 761 2924 806 an
2972 742 3027 807 si
3059 743 3198 807 sub-

730 843 900 909 ditus
935 844 1098 909 bona
1142 844 1261 909 fide
1298 843 1821 926 dispensationem
1866 845 2042 925 petat
2087 843 2215 925 (vel
2246 843 2438 909 etiam
2474 863 2597 909 non
2631 845 2869 928 petenti
2916 845 3197 928 superior

731 946 972 1011 tribuat
1014 968 1074 1011 V.
1122 967 1217 1031 gr.
1256 945 1309 1010 si
1354 944 1696 1029 Episcopus
1741 945 1946 1009 mittit
1993 946 2069 1010 ad
2101 946 2521 1029 suscipiendos
2561 946 2819 1012 Ordines
2851 946 3193 1025 subditum,

732 1068 917 1131 quem
948 1049 1066 1113 scit
1098 1068 1227 1113 esse
1273 1049 1705 1132 irregularem:
1757 1048 2068 1112 sufficiens
2101 1050 2265 1113 enim
2296 1049 2360 1113 in
2392 1051 2516 1114 isto
2547 1050 2715 1115 facto
2747 1050 3017 1115 habetur
3046 1050 3198 1114 indi·

732 1153 898 1217 cium
921 1150 1416 1234 dispensationis,
1443 1169 1632 1232 quam
1656 1149 1957 1226 concedit,
1984 1151 2058 1214 ut
2081 1151 2270 1216 habet
2284 1149 2462 1216 Suar.
2491 1150 2566 1216 de
2606 1150 2869 1216 Cen-sur.
2904 1151 3062 1235 disp.
3089 1153 3192 1215 41.

732 1256 880 1319 sect.
915 1254 976 1317 3.
1011 1253 1074 1318 in
1104 1253 1241 1336 fin.)
1289 1252 1502 1317 allatis
1547 1252 1917 1329 rationibuS,
1958 1271 2114 1334 quas
2162 1253 2495 1336 superioris
2534 1254 2804 1318 examini
2832 1254 3194 1332 committit,

733 1360 1069 1443 impetrata
1114 1358 1589 1442 dispensatione,
1630 1376 1882 1422 securus
1930 1377 2061 1423 esse
2098 1360 2342 1442 possit?
2371 1360 2454 1424 Et
2483 1360 2814 1444 respondet
2840 1360 3194 1445 Laymann:

741 1485 777 1520 «
809 1460 1072 1526 Securus
1108 1480 1238 1526 esse
1274 1462 1483 1543 potest
1529 1462 1592 1525 et
1621 1478 2030 1543 praesumere,
2065 1460 2345 1545 legitime
2383 1462 2679 1528 collatam
2727 1462 2938 1540 fuisse,
2974 1463 3197 1527 saltem

732 1564 795 1628 in
819 1563 1230 1628 conscientiae
1261 1563 1393 1627 foro
1427 1562 1617 1626 donec
1648 1563 1976 1626 contraria
2007 1563 2241 1626 veritas
2269 1568 2590 1644 appareat.
2618 1590 2653 1622 »

824 1665 1002 1745 Quod
1047 1664 1210 1729 idem
1255 1664 1470 1729 definit
1522 1662 1747 1729 Suarez
1796 1665 2001 1747 quoad
2055 1684 2308 1730 causam
2355 1665 2831 1750 dispensationis
2877 1684 3199 1731 concessae

735 1768 899 1832 facto
934 1768 1143 1849 aliquo
1176 1764 1279 1848 (ut
1308 1766 1604 1849 diximus)
1636 1767 1714 1830 ab
1746 1766 2245 1851 irregularitate3
2288 1768 2393 1831 ubi
2427 1768 2546 1833 ait:
2594 1792 2629 1826 «
2662 1769 2735 1832 In
2772 1767 2908 1832 foro
2956 1767 3198 1833 interno

736 1870 988 1946 sufficit,
1024 1870 1095 1933 ut
1124 1888 1246 1933 non
1279 1871 1522 1934 constet
1552 1868 1624 1933 de
1657 1889 1882 1932 causae
1915 1868 2173 1948 defectu,
2221 1870 2369 1951 quia
2408 1870 2697 1936 subditus
2726 1870 3079 1954 praesumit
3107 1887 3200 1934 su-

736 1973 1039 2056 perierem
1069 1972 1232 2035 recte
1271 1990 1453 2055 agere
1486 1996 1520 2027 »
1559 1969 1674 2053 (a).

825 2075 908 2138 Et
938 2072 1205 2138 Sanchez
1255 2072 1328 2135 de
1358 2072 1653 2137 Ματιήνη.
1702 2074 1810 2137 111).
1863 2075 1923 2137 8.
1964 2073 2119 2157 disp.
2166 2075 2266 2137 17.
2317 2095 2376 2138 n.
2432 2075 2533 2138 13.
2584 2074 2721 2140 66.:
2769 2099 2805 2134 «
2836 2072 3202 2140 Communis

738 2176 1034 2242 resolutio
1066 2178 1181 2255 est,
1215 2175 1461 2259 quando
1494 2176 1775 2259 princeps
1798 2175 2114 2259 dispensat
2145 2179 2325 2242 motu
2356 2178 2603 2260 proprio
2637 2181 2701 2244 et
2730 2197 2854 2244 non
2895 2178 2975 2243 ad
3006 2176 3202 2262 partis

740 2280 1103 2345 instantiam
1133 2279 1205 2343 in
1237 2280 1373 2342 iure
1419 2277 1708 2357 humane,
1757 2279 2070 2362 praesumi
2100 2280 2600 2363 praesumptione
2630 2280 2785 2345 iuris
2822 2282 2889 2345 et
2924 2280 3002 2344 de
3048 2281 3198 2355 iure,

739 2386 954 2450 contra
1001 2402 1190 2464 quam
1235 2402 1357 2448 non
1405 2382 1764 2447 admittitur
1812 2382 2118 2465 probatio,
2168 2382 2379 2447 adesse
2418 2401 2671 2447 causam
2706 2383 2966 2448 iustam.
3019 2382 3202 2447 Secus

739 2488 985 2571 quando
1033 2487 1110 2550 ad
1156 2487 1524 2551 instantiam
1562 2486 1779 2570 partis,
1815 2488 1928 2549 aut
1972 2485 2034 2548 in
2067 2484 2163 2562 iis,
2198 2503 2357 2566 quae
2389 2488 2539 2565 sunt
2568 2485 2642 2550 de
2678 2485 2813 2550 iure
2843 2484 3059 2549 divino
3094 2486 3201 2548 aut

741 2591 814 2655 de
863 2590 993 2654 iure
1023 2588 1299 2652 naturali
1336 2588 1573 2664 divin03
1608 2590 1756 2652 tunc
1789 2588 1950 2651 enim
1981 2607 2104 2652 non
2137 2588 2557 2671 praesumitur
2587 2607 2795 2664 causa,
2831 2587 2953 2651 nisi
2992 2587 3203 2670 probe-

742 2696 910 2758 tur...
944 2692 1115 2757 Haec
1150 2695 1360 2755 tamen
1392 2691 1672 2755 doctrina
1713 2691 1849 2775 agit
1879 2691 1953 2755 de
1985 2690 2484 2774 praesumptione
2506 2690 2628 2755 fori
2658 2691 2913 2756 externi.
2948 2690 3118 2755 Nam
3138 2690 3199 2754 in

741 2796 875 2859 foro
908 2793 1314 2857 conscientiae
1346 2793 1628 2857 existimo
1661 2793 2178 2874 praesumendum
2208 2812 2340 2857 esse
2371 2812 2481 2876 pro
2514 2794 2845 2876 superiore,
2879 2794 3037 2858 dum
3066 2792 3203 2857 sub-

739 2897 869 2960 dito
915 2916 1041 2960 non
1087 2899 1331 2960 constat
1373 2894 1643 2974 defectus
1688 2916 1931 2960 causae.
1983 2895 2161 2975 Quod
2207 2915 2331 2961 nou
2365 2897 2620 2962 obscure
2651 2896 2967 2981 significat
3015 2897 3202 2962 Sotus

741 3000 804 3064 in
837 3001 898 3063 4.
932 2998 1076 3063 dist.
1119 3000 1223 3062 21.
1264 3019 1322 3080 q.
1359 3001 1418 3062 2.
1461 3000 1578 3062 art.
1615 3000 1674 3061 2.
1711 2999 1817 3062 ubi
1847 3001 2124 3063 tractans
2171 2997 2245 3062 de
2276 2998 2731 3081 dispensatione
2767 2999 3096 3064 Pontificis
3140 3000 3202 3063 in

743 3104 890 3168 voto
923 3101 1266 3182 dicensque,
1295 3101 1815 3184 dispensationem
1849 3101 2078 3182 absque
2109 3101 2395 3184 legitima
2427 3120 2613 3166 causa
2646 3120 2769 3166 non
2802 3104 3033 3178 tenere,
3067 3102 3203 3166 sub-

742 3205 968 3289 iungit,
994 3203 1102 3268 ubi
1125 3203 1493 3269 manifestus
1510 3222 1679 3268 error
1703 3221 1825 3268 non
1851 3203 2201 3281 intervenit,
2228 3203 2540 3286 praesumi
2566 3224 2821 3270 causam
2850 3205 3202 3289 legitimam

742 3312 805 3375 et
837 3309 911 3372 cle
935 3309 1095 3373 Just.
1128 3309 1236 3373 lib.
1275 3309 1331 3371 7.
1367 3328 1424 3390 q.
1453 3309 1512 3370 4.
1535 3310 1651 3370 art.
1689 3307 1748 3369 3.
1787 3305 1863 3368 ad
1903 3307 1961 3369 2.
1998 3305 2061 3368 111
2084 3305 2210 3382 fin.,
2238 3305 2346 3369 ubi
2376 3305 2470 3371 ait
2499 3309 2649 3371 tunc
2680 3306 3203 3389 dispensationem

743 3414 874 3477 voti
890 3412 1254 3477 censendam
1268 3411 1532 3486 irritam,
1558 3408 1809 3489 quando
1826 3407 2149 3487 manifeste
2173 3412 2434 3482 constat,
2460 3407 2705 3473 nullam
2719 3428 2849 3474 esse
2872 3429 3201 3472 causam».

832 3511 1012 3583 424.
1047 3515 1138 3578 Ex
1175 3514 1272 3578 his
1304 3512 1627 3577 manifeste
1665 3513 1861 3594 patet,
1900 3511 2056 3576 duos
2088 3511 2556 3597 distinguendos
2581 3532 2762 3577 casus
2793 3511 3097 3589 diversos,
3144 3511 3203 3574 in

744 3617 969 3699 quibus
1002 3616 1243 3680 diversa
1279 3615 1476 3680 fertur
1507 3614 1816 3679 sententia
1847 3614 1978 3678 3011.
2017 3616 2084 3676 1⁰
2122 3615 2367 3696 quando
2400 3615 2648 3679 constat
2677 3633 2930 3678 causam
2962 3614 3207 3679 nullam

745 3739 875 3784 esse
907 3719 1004 3784 vel
1036 3721 1282 3784 constat
1311 3737 1434 3782 non
1459 3737 1590 3781 esse
1623 3717 2066 3793 sufficientem3
2097 3720 2165 3779 2⁰
2198 3717 2443 3798 quando
2478 3716 2653 3781 adest
2684 3735 2871 3780 causa
2902 3715 3125 3798 aliqua
3148 3717 3209 3779 et

824 4043 892 4092 (a)
919 4039 1253 4083 Reiffenstuel
1283 4040 1370 4083 lib.
1403 4041 1442 4083 1.
1472 4039 1555 4083 tit.
1576 4039 1618 4083 2.
1651 4053 1701 4080 11.
1724 4039 1821 4081 (181.
1851 4037 2198 4091 quaestionem
2228 4038 2389 4092 ponit,
2410 4043 2587 4082 utrum
2609 4038 2650 4081 si
2670 4038 2807 4094 Papa
2826 4039 2909 4082 vel
2929 4039 3213 4093 Episcopus

743 4106 958 4150 scienter
979 4107 1194 4150 assumit
1215 4106 1490 4149 inhabilem
1508 4106 1572 4149 ad
1589 4105 1809 4148 officium
1832 4104 1913 4147 vel
1933 4104 2253 4158 dignitatem,
2274 4108 2540 4148 censeatur
2556 4105 2649 4148 hoc
2670 4106 2778 4160 ipso
2796 4119 2913 4148 oum
2934 4118 2995 4149 eo
3015 4107 3214 4161 dispen-

743 4185 869 4216 sare.
901 4173 968 4214 Et
997 4173 1264 4227 respondet
1294 4172 1600 4216 affirmative
1618 4173 1678 4214 de
1702 4172 1852 4224 Papa,
1882 4171 1924 4212 si
1946 4171 2035 4212 ille
2063 4171 2307 4214 inhabilis
2325 4172 2393 4214 sit
2412 4173 2523 4215 iure
2538 4171 2792 4226 1111111011ος
2815 4177 3061 4216 censetur
3079 4174 3213 4216 enim

744 4240 931 4293 0000110
951 4238 1054 4282 alia
1075 4238 1464 4294 dispensationis
1484 4238 1799 4292 expressione
1830 4238 2038 4281 reddere
2057 4250 2173 4280 eum
2194 4237 2414 4281 habilem
2434 4238 2796 4293 dispensando:
2826 4251 2926 4282 non
2946 4239 3083 4284 item
3102 4239 3211 4293 Epi-

744 4318 966 4359 scopum,
987 4303 1084 4348 nisi
1106 4305 1186 4347 vel
1207 4317 1322 4346 cum
1352 4316 1535 4346 causae
1555 4304 1839 4358 cognitione
1869 4304 2124 4358 procedat,
2154 4304 2235 4348 vel
2267 4303 2563 4347 inhabilitas
2591 4305 2856 4360 contingat
2876 4305 3047 4349 solum
3071 4320 3135 4350 ex
3165 4304 3215 4347 vi

744 4371 1126 4413 constitutionis
1139 4370 1476 4413 dioecesanae.
1496 4371 1562 4413 Et
1579 4383 1627 4413 n.
1644 4371 1725 4413 effi
1738 4371 1900 4423 addit,
1926 4388 1943 4408 c
1966 4383 2068 4413 non
2088 4371 2436 4425 praesumitur
2454 4371 2730 4426 Episcopus
2747 4370 2878 4415 velle
2897 4371 3215 4427 disponente,

745 4437 842 4479 nisi
873 4438 1110 4489 procedat
1138 4450 1253 4480 cum
1282 4448 1462 4480 caueae
1492 4438 1776 4492 cognitione
1797 4437 2309 4492 praecognoveritque
2338 4437 2591 4482 iustitiam
2612 4442 2663 4481 et
2682 4437 3152 4484 rationabilitatem
3176 4458 3213 4482 ·.

745 4503 811 4545 Et
840 4501 930 4544 hoc
959 4506 1051 4554 est,
1080 4503 1211 4557 quod
1255 4502 1442 4545 Suarez
1473 4503 1664 4558 aliique
1692 4505 1871 4548 dicunt
1916 4505 2170 4558 praesumi
2215 4506 2267 4546 in
2310 4505 2417 4548 soro
2445 4504 2664 4558 interno,
2694 4516 2957 4558 quousque
2987 4509 3217 4558 constet,

749 4568 928 4611 nullam
957 4582 1011 4611 re
1036 4570 1144 4624 ipsa
1171 4570 1527 4614 rationabilem
1545 4584 1750 4615 causam
1780 4572 2006 4616 affuisse.
