3529 5158
319 369 459 447 [561]
699 383 1105 426 nnnnc'rnio.
1144 384 1531 426 Dnsmnnmu
1569 385 1936 427 noerolium
1972 385 2373 428 ponnu‘rroms
2671 375 2777 430 505

404 481 464 546 S.
499 481 860 563 Alphonsus
891 501 1096 564 porro,
1132 482 1241 562 qui
1275 482 1354 545 ab
1384 481 1677 546 Auctoris
1708 482 2008 560 doctrina,
2043 483 2238 565 specie
2270 486 2492 550 saltem
2523 486 2778 552 discedit

314 587 386 649 ut
421 583 689 648 diximus
722 604 783 648 n.
829 585 999 660 121„
1039 603 1088 648 s,
1129 584 1437 649 Thomam
1483 584 1573 648 ita
1621 588 1884 648 conatur
1929 586 2248 667 explicare,
2282 589 2356 650 ut
2397 590 2775 653 contrarium

314 705 434 750 non
480 686 728 750 habeat.
761 712 798 746 α
830 687 1041 761 Recte,
1087 687 1294 767 inquit
1330 686 1438 751 lib.
1476 689 1535 750 5.
1570 707 1629 751 n.
1666 689 1795 764 20„
1829 688 2042 753 dicunt
2087 687 2377 766 Sanchez,
2417 690 2773 757 Salmantic.

312 793 375 855 et
405 790 753 874 Roncaglia
786 791 862 872 (ε.
890 790 1226 871 Τ1101116111)
1249 789 1724 873 intelligendum
1755 808 1907 868 esse,
1939 791 2112 872 loqui
2143 791 2217 855 de
2253 792 2598 874 pollutione
2627 814 2776 877 pure

312 893 607 968 naturali,
636 912 793 974 quae
826 893 1201 957 naturaliter
1238 893 1523 975 provenit
1554 911 1591 955 a
1615 893 1842 972 natura
1871 911 1936 957 se
1967 895 2333 958 exonerante
2358 898 2422 959 et
2448 894 2607 971 ideo,
2632 916 2774 961 cum

314 994 422 1058 illa
458 1014 583 1059 non
623 995 707 1058 sit
755 994 1054 1060 obiective
1092 995 1281 1070 mala,
1313 994 1460 1059 licet
1498 1012 1562 1057 se
1608 993 2005 1076 complacere,
2037 1013 2160 1059 non
2205 995 2453 1076 quidem
2501 997 2575 1061 de
2619 999 2777 1064 dele·

310 1096 581 1161 ctatione
627 1116 699 1161 ex
746 1115 817 1161 ea
865 1099 1142 1172 causata,
1177 1097 1281 1161 sed
1320 1096 1393 1161 de
1439 1096 1870 1161 exoneratione
1917 1116 2023 1178 per
2053 1115 2190 1161 eam
2233 1098 2505 1162 obtenta.
2538 1099 2588 1162 E
2634 1120 2773 1165 con-

313 1198 505 1262 trario
554 1216 676 1262 non
722 1199 934 1263 licebit
964 1197 1258 1264 delectari
1302 1198 1375 1262 de
1408 1217 1587 1280 opere
1629 1198 1928 1262 obiective
1963 1199 2151 1274 male,
2183 1199 2478 1263 nimirum
2524 1201 2596 1264 de
2643 1203 2773 1284 pol-

309 1299 548 1366 lutione
580 1302 1070 1381 nocturna,quae
1102 1300 1373 1364 evenerit
1404 1320 1476 1363 ex
1508 1301 1684 1364 tactu
1707 1319 1817 1364 seu
1848 1319 1920 1364 ex
1943 1301 2113 1383 turpi
2144 1302 2417 1378 somnio;
2444 1302 2589 1382 quia
2621 1304 2772 1368 tunc

312 1403 460 1466 haec
506 1404 727 1468 fuisset
775 1403 1075 1468 obiective
1123 1404 1291 1467 mala
1330 1429 1391 1467 ».
1426 1403 1507 1468 Et
1552 1404 1866 1469 nonnullis
1912 1404 2268 1482 interiectis»,
2303 1405 2526 1487 quibus
2571 1406 2772 1472 reiicit

310 1503 655 1571 doctrinam
680 1506 1267 1571 Salmanticensium
1292 1505 1629 1569 dicentium
1660 1505 1843 1570 licere
1873 1505 2164 1569 delectari
2194 1507 2269 1570 de
2292 1508 2406 1571 tali
2428 1507 2771 1589 pollutione

309 1607 547 1687 habita,
571 1609 757 1674 modo
791 1609 961 1672 absit
984 1608 1320 1672 commotio
1347 1607 1701 1690 spirituum,
1728 1608 1782 1670 si
1819 1627 1892 1671 ea
1922 1609 2271 1689 provenerit
2294 1628 2364 1672 ex
2396 1610 2540 1674 utili
2563 1611 2770 1677 studio

308 1709 403 1773 vel
444 1713 582 1775 cibo
617 1711 960 1786 moderato,
998 1710 1145 1790 quia
1180 1709 1372 1773 etiam
1409 1712 1559 1773 tunc
1588 1711 1750 1773 esset
1785 1710 2062 1774 naturali
2107 1711 2201 1788 (et
2241 1711 2464 1775 merito
2502 1731 2549 1775 s,
2583 1713 2767 1795 Alph.

302 1809 364 1873 id
395 1813 634 1886 reiicit,
670 1812 817 1893 quia
865 1831 939 1874 ex
987 1812 1281 1875 contextu
1313 1813 1571 1893 apparet
1602 1809 2117 1875 Salmanticenses
2147 1812 2321 1892 loqui
2351 1812 2425 1878 de
2460 1833 2525 1878 re
2563 1834 2773 1878 secun-

301 1912 451 1975 dum
481 1917 596 1997 se),
631 1934 679 1979 s.
705 1914 890 1996 Alph.
927 1912 1242 1978 concludit
1272 1913 1496 1988 verbiS,
1537 1931 1696 1994 quae
1728 1914 1885 1979 alias
1914 1913 2042 1977 iam
2074 1914 2431 1979 attulimus:
2452 1941 2486 1973 «
2518 1916 2590 1980 In
2622 1936 2770 1999 quo-

304 2034 570 2098 cumque
619 2036 769 2081 casu
816 2019 1028 2081 tamen
1074 2016 1240 2092 licet,
1274 2035 1398 2095 per
1442 2036 1508 2079 se
1555 2015 1877 2097 loquendo,
1925 2016 2146 2098 cuique
2191 2017 2479 2083 delectari
2526 2039 2648 2084 non
2693 2020 2768 2087 de

308 2137 513 2194 causa,
550 2120 680 2184 scil.
722 2119 1091 2201 pollutione,
1132 2118 1238 2182 sed
1276 2117 1350 2182 de
1389 2119 1610 2183 effectu
1654 2121 1942 2200 sequuto,
1977 2138 2192 2201 nempe
2230 2119 2303 2183 de
2339 2123 2767 2188 exoneratione

306 2224 562 2287 causata
595 2242 632 2285 a
664 2222 1029 2304 pollutione,
1062 2221 1251 2285 etiam
1281 2219 1663 2294 voluntaria,
1698 2221 1795 2285 vel
1832 2221 1906 2285 de
1940 2221 2369 2286 consecutione
2407 2223 2765 2291 hereditatis

312 2323 385 2386 ob
415 2324 845 2400 homicidium,
878 2323 1065 2388 modo
1104 2343 1293 2388 causa
1325 2324 1667 2389 detestetur
1697 2349 1758 2388 ».

401 2422 553 2496 551.
607 2427 841 2491 Verum
887 2426 1033 2491 licet
1091 2426 1467 2491 admittatur
1515 2427 1639 2491 ista
1684 2426 2001 2491 distinctio
2056 2428 2218 2492 inter
2275 2430 2768 2495 exonerationem

308 2545 465 2593 111616
492 2530 852 2595 naturalem
884 2530 947 2594 et
987 2529 1325 2594 excitatam
1355 2529 1454 2593 vel
1494 2528 1661 2611 turpi
1693 2529 1931 2594 somnio
1964 2529 2061 2593 vel
2094 2529 2365 2595 tactibus
2396 2530 2532 2613 (qui
2560 2531 2766 2599 locum

306 2630 520 2698 habere
552 2638 819 2718 possunt
856 2634 1048 2699 etiam
1081 2635 1212 2698 sine
1242 2634 1373 2698 ullo
1409 2633 1579 2715 turpi
1608 2633 1912 2716 somnio);
1946 2633 2097 2699 haec
2128 2636 2334 2699 tamen
2365 2636 2604 2700 nullam
2637 2638 2764 2703 vim

304 2730 525 2801 habent
549 2737 849 2802 adversus
880 2736 1228 2801 doctrinam
1257 2735 1569 2812 AuctoriS,
1595 2756 1784 2816 quam
1812 2755 1864 2799 s.
1890 2734 2085 2815 Alph.
2113 2735 2342 2799 ibidem
2369 2735 2604 2815 fatetur
2633 2759 2765 2805 esse

302 2853 693 2905 communem,
726 2840 891 2904 Nam
932 2841 1009 2905 ad
1055 2860 1271 2905 casum
1316 2840 1767 2906 exonerationis
1816 2839 2153 2905 obiectivae
2190 2842 2392 2907 malae
2437 2844 2764 2926 responde-

307 2937 456 3004 bunt
488 2942 650 3008 illud
681 2941 862 3020 idem,
900 2943 1066 3024 quod
1103 2944 1447 3027 generatim
1479 2944 1773 3008 statuunt
1808 2943 1883 3007 de
1914 2944 2134 3024 quovis
2163 2945 2332 3009 malo
2364 2964 2563 3026 opere,
2596 2947 2761 3027 quod

304 3039 453 3105 citra
482 3046 735 3128 culpam
765 3045 1002 3109 factum
1033 3045 1247 3110 fuerit:
1275 3064 1492 3126 nempe
1523 3063 1647 3109 non
1676 3045 1861 3108 licere
1892 3045 1965 3109 de
1996 3063 2066 3108 60
2100 3043 2390 3108 delectari
2423 3046 2761 3111 secundum

308 3160 372 3205 86
400 3151 690 3224 spectato,
714 3148 821 3214 sed
854 3149 1071 3229 utique
1102 3147 1284 3211 licere
1315 3146 1388 3209 (16
1426 3165 1495 3210 60
1529 3146 1799 3228 gaudere
1828 3146 2099 3226 praecise
2129 3147 2406 3226 spectato
2445 3150 2519 3211 ut
2548 3168 2762 3212 causa-

306 3245 421 3309 tivo
453 3248 595 3314 boni
625 3251 894 3315 effectus.

384 3347 465 3413 Et
487 3351 732 3432 quidem
756 3354 917 3417 hanc
939 3351 1398 3416 distinctionem
1420 3351 1483 3414 et
1507 3349 1806 3414 adnexam
1829 3348 2174 3413 doctrinam
2194 3348 2490 3416 admittat
2515 3353 2760 3434 oportet

306 3449 367 3512 et
386 3450 513 3534 ipse
535 3474 584 3520 s,
605 3456 963 3538 Alphonsus
991 3455 1055 3519 vi
1081 3453 1525 3536 explicationiS,
1551 3471 1742 3533 quam
1767 3452 1896 3534 ipse
1919 3452 2170 3534 profert,
2189 3453 2516 3519 verborum
2533 3475 2581 3519 s.
2601 3455 2760 3525 Tho-

307 3567 454 3619 mae.
481 3557 666 3635 Nam,
685 3560 841 3635 esto,
868 3557 1308 3641 intelligendus
1342 3557 1425 3620 sit
1448 3575 1498 3619 S.
1526 3556 1798 3620 Thomas
1829 3555 1903 3619 (16
1933 3555 2068 3619 sola
2091 3555 2435 3638 pollutione
2463 3561 2758 3639 naturali,

309 3671 487 3735 quam
518 3680 566 3727 s,
603 3662 790 3745 Alph.
825 3681 966 3726 cum
1014 3659 1205 3724 Salm.
1240 3662 1303 3723 et
1352 3659 1694 3741 Roncaglia
1731 3657 1914 3736 dicet,
1945 3677 2068 3723 non
2115 3678 2245 3723 esse
2291 3661 2590 3728 obiective
2623 3684 2758 3729 mae-

308 3754 447 3824 lam.
472 3763 559 3829 At
592 3766 758 3829 enim
791 3783 993 3828 nonne
1025 3762 1099 3826 de
1130 3762 1242 3826 illa
1273 3762 1425 3826 dicit
1457 3781 1506 3825 S.
1532 3762 1825 3838 Thomas,
1851 3780 1974 3826 non
2006 3780 2135 3825 esse
2171 3767 2513 3843 peccatum,
2536 3765 2590 3827 si
2618 3766 2758 3843 ipsa

295 3857 537 3936 placcat
563 3871 640 3931 ut
668 3866 1027 3931 exoneratio
1058 3868 1326 3928 naturae
1364 3863 1525 3926 cta?
1558 3862 1675 3927 Vel
1706 3882 1854 3947 ergo
1886 3865 2158 3944 respuat,
2194 3882 2347 3945 opus
2394 3867 2507 3941 est,
2538 3865 2761 3931 doctri-

305 3978 440 4027 nam
470 3986 517 4031 s,
545 3968 845 4045 Thomae,
873 3967 986 4031 aut
1020 3966 1337 4043 admittat,
1377 3966 1850 4031 delectationem
1880 3965 1954 4028 de
1983 3966 2124 4043 ipsa
2141 3964 2492 4044 pollutione
2519 3967 2757 4033 licitam

308 4080 449 4130 6666.
487 4069 684 4152 Atqui
719 4071 793 4136 de
824 4070 941 4134 tali
974 4069 1317 4152 pollutione
1346 4068 1638 4132 delectari
1670 4066 2008 4130 secundum
2044 4086 2128 4139 se,
2164 4068 2311 4131 utut
2347 4068 2431 4132 sit
2458 4088 2624 4134 mere
2654 4090 2758 4135 na-

305 4165 535 4248 turalia,
561 4193 684 4239 non
715 4174 881 4248 licet,
908 4173 1165 4237 docente
1198 4171 1410 4237 eodem
1444 4190 1493 4235 s,
1520 4171 1789 4245 Thoma;
1819 4188 1966 4253 ergo
1999 4168 2297 4235 admittat
2326 4190 2373 4234 s,
2400 4171 2754 4254 Alphonsus

309 4286 536 4339 necesse
559 4281 675 4354 est,
700 4277 883 4341 licere
917 4276 994 4341 ob
1027 4276 1258 4341 bonum
1282 4275 1568 4339 effectum
1601 4292 1711 4337 seu
1742 4272 1839 4337 uti
1869 4272 2138 4355 praecise
2162 4274 2235 4335 ut
2257 4276 2577 4339 causativa
2610 4276 2753 4343 boni

308 4377 550 4448 effectus
574 4385 743 4450 licite
779 4383 1075 4449 delectari
1106 4382 1463 4464 quempiam
1487 4399 1664 4464 posse
1686 4380 1761 4445 de
1786 4379 1902 4443 tali
1925 4379 2295 4461 pollutione:
2323 4400 2480 4462 quae
2503 4402 2755 4467 prorsus

308 4484 399 4546 est
425 4482 702 4551 doctrina
732 4486 1043 4553 Auctoris

393 4583 548 4651 Cum
576 4590 791 4671 itaque
828 4589 956 4653 sive
990 4588 1052 4650 in
1086 4586 1362 4649 naturali
1399 4586 1527 4649 sive
1558 4586 1623 4649 in
1660 4604 1752 4658 ea,
1786 4602 1945 4665 quae
1976 4603 2012 4647 a
2044 4602 2093 4646 s.
2127 4584 2312 4668 Alph.
2338 4586 2564 4652 dicitur
2597 4589 2756 4653 obie-
