3529 5158
759 334 869 390 248
1200 343 1414 385 TRACT.
1453 345 1518 384 11.
1557 345 1643 384 nn
1681 343 2100 386 conscinmA.
2140 345 2338 386 carm·
2376 346 2441 387 11.
2479 347 2624 387 nun.
2663 346 2754 388 111.
3082 332 3232 408 [217]

859 446 1035 512 Unde
1058 464 1199 508 eum
1230 442 1450 509 Sanch.
1486 443 1702 527 Laym.
1739 440 1781 505 l.
1817 462 1867 504 e.
1901 445 1965 504 et
1994 442 2133 506 aliis
2164 441 2563 506 resolvuntur
2592 463 2778 507 casus
2799 448 3140 525 sequentes.

873 614 1067 684 XXVI.
1097 630 1144 679 ⁴.
1173 624 1456 686 Dabuntur,
1495 629 1607 689 post
1644 621 1962 677 sufficientem
2002 621 2299 686 diligentiam
2338 622 2623 685 adhibitam,
2664 638 2723 676 an
2762 625 2842 677 lex
2880 622 2943 676 sit
2982 623 3230 691 imposita,

757 730 807 769 v.
827 728 900 780 gr.
917 710 1102 775 ieiunii,
1124 710 1239 764 item
1265 723 1325 762 an
1354 715 1525 761 votum
1554 709 1632 761 vel
1660 706 1986 760 iuramentum
2015 707 2077 759 sit
2112 706 2373 760 emissum:
2402 721 2497 760 non
2537 707 2784 772 obligatur
2812 707 3057 762 dubitans
3086 709 3228 762 Ratio

758 806 861 867 est3
901 796 1032 863 quia,
1057 810 1170 850 eum
1198 798 1276 848 lex
1302 800 1351 847 et
1378 799 1546 845 votum
1574 800 1627 845 ut
1653 791 1883 855 obligent,
1910 792 2118 844 debeant
2144 791 2440 845 sufficienter
2468 792 2693 859 proponi,
2721 792 2891 846 merito
2923 791 3001 846 bie
3029 808 3225 860 praesu-

759 882 908 937 mitur
947 896 1042 933 non
1082 893 1207 942 esse,
1233 877 1443 942 ideoque
1481 875 1711 929 dubitans
1747 883 1909 928 manet
1947 875 1996 927 in
2031 875 2341 943 possessione
2380 891 2498 930 suae
2527 875 2784 931 libertatis,
2827 880 2968 931 Suar.
2998 878 3103 932 Fin.
3127 883 3158 931 Ι.
3182 894 3224 932 c.

763 982 810 1020 n.
837 967 955 1018 ⁴63.
978 967 1146 1029 Laym.
1172 978 1216 1015 e.
1239 961 1323 1014 eit.
1346 960 1528 1014 Contra
1561 974 1679 1014 vero
1705 959 1748 1012 si
1780 960 1979 1014 vovisse
2011 966 2202 1013 constet
2229 965 2279 1013 et
2309 960 2578 1025 dubitetur,
2608 977 2666 1014 an
2700 962 3003 1029 satisfecerit,
3028 969 3224 1018 tenetur

764 1050 1079 1114 satisfacere;
1105 1046 1218 1113 quia
1252 1053 1364 1099 tunc
1398 1051 1567 1098 votum
1594 1051 1668 1099 est
1692 1045 1740 1097 in
1773 1044 2099 1111 possessione.
2132 1042 2366 1098 Similiter
2388 1045 2632 1110 dubitauS,
2658 1061 2722 1099 an
2750 1048 2908 1101 Horas
2933 1047 3125 1111 legerit,
3155 1054 3226 1101 te-

770 1142 909 1188 netur
935 1136 1120 1197 legere;
1158 1129 1272 1197 quia
1313 1136 1625 1196 praeceptum
1665 1136 1740 1182 est
1776 1129 1824 1181 in
1864 1129 2193 1196 possessione.
2236 1132 2304 1182 lta
2343 1132 2521 1184 Sancti.
2547 1132 2579 1184 l.
2606 1145 2650 1182 e.
2677 1146 2719 1183 c.
2746 1134 2827 1184 ⁴0.
2862 1146 2910 1183 n.
2942 1135 3025 1184 ⁴2.
3051 1133 3226 1197 Laym.

764 1220 945 1271 Bonae.
968 1218 1001 1270 Ι.
1022 1232 1066 1269 c.
1088 1215 1194 1268 Fili.
1218 1216 1251 1268 l.
1273 1228 1314 1266 c.

853 1354 1014 1428 217.
1050 1355 1269 1436 Quoad
1292 1354 1560 1437 primam
1597 1355 1838 1436 partem
1868 1355 2043 1418 nulla
2076 1358 2172 1419 est
2202 1357 2619 1421 controversia
2658 1360 2721 1421 et
2758 1357 2861 1421 vix
2884 1357 3112 1440 aliquis
3147 1357 3235 1420 in-

763 1464 988 1527 ventus
1020 1462 1133 1536 est,
1168 1458 1276 1541 qui
1311 1457 1667 1541 oppositum
1698 1456 1994 1533 docuerit,
2037 1476 2220 1538 quem
2252 1458 2575 1541 propterea
2614 1460 2885 1523 universi
2916 1460 3239 1542 impetive-

764 1567 931 1628 runt.
966 1562 1276 1647 Regulam
1315 1560 1533 1623 iisdem
1573 1578 1759 1642 prope
1788 1559 1989 1623 verbis
2021 1560 2316 1642 proponit
2345 1561 2432 1624 sie
2464 1580 2508 1624 s.
2540 1561 2723 1645 Alph.
2757 1561 2864 1625 lib.
2899 1563 2955 1624 1.
2990 1582 3049 1625 n.
3086 1563 3195 1625 27.

773 1690 810 1725 ‹
842 1664 908 1730 Si
937 1665 1034 1729 lex
1065 1665 1161 1729 est
1192 1663 1375 1727 dubie
1408 1660 1658 1726 condita
1682 1660 1782 1724 vel
1813 1660 1996 1724 dubie
2028 1663 2447 1747 promulgata,
2477 1683 2599 1728 non
2625 1664 2898 1748 obligatz
2919 1663 3065 1745 quia
3093 1685 3235 1747 pos·

764 1768 959 1833 sessio
992 1785 1114 1830 non
1148 1767 1279 1830 stat
1309 1781 1418 1847 pro
1466 1763 1622 1846 ipsa,
1661 1762 1767 1827 sed
1800 1781 1909 1845 pro
1949 1762 2238 1828 libertate
2270 1790 2330 1828 ».
2382 1765 2708 1830 Praeterea
2745 1765 2902 1850 legis
2935 1769 3047 1830 aut
3092 1786 3237 1831 eon-

765 1871 922 1935 ditio
973 1871 1084 1933 aut
1135 1866 1559 1951 promulgatio
1607 1866 1703 1929 est
1747 1884 1844 1929 res
1889 1863 2061 1943 faeti.
2112 1865 2306 1931 Porro
2354 1866 2475 1931 huc
2521 1869 2762 1951 spectat
2809 1868 3231 1950 aphorismus:

773 1997 810 2030 «ι
843 1972 1108 2035 Factum
1138 1987 1261 2033 non
1293 1967 1730 2051 praesumitur,
1772 1967 1893 2032 nisi
1930 1968 2225 2052 probetur
2257 1993 2317 2030 ».

855 2073 1075 2155 Quoad
1093 2076 1153 2137 2.
1175 2074 1435 2156 partem,
1469 2072 1620 2136 bene
1651 2071 2013 2147 retineatur,
2055 2072 2159 2156 agi
2190 2073 2263 2136 de
2294 2071 2514 2136 dubio:
2554 2075 2874 2138 revocetur
2904 2074 3234 2139 discrimen

767 2178 937 2261 quod
969 2178 1064 2241 est
1095 2176 1256 2240 inter
1286 2174 1545 2237 dubium
1582 2176 1645 2238 et
1681 2174 2033 2253 opinionem
2050 2195 2072 2249 ‚·
2120 2176 2257 2237 tum
2303 2174 2494 2238 etiam
2531 2176 2861 2253 recolatur,
2900 2194 3022 2240 non
3070 2176 3238 2241 idem

766 2300 897 2346 esse
942 2278 1201 2342 dubium
1246 2279 1309 2341 et
1339 2278 1687 2340 incertum:
1720 2275 1980 2340 dubium
2018 2275 2169 2340 dicit
2199 2277 2663 2355 suspensionem
2694 2276 3109 2340 omnimodam
3143 2298 3240 2342 as-

762 2402 987 2449 sensus
1022 2380 1096 2444 ob
1130 2382 1523 2460 perspectam
1567 2378 1925 2459 insuffieien
1934 2379 2084 2440 team
2116 2379 2479 2441 motz'vorum
2493 2398 2514 2440 .·
2547 2378 2919 2441 incertitudo
2948 2397 3098 2443 vero
3150 2383 3242 2444 est

758 2486 1041 2550 carentia
1089 2481 1498 2557 certitudinis,
1525 2500 1684 2564 quae
1719 2481 1977 2555 obtinet,
2019 2500 2162 2545 cum
2200 2481 2295 2544 est
2339 2480 2555 2544 firmus
2593 2499 2879 2545 assensus
2911 2481 3070 2544 eitra
3121 2480 3241 2546 for-

764 2592 1060 2660 midinem
1107 2590 1180 2654 de
1215 2586 1520 2672 opposito.
1557 2587 1750 2651 Porro
1790 2605 1969 2669 saepe
2016 2587 2226 2651 haberi
2276 2605 2594 2650 assensum
2626 2587 2755 2651 sine
2792 2585 3095 2651 firmitate
3128 2589 3239 2652 illa

765 2695 975 2778 palam
1008 2695 1120 2757 est.
1164 2694 1298 2757 Iam
1337 2710 1480 2757 vero
1513 2690 1590 2755 A.
1615 2690 1898 2771 loquitur
1928 2688 2000 2754 de
2040 2688 2244 2752 dubio.

857 2792 1018 2865 218.
1053 2794 1191 2860 Non
1225 2813 1371 2880 ergo
1406 2793 1717 2858 contraria
1755 2792 1901 2855 huic
1924 2791 2239 2856 doctrinae
2257 2793 2352 2855 est
2374 2793 2679 2857 sententia
2706 2790 2952 2866 Suarez,
2980 2795 3233 2875 quando

761 2897 839 2960 de
877 2897 1128 2961 Poenit.
1156 2898 1310 2980 disp.
1348 2898 1452 2960 22.
1480 2896 1626 2960 sect.
1662 2896 1722 2957 9.
1753 2914 1813 2957 n.
1835 2895 1894 2956 6.
1922 2894 1995 2958 de
2030 2895 2408 2978 obligatione
2439 2893 2770 2960 confitendi
2800 2896 2950 2959 haee
2982 2898 3236 2962 scribit:

771 3024 809 3059 α
835 3000 1093 3080 Quando
1126 3001 1312 3064 homo
1337 2996 1760 3078 probabiliter
1791 2996 2033 3058 iudicat
2059 3016 2249 3060 unam
2281 3000 2523 3079 partem
2553 3000 2617 3060 et
2647 2997 2721 3061 de
2754 2996 2877 3061 alia
2900 3017 3029 3060 non
3054 2996 3243 3062 habet

766 3103 1071 3167 iudicium
1088 3100 1437 3182 probabile,
1478 3098 1583 3164 sed
1630 3098 2044 3181 suspicionem
2093 3098 2368 3181 aliquam
2406 3099 2503 3163 vel
2552 3100 2839 3163 timorem
2877 3103 2991 3164 aut
3023 3101 3240 3166 formi-

767 3206 1006 3282 dinem;
1053 3207 1205 3268 tunc
1249 3223 1371 3268 non
1410 3204 1504 3267 est
1550 3201 1829 3278 dubium,
1864 3201 2014 3284 quin
2046 3202 2231 3266 homo
2270 3202 2469 3285 possit
2507 3202 2603 3266 vel
2650 3201 2869 3267 debeat
2899 3205 3077 3286 sequi
3110 3206 3238 3269 tale

769 3309 1109 3384 iudicium;
1143 3308 1236 3372 ita
1262 3309 1333 3371 ut
1371 3306 1424 3371 si
1457 3306 1685 3370 iudicet
1716 3304 2123 3389 probabiliter
2160 3324 2223 3369 se
2260 3323 2540 3387 peccasse
2570 3305 2923 3370 mortaliter
2954 3308 3052 3371 vel
3088 3328 3241 3372 nun-

768 3429 959 3491 quam
1006 3409 1352 3474 confessum
1400 3428 1530 3473 esse
1564 3408 1691 3472 tale
1722 3410 2065 3491 peecatum,
2102 3408 2388 3473 teneatur
2418 3407 2576 3471 illud
2606 3407 2885 3472 confiteri
2917 3412 2979 3473 et
3027 3429 3059 3474 e
3101 3429 3242 3475 eon-

768 3529 946 3574 verso
986 3511 1038 3573 si
1071 3510 1425 3593 oppositum
1449 3509 1702 3586 iudicat,
1739 3513 2101 3575 exoneretur
2132 3511 2246 3574 tali
2281 3510 2680 3594 obligatione.
2714 3510 2903 3576 Ratio
2928 3514 3023 3576 est
3047 3533 3239 3596 supra

767 3612 969 3684 tacta;
996 3611 1142 3691 quia
1181 3611 1305 3674 tale
1336 3610 1634 3675 iudicium
1672 3615 1767 3675 est
1791 3612 2100 3676 sufficiens
2134 3613 2206 3677 ad
2247 3612 2653 3696 regulandam
2681 3613 3023 3678 humanam
3046 3615 3243 3679 aetio-

768 3731 935 3776 uem:
964 3732 1110 3775 nam
1133 3732 1204 3777 ex
1236 3713 1365 3790 illc,
1400 3713 1686 3794 quamvis
1709 3715 2087 3796 speculative
2117 3715 2423 3779 incertum
2453 3715 2555 3792 sit,
2584 3715 2903 3800 colligitur
2933 3716 3242 3781 iudicium

767 3817 930 3880 certe
975 3817 1317 3899 practicum
1363 3816 1436 3881 de
1484 3816 1851 3882 rectitudine
1914 3818 2173 3882 actionis
2222 3818 2320 3882 vel
2374 3817 2744 3886 omissionis,
2794 3818 3111 3884 sufficiens
3163 3819 3242 3883 ad

770 3921 1041 3985 actiones
1088 3922 1435 3985 humanas:
1483 3920 1632 4002 quia
1677 3921 1880 3986 maior
1925 3919 2230 3985 certitudo
2281 3920 2648 4004 regulariter
2694 3920 2926 3984 excedit
2964 3921 3243 3986 hominis

771 4042 930 4087 Vires
977 4049 1038 4086 ».

861 4125 1073 4206 Neque
1106 4121 1416 4189 contraria
1455 4127 1549 4190 est
1582 4125 1863 4189 doctrina
1898 4125 2232 4203 Bonacina,
2267 4125 2373 4207 qui
2407 4124 2480 4186 de
2512 4124 2764 4188 Poe-nit.
2793 4124 2948 4208 disp.
2988 4128 3047 4189 5.
3086 4147 3149 4209 q.
3181 4129 3243 4190 5.

773 4228 919 4290 sect.
956 4229 1015 4290 2.
1056 4229 1266 4310 punct.
1305 4230 1362 4292 2.
1407 4229 1464 4310 ἓ.
1494 4232 1553 4292 3.
1583 4228 1767 4292 diffie.
1797 4229 1857 4291 4.
1887 4247 2028 4312 pag.
2057 4229 2204 4291 ⁶208.
2246 4249 2346 4292 nu.
2375 4229 2435 4291 3.
2473 4231 2532 4292 4.
2569 4228 2901 4310 postquam
2948 4227 3111 4293 dixit
3167 4229 3246 4296 ad

773 4327 1214 4393 confessionem
1263 4329 1440 4392 illum
1473 4330 1667 4394 teneri
1720 4355 1755 4388 «
1790 4331 1982 4393 teneri
2016 4330 2121 4410 qui
2160 4330 2278 4393 scit
2308 4349 2373 4393 se
2410 4332 2730 4412 peecatum
2761 4331 3027 4395 mortale
3076 4351 3248 4396 com-

773 4432 1034 4508 misisse,
1070 4432 1174 4496 sed
1207 4431 1456 4494 dubitat
1501 4452 1578 4495 an
1626 4432 1785 4496 illud
1822 4431 2133 4496 confessus
2167 4433 2251 4496 sit
2296 4432 2395 4497 vel
2433 4435 2630 4504 etc...;
2671 4435 2917 4497 constat
2950 4433 3119 4499 enim
3172 4434 3247 4499 de

776 4533 1155 4616 obligatione
1186 4535 1249 4597 et
1286 4532 1611 4598 dubitatur
1642 4534 1715 4598 de
1748 4533 2219 4610 excusatione»,
2240 4554 2381 4599 mox
2413 4533 2696 4599 subiicit:
2725 4561 2756 4592 «
2775 4533 2946 4614 Quae
2970 4535 3245 4600 dicimus
