3529 5158
326 307 467 384 [593]
853 327 1089 369 nanus
1126 328 1191 368 IN
1230 327 1520 369 1011113113
1558 328 1756 371 causa
1794 330 2280 373 numer-Ancum
2676 321 2784 376 535

325 422 396 487 de
429 423 489 486 6.
522 421 753 488 Praec.
787 444 838 489 c.
877 425 936 489 7.
978 446 1036 507 q.
1087 427 1147 490 9.
1196 445 1353 508 resp.
1404 427 1465 489 2.
1514 425 1705 491 habet
1748 426 2058 492 theoriam
2104 448 2144 492 a
2188 426 2788 500 Salmanticensibus

324 526 651 593 deductam
696 530 761 592 et
797 529 1108 611 supponit,
1149 528 1315 611 quod
1344 527 1651 610 quaedam
1680 548 1871 594 causa
1900 529 2134 612 (utitur
2170 532 2446 614 exemplo
2478 532 2784 599 intuentis

327 629 616 694 obscenas
663 628 965 714 picturas)
997 631 1197 713 possit
1232 629 1353 695 dici
1382 631 1594 715 gravis
1631 633 1915 714 respectu
1958 633 2249 711 11011111110,
2284 634 2392 716 qui
2429 636 2629 700 soleat
2660 656 2793 720 pec-

328 733 468 796 cata
514 751 771 797 venerea
824 733 1003 798 facile
1050 733 1398 812 admittere,
1450 753 1607 815 quae
1668 736 1882 800 tamen
1935 753 2059 800 non
2107 735 2193 799 sit
2235 736 2448 820 gravis
2509 739 2794 820 respectu

331 834 620 911 alterius3
669 834 837 918 quod
881 853 1060 900 nemo
1109 836 1356 902 abnuet.

417 937 590 1003 Haec
635 939 846 1003 autem
877 940 974 1003 est
1004 939 1264 1017 theoria,
1314 959 1505 1022 quam
1543 938 2062 1005 Salmanticenses
2100 942 2313 1005 tenent
2350 941 2510 1006 circa
2550 961 2792 1020 0311030,

329 1059 485 1122 quas
531 1041 848 1124 appellant
892 1039 1132 1105 mdias
1161 1040 1267 1123 (cf.
1301 1043 1517 1108 notam
1548 1042 1628 1105 ad
1658 1062 1718 1106 n.
1754 1043 1937 1126 579.)
1969 1061 2247 1125 quasque
2282 1064 2507 1125 yraves
2538 1045 2795 1110 evadere

326 1142 544 1208 dicunt
574 1144 652 1209 ob
683 1163 940 1226 pravam
971 1143 1439 1227 dispositionem
1487 1143 1755 1209 hominis
1788 1144 2043 1226 eiusque
2072 1145 2537 1211 inclinationem
2573 1148 2648 1210 ad
2688 1167 2795 1218 1(οπ

326 1265 509 1311 110103
538 1246 646 1327 (tr.
683 1247 787 1310 26.
815 1267 866 1311 c.
897 1248 953 1310 7.
981 1267 1041 1310 n.
1070 1247 1206 1329 48.)
1238 1246 1302 1310 et
1332 1246 1421 1311 sic
1457 1247 1664 1329 potest
1695 1265 1828 1310 esse
1865 1265 2064 1323 casus,
2092 1265 2278 1328 quem
2309 1248 2502 1312 etiam
2528 1269 2576 1312 0.
2603 1249 2790 1331 Alph.

324 1349 641 1426 connotat,
690 1349 839 1414 dum
885 1348 1055 1424 dicit,
1104 1346 1520 1412 vehementius
1565 1367 1822 1412 causam
1865 1348 1938 1411 in
1983 1368 2134 1412 casu
2179 1348 2445 1428 influere
2492 1349 2566 1413 ob
2612 1369 2795 1413 suam

310 1470 585 1530 pravam
619 1450 1101 1530 difflositionem.

414 1554 633 1619 Potest
662 1554 917 1636 proinde
949 1575 998 1618 s.
1032 1555 1265 1619 Doctor
1309 1554 1403 1617 ita
1450 1554 1740 1637 intelligi,
1777 1554 1949 1635 quod·
1983 1553 2118 1619 ideo
2165 1555 2376 1638 gravis
2410 1556 2472 1619 in
2512 1575 2660 1619 casu
2707 1555 2795 1618 in-

320 1655 601 1720 tercedat
643 1657 856 1739 culpa;
905 1656 1052 1738 quia
1098 1656 1246 1720 licet
1290 1655 1399 1719 illa
1444 1655 1629 1720 lectio
1664 1655 1735 1717 in
1767 1675 1832 1718 se
1869 1658 2148 1734 spectata
2192 1656 2404 1738 posset
2448 1656 2726 1721 excusari
2757 1677 2796 1723 a

316 1759 505 1842 gravi
550 1759 752 1840 culpa,
792 1776 914 1822 non
948 1758 1156 1820 tamen
1198 1757 1525 1822 excusatur
1558 1775 1595 1819 a
1626 1756 1810 1840 gravi
1853 1758 2036 1840 culpa
2066 1757 2131 1821 in
2163 1776 2255 1834 eo,
2290 1759 2400 1839 qui
2429 1758 2504 1822 ob
2522 1779 2797 1838 pravum

316 1861 611 1923 animum
653 1879 728 1922 ac
775 1858 1074 1922 lascivum
1105 1857 1248 1922 huic
1281 1877 1345 1923 se
1383 1857 1635 1922 lectioni
1672 1858 1948 1941 applicat
1984 1859 2128 1941 (etsi
2163 1879 2284 1925 non
2316 1859 2637 1924 intendens
2670 1860 2799 1942 pol-

314 1961 660 2042 lutionem)
697 1963 761 2024 et
804 1959 1017 2025 exinde
1062 1959 1245 2025 lectio
1294 1959 1378 2024 sit
1423 1978 1611 2024 031103
1642 1978 1749 2043 per
1797 1979 1863 2025 se
1907 1960 2063 2024 satis
2111 1961 2236 2026 imo
2285 1962 2677 2027 vehementer
2705 1962 2796 2027 in-

318 2063 523 2128 fluens
568 2064 633 2127 in
680 2063 1108 2146 pollutionem.
1158 2062 1239 2126 Et
1286 2062 1373 2127 sic
1420 2081 1468 2126 0.
1511 2062 1697 2144 Alph.
1745 2062 1864 2126 sibi
1912 2063 2284 2139 cohaereret,
2344 2064 2667 2146 postulans
2715 2064 2798 2130 ad

321 2164 705 2251 gravitatem
751 2164 987 2249 peccati
1033 2163 1389 2229 huiusmodi
1438 2162 1502 2227 in
1550 2182 1758 2238 causa,
1810 2165 1883 2228 ut
1936 2184 2124 2229 causa
2183 2165 2320 2248 ipsa
2387 2167 2470 2230 sit
2517 2167 2794 2250 graviter

321 2267 493 2333 mala
542 2267 603 2330 111
650 2287 871 2351 genere
917 2266 1217 2331 luxuriae.

411 2369 707 2435 Ceterum
729 2389 841 2433 nec
862 2369 1206 2453 Roncaglia
1240 2389 1348 2434 nec
1378 2367 1898 2434 Salmanticenses
1921 2369 1998 2433 iis
2023 2369 2085 2433 in
2117 2370 2270 2435 locis
2302 2371 2502 2435 ullum
2535 2371 2792 2436 verbum

322 2474 559 2539 habent
592 2472 667 2536 de
702 2471 965 2537 lectione
1013 2472 1291 2553 turpium
1330 2472 1498 2536 facta
1546 2472 1624 2535 ob
1669 2491 1905 2536 meram
1937 2473 2384 2550 curiositatem,
2420 2474 2552 2538 sine
2598 2492 2791 2555 pravo

323 2576 532 2641 animo
581 2575 647 2639 et
690 2574 821 2640 sine
865 2573 1139 2657 periculo
1187 2594 1415 2658 pravae
1460 2574 1909 2640 delectationis
1957 2575 2098 2641 Non
2145 2597 2293 2661 ergo
2341 2579 2454 2654 est,
2488 2597 2598 2645 cur
2630 2577 2793 2643 exhi-

321 2679 590 2743 beantur
634 2680 937 2759 tanquam
985 2664 1255 2759 oppositi
1300 2677 1616 2742 doctrinae
1663 2678 1951 2742 aliorum.

411 2777 591 2852 593.
618 2780 784 2845 Illud
808 2782 1123 2863 praeterea
1151 2780 1613 2857 advertendum,
1642 2779 2159 2846 Salmanticenses
2191 2786 2253 2849 et
2276 2784 2622 2869 Roncaglia
2648 2784 2793 2868 post

323 2903 445 2960 000,
482 2883 707 2947 11311010
754 2881 827 2946 (10
872 2882 1186 2967 gravitate
1222 2882 1321 2946 vel
1366 2884 1624 2947 levitate
1655 2885 1866 2948 reatus
1913 2883 1975 2947 in
2023 2885 2140 2948 hac
2185 2886 2450 2951 materia
2483 2886 2792 2951 theoriam

326 2988 516 3052 aliam
565 2987 642 3050 ab
688 3005 780 3063 ea,
830 3005 1019 3067 quam
1062 2985 1193 3068 ipse
1239 3004 1289 3050 s.
1320 2985 1505 3068 Alph.
1540 2986 1886 3069 adoptavit.
1921 2986 2228 3051 Videlicet
2273 2987 2791 3052 Salmanticenses

324 3092 402 3155 tr.
444 3089 638 3155 schol.
692 3089 795 3153 13.
844 3088 998 3170 disp.
1051 3089 1153 3151 10.
1195 3108 1252 3152 n.
1296 3089 1444 3152 270.
1497 3089 1709 3152 3111111;
1757 3113 1792 3145 «
1826 3089 2167 3152 statuimus
2214 3090 2447 3173 itaque,
2486 3090 2790 3153 iudicium

325 3192 397 3259 de
429 3192 760 3276 praedictis
792 3191 1014 3266 causis,
1049 3192 1357 3272 quantum
1395 3190 1473 3254 ad
1510 3191 1890 3274 gravitatem
1922 3191 2020 3254 vel
2057 3190 2379 3255 levitatem
2412 3190 2790 3273 proindeque

329 3294 636 3375 quantum
681 3293 757 3358 ad
806 3292 1286 3376 prohibitionem
1333 3293 1446 3357 sub
1494 3295 1743 3375 pecca-to
1793 3291 2018 3355 veniali
2065 3293 2163 3355 vel
2210 3292 2463 3356 mortali
2519 3293 2618 3355 vel
2673 3292 2788 3359 sub

328 3396 503 3463 nullo
536 3395 697 3460 intra
734 3413 931 3479 genus
966 3393 1268 3470 luxuriae,
1304 3394 1552 3458 omnino
1590 3394 1909 3458 ferendum
1956 3413 2085 3459 esse
2134 3393 2349 3459 habito
2396 3395 2680 3478 respectu
2711 3393 2790 3457 ad

326 3497 645 3577 inflatum
687 3496 1014 3569 actualem,
1063 3496 1171 3577 qui
1219 3496 1292 3560 de
1338 3495 1503 3561 facto
1536 3497 1717 3560 detur
1763 3497 1863 3560 vel
1908 3496 2241 3579 prudenter
2278 3497 2483 3562 timeri
2531 3497 2786 3562 debeat:

326 3600 636 3683 quidquid
676 3601 765 3664 sit
805 3599 880 3663 de
926 3599 1155 3662 virtute
1200 3602 1263 3662 et
1306 3602 1537 3662 natura
1575 3619 1799 3663 causae
1823 3623 1884 3661 11.
1920 3599 1968 3661 Ε
2002 3600 2312 3664 contrario
2347 3620 2394 3664 s.
2429 3600 2614 3683 Alph.
2649 3619 2792 3667 cum

324 3703 639 3769 communi
685 3705 748 3767 et
784 3701 1183 3786 probabiliori
1216 3702 1353 3765 DD.
1388 3702 1693 3766 sententia
1726 3702 2056 3778 statuerat,
2109 3692 2185 3765 ad
2232 3704 2610 3786 gravitatem
2650 3722 2793 3767 cau·

322 3808 594 3873 salitatis
640 3806 891 3888 requiri,
925 3807 1001 3869 ut
1030 3824 1219 3869 causa
1249 3804 1313 3868 in
1346 3824 1410 3868 se
1443 3804 1525 3867 sit
1571 3805 1848 3888 graviter
1893 3804 2059 3868 mala
2099 3804 2162 3867 111
2209 3822 2429 3887 genere
2470 3804 2785 3877 luxuriae,

322 3930 392 3976 eo
423 3910 591 3992 quod
628 3909 880 3973 effectus
914 3909 977 3971 111
1008 3926 1198 3972 031103
1246 3906 1478 3970 volitus
1511 3925 1582 3970 00
1614 3907 1817 3990 gradu
1863 3907 2066 3970 malus
2114 3906 2228 3980 est,
2279 3924 2400 3986 quo
2434 3904 2568 3987 ipsa
2601 3924 2790 3970 causa

321 4014 419 4079 eet
459 4012 652 4076 mala.

406 4114 740 4180 Praeterea
783 4112 972 4175 iidem
1020 4109 1538 4176 Salmanticenses
1584 4112 1626 4175 l.
1660 4130 1711 4174 c.
1762 4130 1821 4173 11.
1859 4111 2007 4173 274.
2043 4111 2116 4175 de
2154 4110 2358 4175 causis
2406 4129 2518 4173 sua
2565 4113 2792 4175 natura

320 4217 563 4281 levibus
611 4215 1011 4297 scripserant:
1054 4239 1087 4271 «
1126 4212 1505 4277 Huiusmodi
1552 4214 1615 4276 et
1662 4211 1896 4276 similes
1943 4232 2165 4276 causae
2211 4214 2438 4277 natura
2478 4234 2590 4277 sua
2638 4213 2793 4278 adeo

322 4318 635 4383 modicam
666 4317 795 4381 vim
818 4315 1051 4380 habent
1075 4314 1152 4379 ad
1176 4315 1638 4380 immutandum
1661 4333 1886 4398 corpus
1917 4314 2358 4397 libidinemque
2381 4316 2790 4394 excitandam,

322 4422 395 4484 ut
431 4420 646 4484 nullus
692 4418 945 4482 effectus
993 4435 1287 4481 venereus
1334 4419 1545 4501 gravis
1594 4417 1793 4500 possit
1839 4417 1903 4480 in
1952 4418 2092 4480 illas
2140 4418 2515 4485 sufficienter
2562 4421 2789 4485 reduci.

329 4520 444 4586 Sed
477 4522 531 4585 si
564 4519 897 4601 aliquando
929 4518 1195 4601 poUutio
1229 4521 1342 4581 aut
1372 4519 1701 4583 delectatio
1728 4538 1982 4583 venerea
2021 4518 2111 4600 (in
2144 4521 2355 4603 sensu)
2386 4523 2596 4605 gravis
2630 4523 2800 4607 ipsas
