3529 5158
345 386 483 461 [197]
918 400 1069 447 Qum
1107 400 1160 441 01
1199 400 1408 442 omnio
1445 401 1539 442 srr
1575 402 1782 443 numo
1820 402 2230 445 Paouamuoa
2684 389 2790 445 231

343 497 524 580 paulo
573 497 973 579 probabilior,
1007 496 1136 561 sive
1183 497 1283 577 (eo
1330 496 1494 578 quod
1545 517 1764 579 parum
1814 519 1924 581 pro
1972 499 2166 563 nihilo
2216 502 2571 582 reputatur>
2611 520 2802 582 aeque

343 599 711 683 probabilis:
763 599 823 662 id
873 600 1149 663 affirmas
1197 599 1295 664 vel
1340 600 1487 680 quia
1534 618 1742 663 censes
1790 601 1854 664 in
1913 601 2026 664 tali
2080 601 2371 666 conflictu
2419 603 2798 684 opinionum,

341 723 458 769 non
505 723 755 768 manere
803 704 1073 786 amplius
1107 703 1383 785 opinioni
1426 704 1633 768 minus
1671 706 1977 786 probabili
2021 725 2226 770 veram
2276 707 2801 788 probabilitatem,

345 808 438 871 vel
483 807 632 887 quia
679 808 865 888 putas
897 807 959 870 in
1007 807 1123 870 hac
1154 807 1286 889 ipsa
1320 807 1646 891 hypothesi
1686 826 1807 872 non
1842 828 2019 891 posse
2067 810 2344 873 animum
2382 830 2453 874 ex
2493 810 2805 891 principiis

343 909 580 982 reflexis
626 908 951 973 efformare
983 909 1100 971 sibi
1146 909 1584 973 conscientiam
1632 911 1886 984 certam,
1938 912 2034 975 vel
2081 911 2227 992 quia
2276 912 2490 983 credis,
2540 931 2610 976 ex
2658 911 2806 976 solis

345 1012 659 1095 principiis
692 1010 941 1074 directis
967 1030 1075 1074 seu
1099 1031 1168 1074 ex
1195 1012 1458 1093 propriis
1490 1013 1577 1075 rei
1616 1013 1963 1076 intrinsecis
1996 1014 2342 1077 rationibus
2375 1014 2807 1078 certitudinem

344 1113 689 1179 honestatis
713 1114 976 1177 actionis
1015 1114 1340 1195 petendam
1372 1133 1521 1178 esse.
1557 1115 1753 1195 Atqui
1778 1115 1832 1178 si
1854 1116 2124 1196 primum
2162 1116 2333 1191 dicis,
2364 1117 2611 1200 vagaris
2634 1118 2805 1180 extra

343 1217 790 1300 quaestionem,
832 1235 1062 1299 negans
1093 1217 1227 1279 eius
1273 1217 1664 1300 hypothesim
1712 1218 1776 1280 et
1823 1217 1939 1281 sub
1984 1220 2230 1281 nomine
2269 1218 2576 1299 opinionis
2604 1218 2808 1282 multo

343 1318 778 1403 probabilioris
803 1317 1040 1399 aliquid
1064 1318 1233 1380 aliud
1269 1337 1480 1401 reapse
1502 1318 1822 1402 intelligis,
1858 1320 2229 1383 seutentiam
2262 1320 2497 1385 scilicet
2527 1320 2810 1384 absolute

344 1420 908 1505 probabilissimam
939 1439 1048 1484 seu
1085 1420 1407 1485 moraliter
1437 1423 1689 1485 certam.
1726 1420 1791 1485 Si
1824 1423 2037 1485 autem
2068 1441 2321 1486 manens
2360 1423 2423 1486 in
2459 1422 2808 1506 hypothesi,

346 1524 511 1605 quod
561 1523 770 1606 opinio
818 1522 1024 1587 minus
1057 1523 1393 1604 probabilis
1441 1523 1524 1588 sit
1573 1523 1772 1588 adhuc
1813 1544 1953 1588 vere
2001 1525 2356 1606 probabilis,
2407 1525 2681 1589 affirmas
2728 1525 2814 1587 al-

352 1629 580 1701 terum,
613 1626 677 1690 id
724 1625 1000 1689 affirmas
1033 1623 1198 1706 quod
1244 1625 1571 1689 manifeste
1617 1626 1845 1689 falsum
1895 1628 2016 1696 est:
2076 1628 2281 1691 stante
2319 1626 2483 1690 enim
2514 1645 2586 1690 ea
2624 1626 2815 1708 hypo-

346 1730 505 1794 thesi
532 1729 633 1793 1οι
665 1747 806 1793 vere
829 1744 950 1792 non
977 1730 1073 1791 est
1093 1730 1292 1792 certa:
1327 1747 1509 1810 porro
1535 1730 1774 1792 eertum
1808 1728 2177 1810 principium
2210 1732 2304 1792 est
2335 1729 2536 1811 legem
2560 1727 2812 1792 dubiam

349 1850 465 1895 non
515 1830 828 1913 obligare;
870 1849 942 1894 ex
972 1830 1089 1893 hoc
1135 1848 1282 1913 ergo
1330 1829 1630 1912 principio
1664 1832 1871 1912 potest
1902 1830 2043 1910 quis
2080 1832 2313 1894 certam
2361 1830 2479 1894 sibi
2512 1830 2817 1894 conscien-

346 1933 499 1995 tiam
547 1932 891 2008 efformare,
932 1931 1115 1994 licere
1147 1930 1264 1995 sibi
1315 1950 1498 2013 agere
1544 1950 1719 1996 secus
1764 1950 1839 1994 ac
1884 1930 1996 1995 illa
2025 1930 2121 1994 lex
2154 1930 2342 1995 dubia
2376 1932 2692 1995 decernere
2729 1931 2816 1994 vi-

347 2034 546 2099 detur.
581 2032 648 2097 Si
674 2033 923 2098 tandem
958 2034 1212 2098 tertium
1237 2033 1408 2107 dicis,
1436 2033 1655 2098 incidis
1678 2033 1742 2098 in
1768 2033 1925 2097 illud
1949 2033 2306 2109 absurdum,
2341 2034 2507 2115 quod
2532 2033 2814 2115 superius

348 2137 410 2201 in
449 2135 971 2218 probabilioristis
1009 2136 1410 2218 reprobatum
1441 2137 1556 2200 est.
1593 2157 1652 2199 n.
1695 2136 1840 2199 171.
1876 2154 2043 2217 seqq.

435 2238 766 2302 Praeterea
804 2239 1053 2302 attende
1084 2238 1390 2303 rationem
1421 2238 1728 2319 quintam,
1755 2258 1943 2319 quam
1977 2238 2199 2302 attulit
2236 2256 2284 2301 s.
2316 2237 2673 2319 Alphonsus
2705 2256 2815 2318 pro

350 2342 656 2405 sententia
681 2340 980 2425 benigna3
1017 2340 1164 2422 quia
1189 2340 1491 2425 obligatio
1525 2339 1819 2422 sequendi
1844 2338 2261 2422 probabiliora
2286 2339 2340 2403 si
2371 2338 2631 2413 adesset,
2656 2338 2819 2402 esset

349 2444 639 2508 humanis
673 2443 908 2507 viribus
940 2444 1163 2526 impar.
1203 2441 1267 2507 Si
1301 2444 1392 2506 ita
1425 2443 1604 2518 esset,
1643 2443 1734 2506 ait
1773 2462 1822 2506 s.
1859 2443 2125 2507 Doctor:
2167 2466 2202 2499 ⁴<
2240 2444 2590 2507 teneremur
2622 2440 2819 2521 inqui-

352 2566 480 2611 rere
517 2545 581 2610 in
630 2545 1022 2630 opinionibus
1059 2545 1266 2610 minus
1314 2545 1498 2610 certis
1536 2545 1712 2610 illam
1775 2543 2115 2611 notabilem
2176 2541 2814 2627 praeponderantiam,

350 2669 540 2731 quam
572 2648 771 2731 aliqui
815 2669 885 2712 ex
933 2648 1301 2713 adversariis
1340 2648 1627 2732 exigunt:
1671 2647 1833 2712 unde
1867 2649 2215 2711 teneremur
2248 2646 2419 2729 prius
2450 2645 2817 2729 perpendere

353 2772 563 2817 omnes
589 2752 861 2816 rationes
887 2751 1252 2816 intrinsecas
1269 2751 1567 2833 cuiusque
1593 2750 1920 2833 opinioniS,
1941 2751 2092 2814 item
2115 2749 2388 2814 conferre
2414 2749 2822 2814 auctoritates

353 2856 698 2920 Doctorum
729 2855 894 2919 inter
924 2874 988 2918 se
1018 2854 1313 2928 diversas,
1354 2853 1507 2917 item
1551 2853 1825 2917 conferre
1852 2852 2124 2916 rationes
2156 2851 2335 2916 nobis
2374 2850 2820 2933 probabiliores

352 2977 495 3021 cum
542 2955 1027 3020 auctoritatibus
1067 2955 1398 3019 aliorum...
1457 2955 1522 3017 et
1567 2955 1653 3019 310
1700 2954 1917 3018 deinde
1964 2953 2173 3018 omnia
2221 2953 2503 3017 librando
2551 2952 2820 3017 formare

353 3060 713 3123 deberemus
759 3058 1076 3134 iudicium,
1120 3058 1276 3121 hanc
1309 3057 1405 3120 vel
1453 3057 1628 3120 illam
1678 3057 2029 3138 opinionem
2063 3075 2193 3118 esse
2226 3055 2402 3118 nobis
2450 3054 2822 3134 probabilio-

355 3182 482 3226 rem
514 3162 579 3225 et
610 3162 836 3224 tutam.
872 3161 958 3223 At
994 3159 1134 3241 quis
1171 3178 1295 3223 non
1329 3158 1515 3232 videt,
1552 3159 1666 3222 hoc
1700 3177 1831 3220 esse
1865 3174 2021 3220 onus
2055 3154 2375 3218 moraliter
2409 3153 2817 3222 intolerabile,

355 3265 574 3345 utpote
619 3261 957 3326 innumeris
1006 3261 1313 3343 scrupulis
1355 3258 1868 3342 perplexitatibus
1915 3259 1979 3319 et
2011 3254 2300 3337 periculis
2347 3253 2592 3316 errandi
2639 3252 2824 3317 obno—

359 3367 573 3430 xium?
603 3390 640 3423 »
685 3365 822 3428 Iam
863 3382 1004 3427 vero
1051 3364 1253 3427 simile
1300 3361 1738 3444 argumentum
1788 3355 2262 3422 instaurandum
2294 3357 2407 3432 est,
2443 3355 2493 3418 si
2533 3373 2655 3419 non
2678 3353 2824 3417 licet

359 3469 532 3550 sequi
576 3467 928 3550 opinionem
969 3486 1107 3530 vere
1153 3464 1536 3548 probabilem
1583 3480 1692 3545 pro
1739 3461 2048 3534 libertate,
2084 3459 2205 3524 nisi
2250 3459 2333 3523 sit
2381 3477 2574 3540 aeque
2610 3457 2828 3540 proba-

361 3571 501 3636 bilis
533 3590 605 3635 ac
639 3569 837 3634 altera
867 3587 978 3651 pro
1024 3569 1180 3651 lege.
1215 3564 1540 3649 Oportebit
1573 3564 1810 3628 scilicet
1855 3562 2383 3644 comparationem
2423 3561 2709 3626 accurate
2740 3559 2829 3623 in-

360 3675 618 3738 stituere
655 3671 1070 3735 differentium
1120 3668 1500 3752 opinionum.
1541 3666 1908 3749 perpendere
1947 3663 2177 3748 gradus
2216 3663 2678 3747 probabilitatis
2710 3662 2829 3725 sin-

362 3775 653 3859 gularum
686 3772 816 3837 sive
855 3773 1220 3836 intrinsecae
1268 3771 1397 3835 sive
1443 3770 1838 3844 extrinsecae,
1888 3787 2066 3832 nosse
2111 3768 2385 3849 quantus
2433 3766 2652 3829 debeat
2699 3782 2829 3827 esse

361 3897 659 3950 excessus,
711 3878 786 3938 ut
822 3875 943 3938 dici
981 3875 1179 3957 possit
1217 3874 1413 3937 altera
1461 3892 1590 3936 esse
1630 3872 1834 3935 multo
1884 3871 2281 3953 probabilior.
2330 3869 2527 3948 Atqui
2571 3868 2687 3930 1100
2735 3871 2829 3930 est

366 4000 519 4045 onus
550 3978 880 4045 moraliter
915 3975 1325 4041 intolerabile.
1360 3975 1707 4039 Teneamus
1734 3993 1904 4058 ergo,
1945 3972 2109 4054 quod
2143 3969 2489 4035 communis
2523 3968 2828 4032 sententia

363 4085 490 4148 tam
523 4084 678 4148 bene
714 4101 750 4144 a
783 4100 830 4143 s.
865 4080 1184 4162 Alphonso
1212 4080 1603 4161 propugnata
1637 4077 1842 4140 docet:
1887 4076 2041 4139 satis
2075 4094 2222 4150 esse,
2275 4074 2326 4136 si
2365 4071 2550 4135 alicui
2588 4072 2833 4134 constet

361 4185 737 4251 sententiam
788 4181 1062 4262 aliquam
1110 4200 1241 4245 esse
1301 4199 1440 4243 vere
1501 4177 1904 4261 probabilem,
1942 4178 2015 4239 ut
2074 4175 2409 4240 secundum
2464 4193 2599 4239 eam
2649 4193 2829 4258 agere

357 4289 571 4373 possit.
625 4285 770 4350 Hoc
816 4285 1088 4366 systema
1121 4281 1526 4345 scientificum
1565 4282 1677 4355 est,
1714 4281 1899 4343 certis
1933 4279 2212 4342 innixum
2244 4277 2560 4361 principiis
2591 4277 2831 4358 sibique

351 4412 594 4478 semper
642 4389 850 4472 logice
894 4387 1257 4451 cohaerens:
1309 4387 1361 4449 si
1410 4387 1650 4467 partem
1692 4383 1888 4448 demis
1936 4387 2047 4446 aut
2082 4382 2270 4447 aliam
2310 4382 2663 4456 substituiS,
2705 4400 2833 4462 pes-

349 4496 612 4562 sumdas
646 4491 884 4555 totum.
