3529 5158
664 304 771 358 282
1204 309 1416 352 macr.
1456 310 1545 349 111.
1585 310 1670 350 m:
1707 308 1985 350 amoinus.
2027 307 2225 350 cAPn‘r
2264 310 2303 349 1.
2346 307 2488 350 nun.
2530 307 2594 345 11.
2995 293 3139 369 [253]

665 432 850 495 quem
876 410 1083 485 habet,
1127 407 1203 471 ad
1228 408 1431 471 Deum
1462 406 1615 482 scil,
1659 405 1735 468 ad
1760 424 1825 468 se
1849 405 2055 488 ipsum
2079 407 2142 469 et
2175 404 2251 469 ad
2278 405 2649 489 proximum.
2679 403 2927 486 Reliqui
2962 407 3138 470 actus

667 513 812 579 boni
844 513 968 597 legi
1005 513 1268 575 naturae
1286 509 1551 573 subsunt
1583 507 1806 584 solum,
1826 509 2132 589 quatenus
2156 527 2297 572 cum
2331 526 2403 571 ea
2427 508 2781 591 congruunt
2804 509 2869 570 et
2893 507 2971 571 ab
3002 507 3139 591 ipsa

667 614 1247 680 commensurantur
1279 613 1342 675 et
1386 611 1754 695 probantur:
1806 611 2161 673 necessaria
2194 611 2405 673 autem
2452 608 2587 672 fieri
2626 609 2890 690 possunt
2936 610 3139 674 solum

670 737 740 781 ex
788 718 923 801 lege
971 715 1261 799 positiva.

757 818 1083 883 Obiectum
1131 834 1277 880 vero
1308 813 1572 894 formale
1597 833 1719 878 non
1753 814 1849 878 est
1885 814 2133 895 quidem
2171 815 2233 877 in
2270 813 2695 878 convenientia
2735 833 2877 876 cum
2914 814 3137 878 natura

671 920 985 998 rationali,
1042 938 1164 984 non
1209 919 1273 982 in
1321 918 1691 1001 perfectione
1738 916 1935 980 eidem
1982 919 2244 981 naturae
2291 916 2517 992 debita,
2568 935 2727 998 quae
2774 914 2910 980 ideo
2959 935 3140 997 quae.-

670 1023 858 1088 renda
899 1024 1000 1097 sit,
1035 1041 1156 1086 non
1194 1021 1259 1084 in
1291 1020 1656 1085 necessitate
1690 1018 1961 1100 quadam
1995 1021 2107 1082 aut
2138 1019 2565 1083 convenientia
2597 1038 2739 1082 cum
2771 1017 2934 1082 felici
2965 1020 3138 1082 statu

668 1127 936 1189 naturae
974 1125 1284 1188 humanae
1334 1123 1462 1186 sive
1509 1122 1573 1185 in
1617 1120 1954 1185 individuis
1993 1122 2122 1185 sive
2160 1121 2224 1184 in
2258 1121 2584 1194 societate;
2636 1119 2741 1184 sed
2786 1121 2852 1183 in
2897 1122 3140 1184 ratione

659 1226 984 1306 praecepti
1012 1246 1052 1287 a
1084 1223 1222 1288 Deo
1260 1222 1614 1287 hominibus
1653 1224 1929 1302 ‘immeriti
1946 1243 1967 1285 .·
1994 1223 2144 1287 adeo
2178 1225 2253 1286 ut
2290 1223 2598 1287 dictamen
2637 1223 2898 1287 rationis
2930 1223 3141 1287 haberi

673 1329 895 1392 debeat
930 1327 1026 1391 uti
1063 1327 1487 1411 promulgatio
1539 1326 1786 1390 divinae
1834 1325 2262 1398 ordinationis,
2315 1344 2423 1388 seu
2470 1325 2720 1410 signum
2766 1325 3010 1390 divinae
3040 1344 3144 1390 vo-

673 1430 937 1496 luntatis
987 1430 1100 1493 aut
1145 1429 1574 1512 praecipientis
1611 1430 1723 1493 aut
1751 1428 2044 1493 vetantis.
2092 1427 2269 1492 Unde
2318 1427 2474 1492 illud
2514 1447 2562 1491 s.
2594 1428 2876 1492 AnseLmi
2922 1427 2995 1492 de
3041 1446 3146 1492 vo-

673 1534 918 1598 luntate
965 1533 1122 1597 Dei:
1171 1557 1204 1590 «
1252 1531 1637 1613 Quicumque
1683 1531 1810 1615 legi
1856 1530 2131 1594 naturali
2165 1531 2395 1606 obviat,
2445 1530 2562 1594 Dei
2598 1529 2991 1594 voluntatem
3019 1550 3144 1595 non

670 1637 880 1701 servat
917 1663 977 1699 ».

764 1739 929 1802 Bene
976 1738 1048 1802 de
1096 1738 1211 1802 hac
1256 1757 1322 1801 re
1386 1736 1698 1801 Schwartz
1763 1736 2053 1820 Ignatius
2110 1735 2553 1799 Institutiones
2598 1736 2714 1798 etc.
2761 1752 2905 1818 pag.
2958 1733 3143 1797 164.:

682 1866 717 1900 «
749 1841 976 1906 Forma
1026 1860 1134 1904 seu
1174 1840 1482 1904 obiectum
1516 1839 1776 1904 formale
1806 1838 1967 1902 iuris
1996 1839 2259 1902 naturae
2298 1837 2585 1904 consistit
2614 1838 2679 1901 in
2713 1836 3148 1902 conformitate

675 1943 1119 2026 principiorum
1166 1962 1306 2006 cum
1345 1943 1480 2026 lege
1517 1942 1631 2006 Dei
1672 1960 1784 2005 ceu
1821 1961 1961 2004 cum
2011 1960 2230 2005 norma
2266 1940 2623 2016 universali,
2663 1959 2772 2022 per
2816 1957 3005 2021 quam
3053 1958 3146 2014 ea,

676 2063 836 2127 quae
867 2047 1129 2108 naturae
1174 2047 1323 2109 sunt
1369 2063 1666 2129 congrua,
1707 2044 1806 2107 vel
1844 2043 2111 2120 dissona,
2147 2044 2315 2107 fiunt
2350 2042 2697 2107 formaliter
2728 2041 2989 2105 honesta
3034 2043 3151 2105 aut

675 2148 1064 2212 inhonesta...
1107 2147 1436 2211 Dictamen
1485 2166 1631 2232 ergo
1672 2145 2082 2210 conscientiae
2138 2146 2234 2209 est
2295 2145 2772 2210 constitutivum
2821 2143 3150 2208 essentiale

675 2249 829 2314 iuris
866 2250 1147 2326 naturae,
1182 2252 1489 2331 quatenus
1528 2248 1951 2333 promulgatio
1986 2249 2082 2312 est
2111 2248 2272 2332 legis
2310 2248 2556 2312 divinae
2587 2249 2651 2311 et
2683 2247 2772 2311 sic
2799 2242 2928 2311 vi'm
2958 2246 3150 2311 habet

675 2354 1050 2436 completam
1082 2352 1400 2438 obligandi
1437 2378 1498 2416 ».

786 2487 916 2540 Vlll.
940 2488 1114 2551 Porro,
1146 2488 1391 2552 quomodo
1432 2493 1690 2552 praecepta
1720 2486 1933 2553 positiva
1964 2485 2147 2539 mutari
2173 2500 2229 2539 ac
2259 2486 2443 2539 variari
2484 2485 2673 2553 possint
2699 2500 2753 2539 ac
2780 2488 2987 2549 soleant,
3014 2494 3150 2539 natu·

677 2569 796 2625 ralia
823 2586 941 2624 vero
962 2585 1155 2636 semper
1176 2578 1417 2637 maneant,
1439 2570 1553 2623 vide
1573 2572 1701 2637 apud
1723 2570 2058 2625 scholasticos
2078 2579 2128 2625 et
2147 2572 2282 2625 Less.
2306 2573 2337 2624 l.
2352 2574 2400 2625 2.
2421 2568 2487 2625 de
2507 2573 2641 2626 Iure
2660 2575 2711 2625 et
2733 2572 2863 2626 lust.
2885 2586 2930 2625 c.
2951 2574 3004 2625 2.
3024 2573 3075 2625 d.
3098 2573 3149 2628 2.

768 2680 951 2753 252.
986 2683 1267 2748 Positiva
1313 2685 1410 2748 lex
1443 2685 1540 2748 vel
1581 2686 1830 2749 omnino
1874 2686 1971 2749 vel
2010 2705 2080 2750 ex
2129 2688 2303 2768 parte
2352 2686 2491 2751 tolli
2537 2688 2762 2770 potest,
2812 2688 2960 2770 quia
3007 2688 3149 2752 finis

677 2786 873 2869 ipsius
904 2785 1003 2849 vel
1041 2785 1323 2849 totaliter
1355 2786 1451 2849 vel
1475 2786 1825 2868 partialiter
1857 2789 2064 2870 potest
2095 2808 2350 2853 cessare.
2387 2787 2485 2852 Sic
2515 2809 2573 2852 v.
2609 2810 2670 2874 g.
2706 2789 2910 2872 quoad
2939 2790 3147 2875 legem

679 2887 1134 2970 disciplinarem
1157 2886 1517 2951 abstinendi
1537 2909 1578 2951 α
1608 2890 1917 2969 sanquine
1956 2893 2017 2952 et
2050 2889 2366 2968 suffocato,

767 2989 1000 3055 Verum
1039 3011 1178 3054 cum
1219 2991 1530 3055 obiectum
1575 2991 1731 3075 legis
1766 2993 2072 3057 naturalis
2110 3013 2306 3075 neque
2346 3014 2415 3058 ex
2452 2998 2626 3077 parte
2661 3014 2855 3076 neque
2886 3015 2957 3059 ex
3008 2996 3146 3060 toto

679 3094 875 3177 possit
922 3093 1177 3157 evadere
1225 3095 1336 3157 aut
1383 3095 1641 3157 noxium
1688 3096 1800 3158 aut
1836 3095 2081 3170 *inedila
2131 3116 2288 3178 quae
2344 3099 2492 3160 sunt
2538 3096 2694 3161 duae
2741 3116 2986 3174 causae,
3038 3116 3149 3161 cur

679 3199 792 3261 aut
837 3197 1081 3279 penitus
1117 3196 1470 3281 abroganda
1505 3198 1589 3260 sit
1624 3198 1721 3261 lex
1761 3198 1874 3261 aut
1905 3200 1958 3262 ei
1995 3218 2065 3263 ex
2097 3200 2271 3283 parte
2305 3199 2753 3283 derogandum:
2796 3199 2937 3263 hinc
2969 3200 3145 3264 nulla

679 3302 921 3383 proprie
971 3301 1134 3364 dicta
1181 3301 1451 3365 mutatio
1499 3302 1560 3364 in
1609 3300 1745 3385 lege
1793 3302 2070 3366 naturali
2114 3301 2368 3384 reperiri
2429 3304 2653 3384 potest,
2711 3302 2936 3384 quippe
2987 3319 3148 3384 quae

679 3404 963 3467 versatur
995 3403 1155 3466 circa
1188 3422 1278 3477 ea,
1320 3423 1477 3485 quae
1510 3404 1838 3468 intrinsece
1877 3406 2024 3468 sunt
2055 3404 2215 3474 bona
2250 3405 2361 3467 aut
2398 3405 2587 3467 mala.
2621 3403 2897 3467 Mutatio
2928 3403 3149 3468 haberi

679 3506 885 3587 potest
911 3505 1112 3568 solum
1151 3506 1214 3567 in
1247 3506 1510 3569 materia
1545 3506 1739 3589 ipsius
1772 3506 1947 3590 legis.

785 3653 872 3705 ΙΧ.
900 3656 1043 3719 Hesp.
1073 3654 1121 3704 2.
1149 3660 1459 3720 praeceptum
1488 3654 1755 3719 positivum
1783 3654 2022 3707 dividitur
2047 3655 2096 3707 in
2119 3662 2427 3721 praeceptum
2454 3655 2578 3709 iuris
2605 3656 2776 3721 divini,
2799 3659 2931 3722 quod
2954 3657 3149 3711 scilicet

680 3751 705 3789 a
735 3738 839 3790 Deo
867 3735 1095 3789 traditum
1122 3744 1262 3791 estet
1282 3738 1331 3791 iu
1356 3738 1479 3791 iuris
1508 3739 1721 3797 humani,
1754 3740 1881 3803 quod
1912 3743 1973 3791 ab
2002 3739 2211 3793 homine.
2246 3738 2512 3792 positivum
2554 3740 2772 3793 divinum
2813 3740 3060 3795 dividitur
3098 3741 3147 3793 in

680 3828 933 3888 praecepta
963 3820 1162 3874 Veteris
1187 3828 1234 3874 et
1260 3823 1428 3875 Novae
1457 3823 1612 3885 Legis.
1641 3826 1740 3876 Lex
1774 3830 1915 3875 vetus
1940 3824 2218 3877 continebat
2248 3833 2499 3891 praecepta
2542 3825 2760 3885 moralia,
2791 3826 3149 3879 ceremonialia

679 3915 727 3960 et
761 3906 1024 3969 iudicialis,
1052 3909 1111 3959 de
1137 3906 1314 3972 quibus
1356 3908 1454 3960 vid.
1484 3924 1522 3960 s,
1545 3911 1641 3960 Th.
1671 3910 1710 3960 Ι.
1733 3912 1781 3960 2.
1804 3924 1849 3972 q.
1880 3910 1991 3960 ¹03.
2027 3911 2124 3961 Lex
2154 3923 2280 3960 nova
2308 3909 2523 3963 continet
2552 3918 2805 3976 praecepta
2846 3919 3143 3977 supernatu-

678 3991 795 4045 ralia
831 3989 944 4043 fidei
980 3997 1028 4042 et
1066 3998 1498 4044 sacramentorum.
1527 3990 1800 4044 Positivum
1827 3996 2093 4045 humanum
2120 3992 2360 4046 dividitur
2392 3994 2442 4047 in
2478 4001 2793 4061 praeceptum
2828 3993 2957 4048 iuris
2987 3997 3153 4050 Eccle-

679 4076 861 4130 siastici
888 4076 992 4129 sive
1016 4074 1268 4142 Canonici,
1297 4079 1426 4141 quod
1459 4076 1748 4130 anctoritate
1789 4077 2034 4130 Ecclesiae
2074 4078 2260 4132 scilicet
2298 4078 2485 4132 Summi
2524 4078 2771 4132 pontificis
2810 4085 2895 4132 aut
2932 4078 3151 4133 Concilii

680 4168 913 4215 statutum
952 4169 1026 4213 est
1063 4169 1111 4213 et
1151 4162 1276 4214 luris
1312 4161 1488 4214 Civilis
1527 4177 1611 4215 seu
1654 4161 1864 4227 Pontici,
1913 4165 2040 4229 quod
2085 4166 2313 4216 {undatur
2352 4163 2400 4215 in
2442 4169 2681 4229 potestate
2721 4164 2945 4216 seculari.

768 4270 946 4343 253.
996 4274 1234 4338 Auctor
1279 4274 1587 4339 memorat
1623 4275 1829 4338 solum
1866 4274 2033 4359 leges
2065 4275 2385 4340 Pontificis
2419 4277 2531 4339 aut
2579 4274 2809 4359 Synodi
2854 4275 3155 4341 Oecume·

678 4378 869 4452 nicae,
919 4395 1076 4458 quae
1125 4396 1160 4439 a
1209 4377 1490 4440 Romano
1540 4377 1841 4443 Pontifiee
1889 4379 2077 4442 fuerit
2122 4378 2487 4443 confirmata
2534 4378 2736 4460 (secus
2784 4398 2903 4444 non
2954 4379 3153 4445 habet

679 4479 983 4543 rationem
1017 4476 1247 4561 Synodi
1282 4478 1590 4543 Ecclesiae
1623 4477 2041 4563 Catholicae):
2070 4482 2217 4562 quia
2246 4482 2513 4545 maxime
2536 4482 2842 4564 spectavit
2874 4481 2951 4546 ad
2977 4483 3155 4568 leges

678 4601 835 4663 quae
869 4580 1222 4644 universam
1267 4580 1605 4646 Ecclesiam
1646 4583 1940 4667 obligent.
