3529 5158
873 361 1361 403 PROPOSITIONUM
1396 363 1847 404 DAMNATARUM.
1888 366 1967 404 AB
2007 365 2205 406 lxxoc.
2246 369 2326 408 xl.
2685 372 2832 413 XXXI

468 466 572 523 40.
625 464 1026 523 Contractus
1091 464 1393 523 mohatra
1462 462 1688 522 licitus
1756 469 1879 541 est,
1927 464 2127 525 etiam
2174 470 2484 542 respectu
2532 469 2827 531 eiusdem

375 569 695 628 personae
741 556 811 611 et
842 570 995 612 cum
1025 556 1372 613 contractu
1409 552 2002 614 retrovenditionis
2033 557 2304 631 praevie
2337 556 2507 618 inito
2544 575 2692 618 cum
2730 560 2828 620 in-

377 641 677 701 tentione
725 641 911 701 lucri.

464 734 569 790 41.
622 731 791 792 Cum
838 734 1189 791 numerata
1223 731 1509 806 pecunia
1537 731 1892 807 pretiosior
1921 732 2011 791 sit
2043 735 2456 795 numeranda
2485 740 2554 797 et
2599 739 2827 799 nullus

374 820 464 879 sit
495 820 610 895 qui
650 838 784 879 11011
817 819 1087 880 maioris
1134 818 1339 881 faciat
1383 821 1731 895 pecuniam
1782 825 2202 895 praesentem
2250 842 2447 899 quam
2497 825 2821 906 futuram;

373 914 596 984 potest
640 908 930 970 creditor
965 909 1222 985 aliquid
1261 911 1440 969 ultra
1486 912 1729 970 sortem
1780 928 1821 969 a
1866 912 2272 972 mutuatario
2317 913 2586 991 exigere
2632 922 2701 976 et
2747 935 2823 977 eo

373 998 571 1058 titulo
618 999 704 1057 ab
756 1015 957 1057 usura
1002 1000 1327 1058 excusari.

462 1090 565 1147 42.
620 1088 841 1147 Usura
886 1104 1020 1147 non
1055 1093 1159 1148 est
1194 1087 1353 1147 dum
1386 1088 1569 1147 ultra
1599 1090 1846 1148 sortem
1879 1089 2138 1164 aliquid
2172 1091 2468 1167 exigitur
2500 1096 2822 1169 tanquam

368 1193 451 1236 ex
498 1176 968 1236 benevolentia
1012 1181 1082 1236 et
1127 1176 1540 1252 gratitudine
1586 1177 1908 1253 debitum,
1959 1177 2075 1237 sed
2123 1180 2334 1238 solum
2391 1181 2447 1240 si
2510 1183 2822 1260 exigat-ur

367 1269 686 1340 tanquam
721 1283 805 1326 ex
854 1265 1114 1325 iustitia
1157 1265 1480 1326 debitum.

455 1357 559 1413 43.
611 1355 862 1427 Quidni
912 1355 1177 1414 nonnisi
1226 1355 1490 1415 veniale
1540 1356 1649 1435 sit,
1694 1356 2113 1416 detrahentis
2160 1359 2630 1419 auctoritatem
2679 1381 2823 1423 ma-

365 1461 582 1521 gnam,
631 1444 761 1505 sibi
808 1444 1102 1519 noxiam,
1136 1445 1305 1505 falso
1352 1444 1627 1505 crimine
1664 1445 1949 1505 elidere?

453 1536 557 1593 44.
590 1533 946 1594 Probabile
994 1538 1099 1594 est
1145 1551 1277 1594 non
1328 1550 1600 1609 peccare
1648 1534 2036 1610 mortaliter,
2087 1535 2200 1610 qui
2249 1535 2534 1612 imponit
2573 1537 2816 1599 falsum

362 1622 607 1682 crimen
655 1623 876 1700 alicui,
928 1626 1004 1684 ut
1049 1640 1239 1683 suam
1285 1623 1613 1683 iustitiam
1661 1626 1730 1682 et
1760 1624 2078 1683 honorem
2112 1624 2449 1685 defendat.
2488 1628 2577 1685 Et
2604 1628 2659 1687 si
2690 1630 2817 1689 hoc

362 1729 491 1772 11011
542 1711 634 1772 811
678 1712 1042 1788 probabile,
1091 1713 1211 1772 vix
1258 1713 1398 1771 ulla
1442 1713 1572 1771 erit
1607 1712 1833 1787 opinio
1881 1712 2247 1787 probabilis
2296 1714 2366 1772 111
2410 1715 2766 1792 theologia.

445 1805 551 1861 45.
593 1802 770 1862 Dare
805 1803 1170 1877 temporale
1200 1818 1323 1877 pro
1347 1801 1685 1877 spirituali
1718 1818 1850 1861 non
1884 1804 1989 1861 est
2018 1801 2321 1878 simonia,
2347 1805 2615 1877 quando
2647 1810 2814 1865 tem-

358 1891 582 1965 porale
628 1908 760 1950 11011
806 1891 1007 1951 (131111
1052 1894 1372 1966 tanquam
1422 1890 1729 1969 pretium,
1764 1891 1883 1951 sed
1914 1891 2269 1951 dumtaxat
2299 1895 2642 1967 tamquam
2674 1912 2813 1955 mo-

357 1980 573 2039 tivum
621 1979 1011 2040 conferendi
1053 1981 1162 2040 vel
1201 1979 1528 2040 efficiendi
1561 1980 1913 2054 spirituale
1947 1980 2053 2039 vel
2101 1980 2304 2041 etiam
2341 1983 2609 2056 quando
2641 1987 2809 2044 tem-

356 2071 582 2143 porale
614 2069 705 2130 sit
749 2071 963 2130 80111111
997 2070 1297 2145 gratuita
1329 2069 1781 2144 compensatio
1812 2086 1932 2145 pro
1965 2069 2300 2145 spirituali
2338 2074 2457 2131 aut
2488 2088 2524 2130 e
2554 2077 2805 2133 contra.

444 2161 548 2218 46.
590 2159 682 2220 Et
726 2159 793 2219 id
841 2176 1109 2235 quoque
1156 2160 1371 2220 locum
1420 2159 1643 2231 habet,
1700 2158 1962 2219 etiamsi
2012 2159 2377 2234 temporale
2425 2160 2516 2220 sit
2561 2162 2808 2237 princi-

355 2250 502 2322 pale
552 2249 880 2309 motivum
927 2249 1132 2308 dandi
1193 2249 1563 2324 spirituale,
1612 2248 1745 2306 imo
1793 2248 2056 2307 etiamsi
2103 2248 2195 2308 sit
2241 2247 2396 2308 finis
2451 2249 2664 2325 ipsius
2711 2252 2807 2311 rei

351 2336 739 2415 spiritualis,
789 2340 886 2399 810
932 2342 1010 2398 111
1058 2337 1226 2398 illud
1273 2338 1487 2414 pluris
1533 2337 1943 2413 aestimetur,
1994 2355 2194 2413 quam
2225 2354 2332 2397 res
2363 2337 2758 2411 spiritualis.

440 2430 544 2488 47.
587 2428 752 2487 Cum
787 2428 961 2487 dixit
1001 2427 1373 2487 Concilium
1397 2426 1863 2487 Tridentinum
1898 2442 2009 2485 eos
2041 2425 2279 2486 alienis
2303 2427 2595 2501 peccatis
2632 2445 2806 2488 com-

353 2516 767 2577 municantes
814 2517 1183 2578 mortaliter
1230 2532 1523 2594 peccare,
1559 2515 1696 2595 qui,
1731 2515 1866 2576 nisi
1899 2531 2068 2591 quos
2115 2514 2456 2591 digniores
2502 2519 2571 2575 et
2601 2517 2804 2577 eccle-

352 2606 486 2666 siae
532 2608 746 2684 magis
794 2608 993 2668 utiles
1038 2607 1171 2682 ipsi
1209 2605 1678 2683 iudicaverint,
1710 2605 1797 2665 ad
1828 2604 2140 2666 ecclesias
2171 2610 2594 2680 promovent:
2633 2607 2803 2668 Con-

352 2695 572 2755 cilium
616 2698 728 2759 vel
773 2697 988 2772 primo
1035 2697 1305 2756 videtur
1350 2712 1470 2770 per
1514 2696 1640 2755 hoc
1676 2695 1994 2771 ‹liqniores
2038 2711 2171 2753 non
2211 2694 2396 2754 aliud
2428 2694 2804 2771 significare

352 2784 539 2864 velle,
588 2786 721 2847 nisi
769 2786 1170 2864 dignitatem
1217 2784 1698 2861 eligendorum,
1734 2785 2004 2858 sumpto
2037 2784 2492 2859 comparativo
2524 2802 2643 2860 pro
2681 2803 2796 2861 po-

346 2873 565 2952 sitive,
628 2877 739 2937 vel
787 2875 1076 2936 secundo
1123 2875 1459 2935 locutione
1506 2873 1726 2932 minus
1776 2873 2042 2948 propria
2087 2873 2282 2947 ponit
2338 2873 2672 2952 diyniores,
2724 2878 2802 2935 ut

344 2965 656 3025 excludat
702 2965 1036 3042 indignos,
1087 2981 1218 3023 non
1267 2979 1427 3024 vero
1472 2963 1731 3037 dignos,
1779 2963 1889 3022 vel
1935 2962 2206 3021 tandem
2242 2962 2544 3037 loquitur
2576 2964 2796 3043 tertie,

343 3053 611 3128 quando
657 3055 735 3115 fit
780 3070 1163 3115 concursus.

433 3147 536 3205 48.
600 3145 761 3204 Tam
807 3145 1057 3205 clarum
1106 3142 1378 3203 videtur
1436 3140 1940 3201 fornicationem
1997 3139 2362 3198 secundum
2423 3157 2492 3200 80
2543 3141 2797 3199 1111113111

344 3231 687 3294 involvere
732 3233 1054 3293 malitiam
1104 3236 1174 3292 et
1204 3232 1419 3291 solum
1450 3247 1595 3290 esse
1626 3231 1887 3300 malam,
1929 3228 2090 3302 qnia
2114 3228 2492 3306 interdicta,
2532 3233 2610 3286 ut
2643 3244 2797 3288 eon-

342 3322 620 3383 trarium
655 3324 925 3383 omnino
975 3322 1222 3383 rationi
1270 3321 1613 3379 dissonum
1660 3317 1993 3377 videatur.

428 3416 534 3473 49.
583 3411 905 3473 Mollities
953 3411 1099 3471 iure
1144 3414 1425 3470 naturae
1486 3405 1828 3483 prohibita
1895 3422 2031 3465 11011
2078 3408 2199 3465 081.
2252 3404 2451 3466 Unde
2505 3403 2562 3464 si
2609 3404 2796 3463 Deus

340 3517 479 3561 eam
528 3518 664 3562 non
714 3501 1194 3577 interdixisset,
1228 3515 1427 3574 saepe
1457 3499 1638 3556 esset
1684 3495 1860 3555 bona
1895 3499 1965 3555 et
1995 3494 2358 3571 aliquando
2397 3494 2798 3569 obligatoria

338 3591 462 3650 sub
508 3591 799 3652 mortali.

425 3683 529 3741 50.
581 3681 839 3756 Copula
882 3697 1029 3741 cum
1080 3679 1459 3754 coniugata,
1509 3674 1972 3737 consentiente
2004 3673 2263 3750 marito,
2301 3690 2432 3732 non
2474 3677 2578 3733 est
2609 3673 2798 3732 adul-

336 3769 576 3830 terium
624 3771 924 3845 adeoque
971 3768 1218 3830 sufficit
1251 3768 1319 3827 in
1349 3765 1782 3828 consessione
1820 3763 2061 3832 dicere,
2097 3779 2166 3821 80
2199 3778 2342 3822 0880
2374 3760 2792 3821 fornicatum.

424 3863 529 3920 51.
580 3860 921 3936 FamuluS,
970 3859 1085 3934 qui
1139 3856 1488 3917 submissis
1535 3853 1831 3915 humeris
1890 3851 2178 3911 scienter
2233 3850 2513 3908 adiuvat
2559 3849 2793 3908 herum

334 3964 527 4008 suum
573 3949 930 4009 ascendere
976 3965 1096 4024 per
1143 3947 1470 4007 fenestras
1517 3945 1600 4004 ad
1648 3941 2087 4017 stuprandam
2137 3938 2466 4012 virginem
2516 3941 2583 3995 et
2623 3938 2788 3995 mul-

333 4037 534 4099 toties
578 4038 800 4099 eidem
845 4037 1187 4099 subservit
1232 4033 1592 4096 deferendo
1637 4033 1904 4108 scalam,
1951 4027 2310 4104 aperiendo
2355 4026 2625 4084 ianuam
2672 4029 2792 4083 aut

331 4127 495 4202 quid
543 4128 760 4187 simile
806 4125 1240 4202 cooperando,
1290 4141 1423 4183 non
1471 4127 1703 4196 peccat
1739 4120 2128 4192 mortaliter,
2165 4117 2220 4176 si
2271 4111 2340 4176 id
2371 4113 2576 4173 faciat
2608 4115 2789 4172 metu

330 4217 647 4278 notabilis
695 4216 1103 4292 detrimenti,
1153 4217 1319 4289 puta
1366 4229 1449 4271 ne
1479 4229 1520 4270 a
1550 4210 1821 4269 domino
1854 4209 2026 4268 male
2075 4211 2419 4282 tractetur,
2456 4221 2542 4263 ne
2572 4202 2787 4263 torvis

331 4306 542 4367 oculis
589 4306 974 4382 aspiciatur,
1009 4321 1093 4365 ne
1126 4304 1320 4364 domo
1354 4300 1747 4375 expellatur.

419 4397 523 4455 52.
564 4397 1005 4471 Praeceptum
1032 4391 1345 4454 servandi
1372 4391 1548 4450 festa
1578 4406 1709 4448 non
1736 4388 1997 4462 obligat
2028 4385 2152 4446 sub
2184 4383 2467 4459 mortali,
2495 4381 2788 4457 seposito

329 4484 659 4564 scandale,
693 4484 747 4543 si
799 4484 978 4544 absit
1024 4483 1468 4555 contemptus.

414 4577 518 4635 53.
557 4574 906 4635 Satisfacit
952 4575 1308 4648 praecepto
1340 4568 1679 4628 Ecclesiae
1710 4565 1796 4624 ab
1829 4563 2163 4624 audiendo
2211 4563 2432 4640 Sacro,
2467 4560 2584 4635 qui
2619 4559 2786 4617 duas

326 4663 471 4724 eius
517 4668 762 4743 partes,
812 4664 945 4722 imo
993 4665 1301 4737 quatuor,
1338 4657 1537 4718 simul
1569 4674 1609 4716 a
1647 4654 1936 4713 (liversis
1969 4650 2462 4710 celebrantibus
2487 4647 2694 4709 audit.

431 4804 717 4848 Burnum.
739 4826 789 4835 —
810 4800 979 4845 Mor-al.
1009 4801 1144 4843 Tom.
1177 4800 1216 4841 Ι.
2637 4797 2662 4822 ‹=
