3529 5158
356 349 499 427 [638]
609 364 884 407 Pacem-A
922 364 1127 406 Paua&
1167 362 1231 403 m
1268 306 1393 403 uso
1432 358 1749 400 mramom
1788 358 1963 399 Acro.
2003 356 2244 399 sunaus
2284 356 2586 399 Pnunmus
2717 343 2824 399 569

356 465 508 526 sunt
546 465 728 526 actus
772 461 1074 542 efficacem,
1113 457 1506 543 explicandus
1544 458 1640 521 est
1674 456 1990 539 respectus
2029 454 2105 519 ad
2143 454 2350 540 plures
2396 474 2687 538 personas
2723 459 2822 522 vel

359 565 626 642 obiecta3
659 565 810 647 quia
840 566 1084 647 praeter
1113 561 1424 627 malitiam
1454 560 1650 637 illam,
1685 578 1878 640 quam
1908 557 2138 622 habent
2170 558 2233 623 in
2265 557 2375 621 illa
2407 559 2624 640 specie,
2663 579 2821 641 quae

356 667 618 732 interius
665 666 1154 741 consummatur,
1188 663 1419 729 habent
1449 662 1641 727 etiam
1677 662 1886 745 plures
1926 661 2081 725 alias
2127 661 2404 726 malitias
2441 661 2505 725 in
2535 662 2817 740 materia,

356 769 420 833 in
466 789 591 851 qna
622 770 772 833 sunt
817 771 1018 843 actus,
1043 766 1297 845 externi,
1331 765 1441 847 qui
1473 765 1549 829 ab
1595 764 1705 829 illo
1755 765 1901 829 actu
1949 764 2183 829 efficaci
2229 764 2567 847 procedunt
2605 766 2722 830 etc.
2755 791 2816 830 ».

356 872 428 935 In
475 872 702 954 quibus
749 890 827 937 an
874 871 959 936 sit
1002 868 1413 945 cohaerentia,
1448 866 1716 932 viderint
1748 867 1884 944 alii3
1918 886 2061 930 cum
2101 868 2278 931 actus
2316 868 2601 932 externus
2646 869 2822 933 mali-

356 973 511 1038 tiam
542 974 765 1039 habere
811 992 918 1056 per
950 991 1014 1037 se
1054 990 1176 1036 non
1213 970 1430 1055 possit,
1464 970 1583 1034 nisi
1620 969 2062 1053 participatam
2101 969 2178 1033 ab
2217 969 2496 1035 interiori
2528 971 2673 1037 actu
2718 991 2820 1036 vo-

354 1076 639 1153 luntatiS‚
673 1095 831 1158 qnae
863 1076 959 1140 est
995 1074 1274 1139 malitiae
1306 1073 1673 1139 subiectum.

443 1174 617 1249 838.
658 1179 746 1242 At
792 1196 903 1243 nos
936 1176 1338 1242 admittemus
1385 1174 1829 1239 confessionem
1861 1176 1924 1236 et
1960 1173 2413 1238 concessionem
2451 1174 2582 1238 eius
2613 1176 2819 1256 quoad

352 1281 597 1346 unicam
645 1281 955 1347 malitiam
1001 1298 1111 1344 seu
1157 1279 1403 1343 unicam
1436 1277 1699 1361 speciem
1732 1276 2013 1340 malitiae
2044 1276 2355 1341 interioris
2395 1278 2590 1354 actuS,
2625 1278 2817 1343 etiam

352 1384 558 1466 quoad
587 1386 764 1451 actus
812 1383 1106 1449 efficaces.
1142 1381 1467 1448 Unitatem
1505 1398 1649 1445 vero
1684 1380 1783 1445 vel
1819 1379 2353 1463 multiplicitatem
2389 1380 2669 1447 malitiae
2707 1400 2816 1446 seu

351 1487 573 1552 melius
629 1487 865 1571 peccati
921 1484 1330 1570 opportunius
1387 1503 1531 1548 cum
1589 1482 1768 1567 Lugo
1817 1481 2186 1546 deducemus
2249 1502 2321 1546 ex
2366 1484 2591 1547 natura
2639 1485 2815 1549 actus

348 1590 693 1669 extrinseci,
727 1590 837 1672 qui
866 1589 1094 1654 habeat
1144 1587 1238 1652 vel
1278 1605 1397 1651 non
1444 1586 1671 1649 habeat
1716 1584 2047 1648 unitatem.
2083 1582 2247 1647 Nam
2294 1584 2412 1647 etsi
2443 1584 2621 1669 Lugo
2654 1584 2818 1650 affir-

347 1694 498 1769 met,
538 1694 793 1758 unicum
841 1692 1050 1756 adesse
1082 1691 1404 1773 peccatum
1436 1689 1499 1751 in
1531 1706 1624 1764 eo,
1659 1687 1768 1769 qui
1799 1686 1898 1750 vel
1928 1686 2110 1749 unico
2158 1687 2287 1750 ictu
2324 1687 2531 1769 plures
2570 1688 2812 1765 occidit,

272 1804 288 1819 ·
349 1798 466 1860 aut
510 1796 692 1859 unica
737 1793 1117 1859 detractione
1161 1790 1356 1856 laedit
1400 1789 1681 1873 plurium
1707 1788 1976 1864 famam3
2012 1787 2075 1852 id
2122 1790 2331 1854 tamen
2369 1790 2691 1874 restringit
2736 1790 2813 1856 ad

346 1917 552 1973 casuS‚
588 1899 650 1962 in
697 1897 922 1979 quibus
971 1896 1147 1960 actus
1179 1912 1423 1976 quoque
1471 1891 1736 1956 exterior
1771 1890 1930 1954 hanc
1971 1891 2279 1955 unitatem
2316 1892 2522 1957 habet.
2563 1890 2663 1957 Sic
2709 1893 2814 1959 ille

344 1989 422 2063 ile
453 1998 708 2062 Poenit.
743 1998 898 2081 disp.
937 1998 1039 2062 16.
1075 2016 1133 2061 11.
1170 1996 1357 2061 539.;
1393 2021 1425 2052 «
1453 1994 1649 2078 Ego...
1686 1993 1993 2071 existimo,
2028 1993 2092 2056 in
2124 1992 2340 2075 primis
2380 2012 2500 2058 non
2535 1996 2814 2061 sufficere

347 2103 424 2167 ad
456 2102 767 2166 unitatem
804 2099 1040 2185 peccati
1073 2098 1339 2172 externi,
1379 2096 1543 2180 quod
1584 2097 1798 2178 aliqua
1827 2096 2193 2179 proveniant
2229 2116 2300 2160 ex
2331 2115 2455 2161 una
2489 2099 2840 2164 voluntate.

347 2205 610 2282 interna,
645 2205 697 2269 si
743 2203 852 2268 illa
900 2203 1081 2286 plura
1126 2201 1368 2265 nullam
1403 2200 1673 2264 habeant
1722 2198 2030 2263 unitatem
2059 2199 2221 2263 inter
2266 2218 2350 2263 se.
2383 2198 2548 2265 Nam
2579 2201 2632 2265 si
2670 2203 2810 2284 quis

346 2307 527 2372 hodie
572 2306 808 2391 cogitet
853 2304 928 2370 de
962 2304 1231 2370 ludendo
1279 2303 1549 2368 crastina
1598 2304 1661 2366 et
1708 2304 1930 2366 octava
1976 2301 2167 2366 etiam
2221 2302 2337 2380 die,
2388 2303 2496 2384 qui
2551 2306 2810 2388 uterque

347 2411 442 2475 est
478 2409 606 2474 dies
633 2408 831 2473 festus
863 2410 926 2473 et
963 2407 1131 2473 videt
1168 2425 1240 2471 ea
1272 2406 1589 2471 occasione
1621 2404 2036 2469 omittendum
2067 2423 2312 2469 sacrum
2347 2424 2419 2469 ac
2451 2407 2629 2472 unico
2664 2411 2808 2473 actu

345 2513 651 2591 decernat,
677 2511 943 2593 utroque
974 2509 1071 2575 die
1102 2509 1313 2574 ludere
1344 2509 1407 2574 et
1438 2508 1724 2572 omittere
1755 2525 2029 2584 sacrum3
2056 2507 2202 2571 illae
2233 2508 2390 2572 duae
2425 2509 2805 2591 omissioneS,

345 2615 492 2680 licet
540 2615 821 2680 oriantur
865 2633 936 2679 ex
982 2613 1093 2677 illa
1140 2632 1266 2678 una
1313 2614 1376 2677 et
1422 2611 1635 2676 eadem
1666 2611 2010 2687 voluntate,
2049 2611 2248 2676 adhuc
2279 2613 2461 2676 erunt
2507 2613 2629 2679 duo
2678 2636 2809 2698 pec-

344 2721 485 2783 cata
510 2716 876 2793 confitenda,
901 2719 976 2781 ut
997 2715 1324 2790 distincta3
1352 2714 1499 2796 quia
1523 2714 1683 2778 inter
1707 2731 1772 2778 se
1797 2732 1919 2778 non
1944 2714 2177 2778 habent
2200 2715 2395 2778 ullam
2419 2716 2726 2782 unitatem
2741 2743 2804 2781 ».

432 2819 596 2883 Hinc
632 2818 796 2883 idem
827 2817 1006 2903 Lugo
1038 2816 1185 2881 ibid.
1213 2837 1273 2881 n.
1301 2817 1481 2881 546.:
1522 2843 1556 2874 «
1592 2815 1794 2881 Infero
1833 2815 2119 2895 secundo,
2156 2818 2465 2884 volentem
2502 2840 2623 2886 non
2659 2823 2806 2886 reci-

346 2924 479 2986 tare
512 2921 789 2986 officium
834 2939 940 3004 per
985 2921 1194 2985 totum
1237 2939 1468 2984 annum
1500 2920 1563 2983 et
1594 2919 1656 2983 id
1688 2921 1905 3002 postea
1938 2923 2388 3002 exsequentem,
2417 2925 2804 2989 committere

348 3024 524 3107 plura
556 3026 829 3107 peccata.
862 3023 1023 3103 Quia
1051 3023 1198 3088 licet
1230 3023 1520 3088 voluntas
1553 3022 1637 3086 sit
1668 3041 1813 3100 una,
1850 3041 2004 3104 opus
2031 3026 2239 3088 tamen
2275 3025 2539 3090 volitum
2564 3045 2686 3091 non
2709 3030 2806 3092 est

346 3146 559 3206 unum,
585 3146 696 3191 nec
719 3146 842 3191 una
868 3126 1119 3191 omissio
1145 3125 1527 3191 recitationis
1555 3124 1878 3189 ordinatur
1904 3125 1977 3189 ad
2007 3125 2215 3201 aliam,
2236 3147 2345 3191 nec
2369 3130 2803 3196 connexionem

346 3231 534 3295 habet
564 3250 707 3295 cum
737 3230 879 3295 illa:
914 3229 1020 3295 sed
1050 3229 1215 3294 sicut
1246 3230 1393 3293 sunt
1429 3229 1502 3292 de
1550 3228 1816 3311 singulis
1847 3228 2317 3294 recitationibus
2363 3235 2687 3314 praecepta
2718 3234 2805 3298 di-

346 3351 542 3409 versa,
582 3333 670 3398 sic
700 3334 1063 3399 omissiones
1096 3333 1378 3418 singulae
1412 3333 1559 3395 sunt
1592 3332 1844 3414 peccata
1891 3330 2152 3395 diversa.
2190 3330 2489 3398 Similiter
2520 3336 2627 3417 qui
2667 3337 2804 3402 vult

344 3455 615 3501 exercere
650 3436 978 3502 latrocinia
1025 3438 1088 3501 et
1132 3435 1344 3500 caedes
1392 3434 1455 3498 in
1505 3434 1603 3498 via
1652 3453 1759 3517 per
1808 3435 2010 3498 totam
2059 3435 2273 3512 vitam,
2308 3455 2431 3501 non
2463 3439 2804 3504 committit

330 3543 551 3620 postea
583 3560 779 3605 unum
811 3541 1016 3605 solum
1050 3539 1393 3622 peccatum,
1427 3537 1532 3602 sed
1565 3538 1783 3620 plura3
1818 3557 2012 3619 neque
2045 3537 2208 3602 enim
2256 3539 2558 3606 uniuntur
2590 3561 2800 3607 omnes

346 3644 487 3708 illae
519 3643 734 3709 caedes
772 3646 835 3708 et
866 3643 1035 3708 furta
1068 3642 1141 3708 ad
1183 3641 1527 3707 faciendam
1559 3660 1748 3705 unam
1776 3641 2082 3705 actionem
2117 3641 2487 3720 humanam3
2526 3645 2802 3727 alioquin

342 3748 450 3828 qui
482 3747 670 3812 vellet
702 3747 932 3812 violare
966 3746 1173 3812 omnia
1206 3745 1321 3809 Dei
1354 3746 1697 3829 praecepta,
1734 3763 1892 3826 quae
1925 3743 2019 3807 illi
2053 3748 2392 3820 occurrent,
2428 3764 2548 3811 non
2575 3747 2801 3810 faceret

344 3849 462 3914 nisi
508 3869 703 3914 unum
750 3849 1073 3933 peccatum
1119 3867 1224 3932 per
1272 3848 1475 3912 totam
1523 3847 1740 3923 vitam,
1779 3867 1886 3911 nec
1923 3846 2232 3921 meretrix,
2284 3865 2442 3926 quae
2489 3847 2691 3910 voluit
2737 3865 2799 3909 se

343 3970 638 4033 exponere
670 3952 977 4029 omnibus,
1012 3951 1239 4015 faceret
1272 3951 1451 4034 plura
1492 3951 1742 4033 peccata
1783 3951 1919 4015 toto
1971 3950 2262 4030 tempore,
2304 3965 2427 4027 quo
2465 3947 2640 4010 illam
2672 3950 2801 4011 tur-

341 4053 686 4137 pitudinem
717 4055 955 4120 exercet
985 4079 1046 4118 ».
1073 4053 1334 4137 Oportet
1358 4073 1524 4139 ergo,
1560 4056 1632 4118 ut
1658 4053 1965 4118 unitatem
1990 4049 2217 4114 habeat
2252 4066 2371 4111 non
2403 4048 2585 4112 modo
2620 4050 2796 4115 actus

342 4158 618 4230 interior,
666 4156 773 4222 sed
818 4158 1009 4222 etiam
1057 4158 1233 4222 actus
1281 4157 1563 4233 exterior,
1614 4155 1962 4221 cuiusmodi
2011 4154 2105 4216 est
2152 4151 2452 4215 detractio
2501 4151 2793 4229 familiae,

343 4260 562 4326 occisio
610 4260 886 4342 plurium
931 4278 1037 4342 per
1083 4279 1277 4325 unum
1324 4261 1535 4325 ictum.

425 4363 621 4427 Porro
653 4380 795 4425 eum
827 4361 1037 4446 agitur
1061 4361 1133 4427 de
1170 4363 1392 4445 copula
1430 4382 1574 4427 cum
1605 4361 1888 4445 pluribus
1919 4356 2303 4430 mulieribus,
2339 4359 2514 4419 actus
2546 4376 2668 4421 non
2701 4361 2797 4423 est

339 4464 662 4542 eiusmodi,
703 4467 776 4529 ut
808 4465 1116 4530 unitatem
1139 4465 1367 4529 habeat
1391 4485 1461 4529 ex
1498 4467 1703 4530 mente
1739 4465 1851 4527 aut
1889 4462 2066 4545 Lugo
2094 4458 2205 4522 aut
2231 4457 2515 4522 aliorum.
2545 4459 2708 4545 Ergo
2732 4460 2795 4525 id

338 4574 553 4638 dicunt
575 4572 782 4636 solum
811 4571 884 4637 de
913 4571 1194 4636 interiori
1222 4574 1367 4637 actu
1392 4571 1705 4653 inefficaci
1735 4573 1800 4634 et
1829 4570 1894 4633 in
1917 4570 2032 4633 hoc
2065 4565 2547 4631 consentientem
2567 4569 2797 4633 habent

334 4675 433 4741 vel
468 4673 835 4738 acerrimum
874 4673 1289 4752 Dicastillum,
1317 4675 1425 4756 qui
1459 4673 1808 4756 oppositam
1843 4671 2068 4735 thesim
2105 4666 2352 4731 videtur
2383 4688 2789 4754 propugnare.
