3529 5158
389 349 530 426 [241]
729 362 881 410 Qum
919 363 984 404 m
1020 363 1214 408 numo
1251 365 1336 405 ma
1372 362 1639 406 mam-rra
1676 364 1873 406 mem.
1913 363 2063 413 Qun>
2104 365 2188 405 me
2222 365 2512 407 wanno
2748 351 2855 407 273

390 480 570 527 suum
594 460 894 525 iudicium
928 462 1042 524 aut
1073 460 1560 544 beneplacitum3
1587 480 1695 545 per
1724 462 1926 547 legem
1954 463 2165 526 autem
2194 461 2292 526 vel
2327 463 2516 526 etiam
2548 483 2655 546 per
2686 484 2856 547 prae-

390 565 634 648 ceptum
667 563 948 646 superior
979 564 1220 649 obligat
1250 563 1552 629 subditos,

475 666 673 730 Actus
703 665 863 751 legis
901 684 1011 730 seu
1041 665 1422 750 legislatoris
1470 666 1619 730 sunt
1654 665 1884 743 iubere,
1924 664 2266 745 prohibere
2312 667 2377 731 et
2408 686 2681 745 poenam
2724 670 2857 731 sta-

389 773 593 846 taeaere5
624 787 771 832 nam
815 768 1062 833 infirma
1090 768 1189 833 lex
1221 768 1351 833 sine
1388 786 1585 852 poena
1623 787 1746 851 qua
1795 768 2129 833 sanciatur.
2179 766 2561 834 Permittere
2607 788 2854 853 quoque

389 874 482 936 est
528 871 707 935 actus
736 870 915 955 legia,
950 872 1260 953 quatenus
1307 869 1712 954 prohibentur
1757 870 1945 935 ceteri
1981 871 2297 954 impedire,
2338 872 2503 953 quod
2537 872 2677 937 aliis
2713 891 2852 938 con-

387 973 642 1038 ceditur.
668 973 758 1036 Ex
782 990 970 1036 causa
1003 973 1167 1037 enim
1190 972 1474 1057 legitima
1507 972 1788 1056 princeps
1812 975 2020 1056 potest
2042 973 2411 1055 quandoque
2438 974 2691 1056 aliquod
2720 992 2850 1038 ma·

384 1077 518 1141 lum
566 1075 920 1160 permittere
968 1074 1033 1139 et
1077 1076 1543 1159 permissionem
1590 1095 1699 1160 per
1727 1076 2046 1160 publicum
2085 1076 2402 1141 decretum
2449 1079 2658 1160 potest
2687 1078 2850 1161 prin-

386 1198 526 1263 ceps
551 1179 846 1256 statuere,
872 1197 948 1241 ne
970 1177 1211 1242 maiora
1242 1177 1530 1242 eveniant
1558 1179 1745 1243 mala.
1768 1178 2190 1244 Veruntamen
2215 1197 2325 1261 per
2349 1179 2578 1244 similia
2604 1180 2849 1243 statuta

385 1301 505 1346 non
556 1282 979 1366 approbantur
1008 1279 1195 1357 mala,
1231 1279 1334 1345 sed
1367 1282 1618 1345 tantum
1641 1280 1978 1365 impeditur
2009 1281 2257 1364 privata
2286 1280 2575 1347 coercitio
2609 1300 2845 1346 eorum.

385 1384 528 1449 Scil.
557 1385 653 1448 est
681 1383 893 1468 potius
923 1383 1040 1461 lex,
1081 1402 1156 1447 ne
1190 1382 1329 1466 quis
1376 1383 1572 1447 alium
1618 1384 1920 1467 impediat
1954 1384 2018 1448 in
2057 1385 2155 1460 iis,
2205 1402 2364 1466 quae
2411 1385 2505 1449 lex
2541 1404 2665 1450 non
2715 1403 2851 1469 pro-

383 1486 573 1551 hibet.
615 1484 716 1551 Sic
736 1485 984 1550 Iudaeis
1008 1486 1216 1568 potest
1238 1486 1519 1570 legitime
1543 1486 1821 1570 permitti
1853 1486 2170 1569 privatum
2196 1486 2554 1551 exercitium
2578 1504 2728 1552 suae
2760 1505 2851 1550 re-

381 1589 638 1673 ligionis
671 1588 736 1652 et
766 1587 1015 1652 similia.

1367 1792 1543 1863 Unde
1581 1795 1868 1861 resolve&

491 1973 548 2025 11.
579 1973 625 2021 t.
657 1971 730 2024 Ad
769 1971 942 2037 legem,
968 1984 1056 2023 seu
1095 1975 1409 2037 praeceptum
1449 1969 1563 2035 quis
1599 1975 1811 2036 tenetur,
1843 1983 1939 2024 non
1979 1972 2039 2023 ad
2076 1970 2360 2038 consilium3
2399 1985 2509 2025 cum
2536 1974 2633 2025 1100
2662 1976 2850 2025 tantum

379 2054 579 2120 dirigat,
606 2055 728 2109 inud
752 2068 872 2109 vero
897 2053 1098 2119 obliget.
1124 2053 1244 2108 ibid.

489 2141 568 2194 111.
596 2144 646 2194 2.
672 2139 797 2194 Cum
833 2138 1001 2206 iniqua
1039 2140 1118 2194 lex
1156 2145 1233 2194 est
1270 2148 1318 2193 et
1357 2145 1524 2193 contra
1575 2138 1833 2206 rationem,
1875 2153 1969 2191 non
2009 2138 2217 2206 obligat;
2256 2140 2368 2205 quia
2408 2139 2571 2194 deficit
2597 2154 2625 2192 a
2656 2140 2850 2194 rectitu-

377 2224 511 2277 dine.
536 2223 657 2278 ibid.

472 2340 645 2406 Haec
679 2340 809 2404 iam
841 2340 906 2404 in
936 2339 1213 2425 praeced.
1250 2341 1573 2423 explicata.

488 2488 577 2540 lV.
603 2488 654 2539 3.
686 2484 810 2539 Cum
836 2484 1038 2539 dubium
1066 2491 1142 2539 est
1166 2487 1226 2539 de
1263 2485 1469 2552 iustitia,
1504 2485 1687 2541 teneris
1713 2487 1818 2551 lege
1833 2501 1850 2553 3
1888 2485 2001 2552 quia
2027 2486 2278 2551 legislator
2305 2488 2524 2556 possidet
2561 2488 2640 2541 ius
2665 2488 2849 2554 praeei-

385 2571 557 2640 piendi
585 2572 815 2639 idemque
839 2570 1024 2637 regitur
1049 2570 1219 2627 altiore
1245 2571 1452 2629 consilio
1478 2586 1535 2627 ac
1560 2577 1722 2640 potest
1746 2575 1932 2627 babere
1958 2571 2175 2627 rationes
2206 2572 2415 2628 subditis
2442 2574 2676 2628 occultas
2696 2572 2849 2628 Addit

379 2661 588 2723 suarez,
612 2657 759 2712 etiam
800 2656 1037 2724 obligare,
1065 2654 1178 2712 licet
1215 2663 1384 2711 contra
1421 2657 1657 2711 iustitiam
1697 2657 1819 2722 legis
1857 2657 1953 2712 sint
1992 2657 2206 2711 rationes
2244 2659 2552 2726 probabiles3
2579 2659 2690 2724 quia
2718 2659 2840 2713 alias

379 2744 534 2798 nimia
562 2746 766 2798 daretur
792 2742 988 2798 licentia
1012 2743 1203 2809 legibus
1227 2756 1323 2796 non
1350 2741 1564 2810 parendi,
1595 2757 1704 2797 cum
1746 2742 1830 2797 vix
1857 2743 2046 2811 possint
2082 2757 2190 2797 esse
2216 2749 2313 2796 tam
2340 2743 2516 2809 iustae,
2544 2742 2656 2809 quin
2686 2742 2848 2808 aliqua

383 2844 632 2897 apparens
672 2829 800 2884 ratio
839 2828 1190 2883 dubitationem
1229 2841 1430 2882 movere
1467 2828 1641 2895 possit.
1670 2831 1812 2883 Suar.
1835 2830 1864 2884 Ι.
1892 2830 1939 2883 Ἰ.
1959 2844 2006 2884 c.
2031 2830 2221 2883 9.Bon.
2245 2844 2293 2896 p.
2318 2831 2367 2882 8.
2389 2831 2542 2883 1141.

471 2941 657 3017 240.
706 2945 1058 3012 Sententiae
1089 2945 1382 3010 Auctoris
1415 2946 1661 3011 omnino
1702 2946 2158 3012 adhaerendum
2204 2947 2439 3013 fatetur
2475 2949 2539 3011 et
2571 2968 2618 3012 s.
2658 2948 2845 3031 Alph.

378 3050 488 3114 lib.
528 3050 585 3113 1.
620 3070 679 3113 n.
714 3050 858 3113 99.:
893 3047 1067 3112 addit
1098 3048 1304 3111 tamen
1342 3048 1501 3112 hanc
1547 3049 1993 3131 exceptionem:
2028 3075 2062 3106 «
2094 3049 2425 3131 Excipiunt
2462 3051 2670 3112 tamen
2705 3050 2843 3113 DD.

381 3153 432 3216 si
467 3153 565 3217 lex
596 3153 680 3218 sit
724 3150 908 3216 nimis
955 3150 1169 3229 ardua,
1203 3150 1302 3214 vel
1348 3150 1402 3214 si
1447 3168 1637 3236 grave
1674 3150 1972 3214 damnum
2005 3150 2253 3214 subdito
2289 3151 2507 3213 afferat
2536 3173 2599 3211 >›·.
2648 3149 2729 3212 Et
2760 3150 2848 3213 le-

379 3257 617 3320 ctorem
662 3274 804 3320 mox
848 3252 1118 3319 remittit
1164 3252 1242 3316 ad
1290 3271 1380 3328 ea,
1446 3269 1604 3333 quae
1649 3250 1757 3315 lib.
1808 3251 1868 3315 3.
1916 3271 1979 3316 11.
2030 3251 2179 3315 617.
2230 3270 2287 3332 q.
2337 3250 2416 3313 V.
2481 3250 2728 3314 disserit
2774 3250 2847 3314 de

383 3357 764 3444 obligatione
809 3355 1086 3421 solvendi
1131 3354 1390 3432 tributa,
1441 3351 1686 3435 quando
1734 3352 1924 3417 dubia
1972 3353 2067 3417 est
2112 3371 2325 3417 eorum
2370 3351 2637 3416 iustitia.
2687 3349 2848 3415 Cum

381 3460 453 3525 A.
489 3479 737 3544 quoque
767 3458 853 3523 ibi
885 3457 958 3523 de
995 3457 1250 3524 tributis
1282 3456 1564 3534 disserat,
1598 3456 1661 3520 in
1693 3473 1981 3539 praesens
2011 3456 2171 3520 hanc
2206 3454 2633 3538 quaestionem
2666 3453 2847 3520 omit-

383 3567 607 3629 temus.

487 3697 553 3749 V.
581 3695 631 3749 4.
656 3696 813 3759 Leges
835 3698 886 3747 et
907 3691 1176 3747 sementiae
1204 3694 1330 3746 latae
1359 3705 1387 3743 a
1415 3689 1637 3755 tyrannis
1669 3688 1905 3753 obligant,
1933 3688 1975 3742 si
2014 3687 2049 3742 ii
2077 3687 2277 3754 pacifice
2305 3701 2453 3752 regna
2479 3686 2761 3754 possideant
2795 3693 2845 3740 et

380 3797 407 3833 3
434 3779 688 3848 republica
714 3781 1002 3832 tolerentur.
1027 3778 1125 3830 Nec
1151 3779 1329 3840 obstat,
1359 3776 1491 3840 quod
1531 3773 1773 3828 sententia
1809 3772 1991 3827 iudicis
2017 3771 2260 3837 illegitimi
2301 3772 2492 3825 dicatur
2531 3785 2640 3826 csse
2678 3775 2846 3840 nulla;

377 3865 426 3919 id
453 3865 582 3919 enim
609 3877 781 3918 verum
807 3869 881 3918 est
906 3863 966 3914 de
993 3860 1248 3926 sententia,
1276 3868 1424 3927 prout
1461 3867 1536 3914 est
1572 3858 1796 3926 praecise
1835 3873 1863 3911 a
1903 3865 2139 3923 tyranno:
2180 3870 2275 3909 non
2316 3863 2477 3909 autem
2515 3861 2663 3922 prout
2700 3862 2775 3908 est
2813 3869 2842 3908 a

383 3951 648 4015 voluntate,
678 3950 848 4003 saltem
876 3944 1248 4013 interpretativa
1273 3952 1325 3998 et
1347 3943 1582 4011 implicita
1607 3941 1929 4012 reipublicae,
1958 3956 2102 4009 quae,
2128 3943 2246 3993 dum
2271 3947 2530 4004 tyrannum
2571 3945 2621 3992 et
2656 3938 2847 3992 iudices

382 4037 441 4088 ab
478 4049 540 4089 eo
573 4033 867 4089 constitutos
902 4034 1145 4100 repetiere
1182 4028 1365 4097 nequit,
1391 4028 1537 4085 tacite
1574 4033 1764 4085 confert
1800 4027 1866 4082 iis
1905 4032 2197 4094 potestatem
2234 4024 2535 4091 gubernandi
2573 4037 2845 4090 eorumque

381 4123 511 4185 leges
548 4127 599 4175 et
632 4127 743 4174 aeta
777 4118 1005 4173 ratificat.
1028 4118 1164 4171 Less-
1181 4118 1213 4170 Ι.
1234 4119 1284 4170 2.
1301 4130 1347 4170 c.
1369 4117 1456 4169 29.
1475 4116 1530 4169 d.
1549 4117 1599 4169 9.
1619 4116 1719 4168 Sal.
1740 4115 1788 4166 d.
1815 4116 1833 4166 «t
1850 4115 1899 4166 0.
1922 4126 1963 4166 s.
1986 4114 2036 4164 3.
2058 4126 2103 4164 n.
2137 4111 2214 4164 ¹4.

467 4235 632 4310 241.
666 4239 809 4304 Huc
853 4238 1098 4322 spectat
1140 4235 1445 4320 quaestio,
1479 4252 1669 4317 quam
1700 4252 1750 4298 s.
1786 4232 1971 4315 Alph.
2008 4231 2117 4296 lib.
2172 4230 2228 4296 1.
2278 4249 2338 4295 n.
2375 4230 2479 4295 98.
2512 4231 2741 4306 movet,
2771 4248 2850 4293 an

381 4341 703 4408 teneamur
747 4340 994 4407 obedire
1037 4338 1342 4423 superiori
1386 4338 1451 4401 in
1489 4336 1700 4414 dubio,
1753 4354 1832 4400 an
1879 4334 1966 4399 sit
2012 4333 2353 4418 legitimus.
2401 4331 2566 4396 Nam
2612 4332 2667 4397 si
2714 4332 2851 4396 obe-

379 4441 670 4509 diendum
705 4445 802 4508 est
822 4445 1111 4528 tyranno,
1147 4460 1184 4505 a
1214 4439 1480 4516 fortiori,
1516 4440 1570 4503 si
1599 4437 1817 4503 eadem
1861 4437 2184 4502 recurrant
2216 4434 2527 4510 adiuncta,
2569 4433 2846 4499 obedien.-

385 4546 538 4612 dum
569 4547 669 4612 est
698 4545 885 4611 dubio
918 4543 1240 4628 superiori.

549 4669 839 4724 numam,
869 4666 1047 4715 nor-al.
1072 4666 1225 4710 'romu
1252 4665 1295 4709 1.
2693 4658 2746 4700 18
