3529 5158
631 409 740 464 254
1091 422 1303 463 'tuac-r.
1343 422 1408 463 11.
1447 421 1533 461 nn:
1571 420 1987 463 CONSOIENTIA.
2028 422 2225 465 capm-
2262 423 2329 463 11.
2364 424 2507 466 Dua.
2546 423 2634 465 111.
2947 409 3094 485 [226]

630 525 767 585 mat
797 520 1085 595 Sanchez‚
1106 520 1176 582 in
1206 517 1427 583 Decal.
1460 518 1568 582 lib.
1607 520 1664 581 1.
1684 537 1817 601 cap.
1855 520 2037 582 10.n.
2062 521 2162 582 12.
2192 518 2282 599 (id
2306 522 2516 583 tamen
2545 520 2773 584 falsum
2798 524 2919 596 est;
2947 521 3094 603 quia

632 622 901 687 Sanchez
933 642 1056 688 non
1090 622 1382 705 supponit
1413 619 1778 686 creditorem
1812 640 2056 703 quoque
2088 621 2401 704 dubitare)
2424 640 2494 686 eo
2526 622 2689 705 quod
2723 623 2990 688 creditor
3010 626 3094 689 sit

630 725 693 789 in
728 729 896 790 certa
944 725 1325 809 possessione
1356 724 1455 789 sui
1491 723 1665 798 iuris,
1704 742 1828 807 quo
1860 744 1968 806 per
1997 724 2249 789 dubiam
2282 724 2657 789 solutionem
2702 726 2936 808 privari
2971 745 3091 791 non

633 830 860 909 potest.
901 824 1135 892 Contra
1168 827 1510 892 debitorem
1550 826 1718 892 omni
1754 826 2134 909 obligatione
2179 826 2404 892 liberat
2436 827 2774 892 Tanner...:
2809 847 2880 892 eo
2929 829 3087 910 quod

631 928 695 993 in
734 930 851 993 tali
882 929 1069 994 dubio
1107 929 1328 994 melior
1359 928 1442 992 sit
1473 928 1746 994 conditio
1768 928 2148 1010 possidentis
2180 928 2204 1008 (
2208 930 2293 1011 a).
2320 928 2602 1010 Utraque
2635 928 2841 1011 opinio
2874 929 3095 1012 proba-

630 1032 792 1107 bilis,
835 1033 985 1097 adeo
1033 1035 1106 1096 ut
1151 1050 1222 1096 eo
1270 1049 1417 1095 casu
1457 1049 1568 1094 nec
1615 1030 1856 1095 debitor
1908 1030 2402 1095 condemnandus
2440 1031 2543 1107 sit,
2584 1032 2637 1095 si
2686 1032 2941 1096 omittat
2986 1052 3095 1097 nec

629 1134 913 1212 creditor,
953 1135 1006 1198 si
1038 1135 1347 1218 integram
1379 1133 1754 1198 solutionem
1787 1134 2016 1215 eoeiyat,
2052 1135 2123 1197 ut
2155 1134 2335 1197 notat
2371 1131 2711 1217 Laymaun‚
2747 1134 2855 1215 qui
2885 1134 3090 1198 tamen

632 1237 818 1321 longe
830 1235 1231 1316 proba-bilius
1267 1235 1538 1311 resolvit,
1576 1236 1653 1299 ad
1678 1236 2124 1318 aequalitatem
2156 1236 2317 1299 inter
2354 1238 2687 1317 utramque
2711 1238 2952 1318 partem
2976 1256 3094 1301 ser-

633 1339 919 1413 vandam,
954 1339 1294 1403 debitorem
1327 1339 1522 1403 teneri
1551 1357 1674 1402 non
1709 1337 1787 1401 ad
1818 1337 2127 1422 integram
2160 1338 2554 1415 solutionem,
2591 1338 2695 1402 sed
2727 1338 2805 1402 ad
2850 1341 3092 1422 partem

632 1441 826 1506 debiti
857 1442 1192 1507 secundum
1224 1441 1687 1525 proportionem
1734 1439 1909 1503 dubii
1945 1465 2006 1502 ».

723 1543 880 1609 Sane
912 1548 985 1609 ut
1017 1545 1179 1609 idem
1211 1545 1389 1629 Lugo
1423 1543 1496 1606 de
1528 1542 1686 1606 luet.
1723 1546 1783 1605 et-
1814 1541 1964 1605 Iure
1989 1543 2144 1625 disp.
2184 1543 2285 1607 18.
2313 1563 2373 1607 11.
2408 1545 2469 1607 9.
2505 1545 2743 1629 arguit:
2784 1545 2916 1609 «111
2953 1545 3087 1610 foro

633 1648 1061 1722 conscientiae,
1080 1647 1190 1711 ubi
1213 1664 1334 1710 non
1360 1649 1454 1710 est
1478 1645 1807 1729 peculiaris
1832 1646 1994 1709 ratio
2020 1645 2416 1721 differentiae,
2436 1646 2757 1729 procedere
2782 1647 3090 1724 debemus,

632 1749 795 1813 sicut
841 1749 1107 1832 pmdens
1144 1748 1344 1824 iudex,
1380 1748 1623 1812 attento
1660 1748 1797 1811 iure
1841 1748 2138 1817 naturali,
2171 1748 2523 1831 procederet
2558 1748 2622 1812 in
2652 1749 2788 1813 foro
2821 1751 3087 1813 externo.

634 1853 702 1916 In
752 1854 1001 1916 externo
1050 1854 1261 1915 autem
1307 1850 1441 1915 foro
1489 1850 1542 1913 si
1589 1849 1856 1913 creditor
1901 1850 2109 1933 exigat
2156 1850 2453 1925 debitum,
2495 1852 2742 1915 ostensa
2787 1851 3091 1934 scriptura

630 1954 840 2018 mutui
886 1974 944 2017 v.
980 1973 1072 2037 gr.
1108 1955 1170 2016 et
1203 1951 1444 2015 debitor
1488 1948 1876 2033 respoudeat,
1926 1971 1989 2015 se
2037 1953 2191 2016 nihil
2238 1952 2471 2029 debere,
2520 1953 2667 2034 quia
2715 1953 2964 2018 dubitat
3012 1974 3088 2018 an

631 2056 907 2130 solverit,
934 2056 1084 2119 haec
1107 2054 1380 2137 exceptio
1414 2055 1477 2118 et
1507 2054 1824 2137 responsio
1859 2057 2156 2136 tanqua-m
2193 2054 2440 2119 omnino
2466 2054 2667 2119 futilis
2691 2056 3002 2120 reiicietur
3026 2081 3085 2120 ι».

633 2160 770 2224 Hoc
815 2158 1088 2242 profecto
1121 2172 1338 2225 verum
1372 2161 1499 2232 est,
1549 2157 1602 2222 si
1648 2176 1790 2221 reus
1836 2157 2003 2221 dieat
2049 2176 2113 2220 se
2159 2156 2472 2221 dubitare:
2513 2157 2660 2238 quid
2708 2177 2850 2222 vero
2900 2159 2951 2223 si
2997 2179 3090 2222 ra-

630 2262 832 2326 tiones
878 2260 1227 2343 probabiles
1275 2259 1493 2324 afferat
1540 2259 1869 2323 suadentes
1915 2260 2145 2323 factam
2195 2259 2616 2323 solutionem?
2661 2259 2880 2324 Adhuc
2925 2264 3088 2326 certe

628 2364 828 2440 iudex
863 2364 984 2428 etsi
1015 2363 1362 2427 rationibus
1408 2362 1535 2425 illis
1568 2362 1710 2444 plus
1740 2361 1946 2424 minus
1977 2364 2323 2433 moveatur,
2358 2380 2480 2426 non
2517 2361 2805 2426 liberabit
2836 2382 3011 2427 reum
3051 2383 3086 2426 a

628 2467 849 2548 quavis
880 2467 1192 2532 solutione
1238 2465 1335 2529 vel
1381 2464 1654 2548 partiali.
1689 2464 1770 2527 Et
1807 2482 1953 2529 sane
1986 2464 2038 2527 si
2075 2463 2264 2535 dicas,
2297 2467 2546 2546 propter
2581 2464 3085 2547 probabilitatem

628 2570 959 2636 solutionis
990 2568 1239 2634 liberari
1285 2567 1627 2632 debitorem
1666 2587 1702 2630 a
1735 2566 2047 2642 solvend0‚
2085 2568 2329 2650 oportet
2359 2566 2432 2630 ut
2469 2566 2702 2650 pariter
2732 2567 2918 2643 dicaS,
2953 2587 3089 2651 pro-

631 2678 766 2756 pter
789 2672 1313 2755 probabilitatem,
1352 2689 1512 2754 quae
1546 2669 1744 2734 adhuc
1783 2672 2010 2740 manet,
2046 2687 2168 2733 non
2216 2669 2544 2734 solutionis
2568 2688 2814 2734 manere
2838 2671 2935 2734 ius
2967 2690 3090 2735 cre-

627 2776 819 2840 ditori
864 2774 1143 2859 exigendi
1167 2775 1272 2839 ¹rel
1309 2793 1373 2842 se
1420 2772 1887 2855 compensandi3
1924 2790 2063 2834 cum
2094 2772 2231 2835 iura
2279 2771 2605 2853 utriusque
2651 2772 2913 2837 debeant
2958 2793 3088 2838 esse

628 2879 799 2964 paria
833 2881 895 2944 et
927 2879 1271 2962 aequalitas
1309 2877 1394 2940 sit
1424 2877 1519 2939 lex
1552 2876 2006 2942 contractuum.
2041 2871 2286 2936 Scilicet
2309 2872 2605 2938 exsistent
2626 2872 2748 2944 duo
2780 2874 2920 2938 iura
2950 2891 3089 2937 con·

627 2981 992 3047 tradictoria
1048 2981 1206 3046 circa
1254 2979 1436 3055 idem,
1487 2976 1652 3058 quod
1707 2980 1804 3040 est
1852 2975 2217 3039 absurdum:
2282 2975 2634 3040 absurditas
2694 2994 2838 3040 vero
2885 2995 3089 3040 conse-

626 3086 917 3167 quentiae
964 3083 1233 3150 ostendit
1269 3081 1612 3145 falsitatem
1646 3078 2080 3143 antecedentis,
2115 3076 2649 3156 Quemadmodum
2679 3096 2825 3161 ergo
2856 3078 2920 3141 in
2951 3078 3084 3142 foro

608 3191 876 3253 -externo
924 3186 1106 3250 iudex
1138 3185 1214 3249 ad
1247 3183 1664 3267 exceptionem
1695 3182 2079 3265 probabilem
2108 3181 2196 3244 rei
2229 3199 2417 3262 quam
2447 3180 2580 3262 ipse
2605 3178 2920 3258 admittat,
2954 3199 3087 3263 par-

626 3293 753 3355 tem
785 3291 1008 3355 saltem
1041 3287 1236 3352 debiti
1272 3287 1328 3350 ei
1375 3287 1652 3368 imponet
1698 3283 2056 3349 solvendam
2102 3284 2343 3347 ratione
2388 3281 2603 3348 habita
2649 3282 3083 3365 probationum

625 3393 951 3473 utriusque
997 3390 1214 3472 partis,
1249 3389 1342 3451 ita
1374 3389 1438 3451 et
1466 3388 1530 3451 in
1561 3387 1697 3450 foro
1722 3387 1964 3450 interno
2011 3385 2410 3449 iudicandum
2441 3384 2577 3461 erit,
2610 3386 2686 3449 ut
2716 3384 2894 3449 docet
2925 3385 3085 3468 Lay-

627 3513 813 3558 mann
857 3512 1002 3557 mox
1035 3490 1339 3555 citandus.
1374 3490 1456 3552 Et
1485 3489 1629 3570 quia
1664 3489 1727 3552 iu
1766 3489 2027 3552 materia
2057 3486 2341 3552 iustitiae
2370 3486 2695 3569 praecipua
2728 3486 2945 3570 regula
2991 3488 3083 3550 est

627 3601 700 3660 ut
736 3597 1018 3660 servetur
1048 3593 1419 3675 aeqiialitaS‚
1456 3610 1774 3675 perperam
1812 3608 2176 3673 provocares
2208 3589 2285 3653 ad
2318 3588 2473 3652 illud
2503 3587 2875 3671 principium
2921 3589 3081 3671 quod

625 3699 729 3760 Iar
758 3697 950 3759 dubia
998 3716 1122 3758 non
1170 3694 1424 3776 oblique,
1461 3693 1570 3758 ubi
1596 3693 1942 3775 aequalitas
1972 3710 2095 3756 non
2126 3692 2313 3755 habet
2348 3690 2575 3756 locum.

713 3798 830 3864 Sed
878 3798 1209 3862 audiamus
1253 3797 1464 3880 ipsum
1513 3796 1835 3879 Laymann
1883 3794 1957 3858 de
2005 3794 2220 3858 Conse.
2268 3812 2401 3877 cap.
2452 3796 2513 3857 5.
2548 3812 2608 3858 n.
2643 3795 2785 3858 42.:
2828 3820 2861 3853 «
2895 3797 3084 3861 Inter-

622 3904 792 3978 dum,
826 3902 1050 3984 inquit,
1067 3902 1131 3965 in
1159 3903 1489 3982 utramque
1522 3902 1760 3982 partem
1785 3899 2166 3980 quaestionis
2198 3919 2274 3960 ea:
2297 3898 2562 3962 diversis
2580 3899 2923 3978 prinmffiozff
2952 3920 3084 3983 pro-

624 4006 857 4070 babiles
888 4005 1161 4070 rationes
1221 4004 1574 4077 occurrunt,
1608 4004 1684 4065 ut
1728 4001 2066 4065 discernere
2115 4001 2339 4082 aliquis
2384 4020 2507 4066 11011
2553 4003 2770 4085 possit,
2820 4022 3081 4084 quarum
3168 4081 3183 4092 ⁶

621 4109 784 4173 ratio
831 4108 1035 4171 maius
1082 4105 1308 4172 censeri
1340 4108 1725 4169 momentum
1773 4103 2025 4170 debeat:
2060 4122 2149 4167 cx.
2178 4124 2269 4184 gr.
2304 4103 2357 4166 si
2387 4104 2451 4167 in
2480 4106 2812 4186 utramque
2844 4108 3081 4187 partem

622 4210 989 4274 rationabile
1022 4209 1282 4272 dubium
1314 4208 1416 4283 sit,
1450 4210 1665 4270 utrum
1695 4207 2096 4289 pecuniarum
2126 4206 2367 4270 debitor
2398 4207 2539 4271 illas
2571 4207 2825 4272 solverit
2863 4228 3078 4273 necne:

708 4453 770 4502 (a.)
800 4448 993 4502 Regula
1023 4447 1150 4489 iuris
1177 4449 1277 4489 est:
1309 4445 1362 4488 in
1385 4447 1503 4499 pari
1529 4456 1676 4488 cauea
1706 4447 1826 4496 (non
1856 4448 1906 4488 in
1934 4447 2089 4498 dubio)
2119 4446 2278 4489 meum·
2319 4450 2382 4490 est
2423 4450 2619 4492 conditio
2640 4451 2945 4502 possidentis.-
2973 4451 3081 4496 heic

622 4530 715 4571 par
742 4527 844 4559 non
873 4519 948 4559 est
977 4525 1153 4565 cauam
1184 4513 1306 4567 qnia
1330 4511 1516 4555 solutio
1543 4516 1621 4555 est
1647 4512 1842 4556 factum
1870 4515 1921 4556 et
1950 4513 2145 4558 factum
2173 4526 2275 4558 non
2292 4515 2637 4569 prae-unitur
2662 4515 2749 4561 aad
2764 4517 3078 4571 probandum

622 4589 699 4626 est
733 4582 796 4624 ab
823 4594 878 4624 eo
907 4581 996 4634 qui
1025 4580 1156 4623 illud
1185 4579 1437 4634 proponit,
1465 4579 1619 4623 donec
1650 4592 1764 4636 ergo
1793 4579 1989 4622 debitor
2016 4580 2324 4626 solutionem
2350 4594 2451 4625 non
2479 4582 2670 4636 probet,
2699 4582 2779 4626 ius
2806 4589 2884 4627 est
2925 4585 3079 4632 oredi-

621 4649 722 4692 tori
751 4647 982 4703 exigendi
1011 4646 1255 4690 debitum.
1275 4646 1332 4691 E.
