3529 5158
771 347 879 400 416
1286 362 1498 403 macr.
1539 362 1627 402 111.
1670 361 1756 402 mr.
1794 359 2073 403 nmmos,
2115 358 2313 401 capu‘r
2350 360 2434 401 lv.
2472 359 2619 402 nun.
2658 361 2741 401 iv.
3105 348 3247 424 [429]

773 458 933 522 riore
964 477 1350 523 concessae...
1391 457 1574 522 Nunc
1597 476 1746 542 ergo
1780 458 1986 522 solum
2017 456 2300 534 dicimus,
2327 458 2841 540 quotiescumque
2872 460 3242 539 constiterit,

771 559 1145 641 potestatem
1177 560 1393 625 datam
1425 580 1556 625 esse
1589 560 1706 625 sub
1736 561 1858 625 hac
1889 560 2321 643 amplitudine,
2357 561 2670 644 praelatos
2701 578 2881 644 posse
2917 580 3131 627 secum
3161 563 3247 628 di-

769 679 1074 743 spensare,
1100 662 1266 726 sicut
1301 663 1375 727 de
1408 662 1708 746 praelatis
1748 662 2153 746 Religionum
2199 664 2394 728 sensit
2422 682 2473 728 s.
2508 663 2730 728 Thom.
2772 666 2833 728 2.
2869 666 2931 728 2.
2981 685 3041 746 q.
3096 667 3242 730 185.

772 763 890 826 art.
926 764 986 826 8.
1018 764 1082 827 in
1104 764 1231 840 fin.,
1267 764 1374 828 ubi
1414 766 1526 840 ait,
1560 765 1877 848 praelatos
1908 765 2308 848 Religionum
2341 784 2518 848 posse
2552 785 2758 831 secum
2796 765 3153 849 dispensare
3182 768 3241 831 in

768 867 1111 950 praeceptis
1150 886 1259 932 seu
1292 868 1790 933 ordinationibus
1838 886 1990 932 suae
2021 868 2292 951 regulae.
2328 892 2363 926 »
2401 867 2484 931 Et
2516 867 2717 932 addit:
2747 887 2849 932 «s.
2877 868 3153 932 Thomas
3183 872 3244 934 et

666 1032 681 1042 ,
771 966 882 1030 alii
912 967 1075 1033 clare
1097 968 1442 1050 loquuntur
1479 969 1553 1033 de
1562 970 1837 1050 propria
1881 969 2336 1053 dispensatione
2368 969 2704 1054 derogante
2734 969 2861 1054 legi
2891 970 3243 1053 prohibenti

770 1068 869 1133 vel
906 1072 1305 1154 praecipienti
1336 1071 1620 1137 absolute
1658 1096 1720 1136 ».

861 1167 1041 1242 429.
1076 1170 1233 1237 Cum
1266 1192 1414 1257 ergo
1453 1172 1679 1239 Suarez
1712 1173 2081 1239 facultatem
2113 1193 2321 1239 secum
2368 1173 2598 1236 directe
2634 1172 3029 1256 dispensandi
3075 1192 3242 1238 com-

769 1292 1020 1338 munem
1052 1273 1244 1339 faciat
1273 1276 1412 1340 tum
1444 1295 1733 1359 supremo
1772 1276 2169 1361 Legislatori‚
2197 1278 2333 1341 tum
2358 1274 2751 1340 inferioribus
2788 1275 3109 1358 praelatis,
3157 1277 3242 1340 vi-

771 1374 900 1439 deri
937 1379 1163 1460 posset,
1200 1379 1438 1444 nullam
1479 1380 1690 1445 adesse
1721 1380 2028 1444 rationem
2075 1398 2185 1443 cur
2215 1379 2453 1443 Auctor
2483 1380 2547 1442 et
2593 1377 2796 1441 Diana
2842 1378 2989 1441 ante
3037 1377 3242 1461 ipsum

769 1475 1053 1556 dixerint,
1092 1477 1318 1544 Suarez
1356 1481 1420 1546 in
1445 1482 1731 1565 opposita
1762 1499 1895 1547 esse
1930 1482 2256 1546 sententia.

859 1578 942 1642 Et
987 1580 1189 1664 reipsa
1236 1582 1561 1647 dicendum
1607 1586 1722 1660 est,
1760 1584 1919 1649 nihil
1950 1584 2182 1656 distare
2220 1583 2566 1648 doctrinam
2597 1581 2824 1647 Suarez
2857 1602 2893 1646 a
2925 1584 3241 1648 communi

771 1682 849 1745 ab
895 1682 1165 1748 Auctore
1211 1687 1518 1768 exposita:
1560 1686 1764 1751 Diana
1810 1706 1955 1751 vero
2004 1686 2113 1750 abs
2158 1706 2224 1750 re
2262 1684 2489 1750 Suarez
2536 1685 2711 1750 velut
2741 1685 3129 1750 contrarium
3151 1686 3242 1750 al-

767 1784 942 1869 legat
971 1787 1124 1850 tom.
1152 1787 1213 1851 3.
1249 1790 1328 1852 tr.
1366 1790 1426 1852 2.
1462 1788 1642 1854 resol.
1681 1791 1741 1853 5.
1775 1809 1834 1853 n.
1878 1790 1955 1864 1.,
1990 1808 2131 1853 cum
2171 1788 2430 1852 titulum
2455 1787 2809 1869 quaestioni
2837 1787 3037 1871 ponit.
3085 1813 3121 1848 «
3144 1790 3238 1853 An

768 1889 876 1970 qui
913 1891 1288 1973 potestatem
1336 1891 1525 1956 habet
1570 1892 1967 1976 dispensandi
2005 1892 2067 1956 in
2114 1892 2251 1977 lege
2283 1910 2425 1955 cum
2474 1891 2635 1967 aliis,
2676 1890 2876 1973 possit
2906 1910 3122 1956 secum
3157 1891 3240 1955 di-

768 2009 1056 2073 spensare
1109 2018 1191 2067 »3
1257 2012 1401 2057 nam
1450 2015 1508 2058 ιι.
1553 2013 1753 2078 praec.
1798 1993 2089 2071 vidimus,
2140 1992 2366 2058 Suarez
2422 1993 2787 2076 respondere
2839 1993 3233 2072 affirmative,

767 2112 945 2177 posse
992 2114 1207 2179 nempe
1237 2096 1358 2178 ipsi
1407 2117 1443 2161 a
1489 2098 1805 2181 superiore
1837 2098 2213 2181 potestatem
2245 2096 2636 2180 dispensandi
2669 2116 2811 2160 cum
2855 2097 2976 2160 hac
3023 2097 3237 2181 ampli-

765 2196 982 2262 tudine
1027 2199 1490 2264 communicari.
1525 2201 1946 2265 Veruntamen
1996 2200 2232 2282 aliquid
2271 2199 2471 2276 affuit,
2511 2198 2676 2280 quod
2708 2217 2926 2263 ansam
2958 2200 3235 2282 aliquam

764 2298 943 2364 daret
959 2301 1216 2379 Dianae,
1237 2304 1311 2367 ut
1348 2301 1575 2368 Suarez
1600 2303 1767 2368 inter
1804 2302 2293 2368 contradicentes
2317 2303 2691 2366 numeraret.
2716 2299 2881 2365 Nam
2913 2301 3004 2365 ibi
3035 2302 3233 2366 Diana

763 2422 888 2467 non
911 2404 1115 2468 solum
1140 2405 1213 2469 de
1252 2405 1710 2488 dispensatione
1741 2406 1812 2469 in
1845 2404 2087 2487 ἱερῶν-ς
2118 2405 2272 2491 agit,
2305 2403 2411 2468 sed
2450 2403 2640 2468 etiam
2671 2402 2746 2468 de
2775 2402 3234 2487 dispensatione

761 2505 833 2567 in
863 2507 1040 2579 votis,
1080 2506 1666 2590 irreyularitatibus
1691 2511 1808 2573 ete.

852 2603 1034 2679 430.
1068 2609 1262 2674 Porro
1310 2610 1477 2692 quod
1525 2611 1757 2676 attinet
1805 2611 1883 2675 ad
1930 2613 2099 2686 vota,
2150 2608 2378 2675 Suarez
2410 2609 2485 2673 de
2526 2609 2675 2674 Voto
2704 2609 2812 2673 lib.
2854 2609 2915 2674 6.
2949 2630 3090 2695 cap.
3135 2613 3227 2675 11.

761 2731 825 2774 ιι.
865 2712 924 2772 2.
951 2711 1168 2792 utique
1215 2713 1546 2790 statuerat,
1583 2731 1763 2796 posse
1812 2713 2180 2778 Pontificem
2227 2731 2437 2777 secum
2467 2711 2846 2794 dispensare;
2884 2712 2991 2776 sed
3031 2712 3229 2795 quoad

760 2814 1117 2899 EpiscopoS‚
1152 2817 1298 2881 ibid.
1338 2837 1440 2880 nn.
1478 2819 1538 2880 3.
1579 2819 1641 2882 4.
1677 2817 1906 2883 refellit
1953 2821 2027 2884 ut
2070 2819 2349 2884 infirmas
2396 2819 2668 2883 rationes
2713 2837 2929 2883 eorum
2968 2818 3080 2900 qui
3114 2818 3231 2882 aie

759 2917 931 2994 bant,
973 2919 1070 2983 vel
1101 2919 1442 3002 dispensari
1490 2938 1633 2984 cum
1682 2921 1809 2985 illis
1845 2941 2023 3005 posse
2064 2921 2143 2985 ab
2173 2921 2671 3005 Archiepiscopo,
2713 2920 2811 2985 vel
2855 2939 2962 2985 eos
3010 2921 3228 3005 eligere

760 3039 938 3104 posse
962 3023 1424 3096 confessarium,
1459 3042 1493 3087 a
1527 3043 1650 3105 quo
1676 3023 2110 3107 dispensentur
2140 3024 2204 3088 in
2242 3024 2426 3088 votis.
2461 3048 2496 3082 «
2519 3022 2699 3104 Quod
2736 3024 2973 3098 autem,
3008 3023 3227 3105 inquit,

758 3122 1093 3189 confessori
1117 3125 1194 3189 ab
1218 3125 1520 3208 Episcopo
1549 3126 1745 3191 electo
1780 3126 2064 3190 Pontifex
2104 3125 2278 3189 illam
2310 3124 2734 3209 (facultatem)
2765 3124 3070 3200 conferat,
3101 3124 3227 3188 iure

755 3244 879 3290 non
925 3226 1242 3309 probatur.
1299 3226 1439 3292 Nisi
1486 3246 1633 3310 ergo
1681 3228 2063 3292 consuetudo
2114 3227 2562 3310 Episcoporum
2624 3227 2816 3291 talem
2861 3227 3226 3291 facultatem

754 3327 1059 3405 ostendat,
1090 3328 1221 3393 iure
1269 3328 1582 3394 ordinario
1622 3348 1658 3394 a
1690 3330 1991 3394 Pontifice
2028 3330 2095 3394 in
2125 3330 2243 3394 hac
2273 3329 2730 3413 dispensatione
2761 3329 3052 3412 pendent,
3084 3328 3225 3411 quia

753 3429 846 3492 illi
896 3429 1253 3494 immediate
1299 3431 1360 3494 in
1410 3431 1508 3494 his
1555 3431 1991 3514 spiritualibus
2039 3431 2455 3496 subiiciuntur
2500 3456 2562 3495 ».
2611 3431 2694 3496 Et
2724 3431 2863 3495 dein
2912 3452 2974 3494 n.
3011 3434 3072 3495 5.
3122 3430 3228 3494 idi·

755 3549 936 3612 psum
983 3531 1255 3595 extendit
1304 3532 1380 3595 ad
1429 3533 1586 3598 alios
1635 3535 1948 3616 praelatos
1985 3537 2301 3619 exemptos
2349 3536 2413 3599 et
2456 3533 2663 3617 quoad
2708 3533 3056 3618 Regulares
3094 3533 3223 3596 ait:

761 3657 796 3689 «
828 3630 892 3697 Si
925 3651 1068 3698 vero
1102 3633 1405 3718 regularis
1448 3635 1550 3710 sit,
1593 3636 1782 3720 prior,
1824 3637 2207 3722 guardianus
2240 3639 2303 3702 et
2335 3636 2569 3701 similes
2617 3654 2653 3700 a
2700 3635 3103 3709 Provinciali‚
3127 3634 3241 3705 hic,

755 3756 792 3801 a
839 3735 1126 3803 Generali
1177 3739 1275 3803 vel
1320 3737 1764 3806 Commissario
1816 3743 1880 3805 et
1926 3741 2185 3824 denique
2232 3741 2485 3806 inferior
2531 3760 2567 3806 a
2624 3739 2943 3823 superiore
2989 3739 3228 3822 dispen-

750 3840 979 3905 sandus
1025 3841 1137 3918 est,
1188 3842 1338 3924 quia
1385 3843 1668 3927 superior
1699 3843 1891 3907 habet
1936 3843 1999 3907 in
2048 3843 2398 3908 inferiorem
2446 3842 2798 3927 praelatum
2846 3841 3229 3906 iurisdictio·

748 3962 889 4008 nem
935 3945 999 4008 et
1043 3963 1164 4009 non
1211 3964 1244 4009 e
1290 3964 1584 4011 converso
1633 3964 1832 4028 neque
1856 3945 2018 4010 idem
2068 3946 2131 4010 in
2181 3965 2245 4010 se
2275 3946 2485 4029 ipsum
2522 3970 2585 4008 ›.

840 4045 1139 4126 Quocirca
1187 4049 1463 4130 apparet,
1530 4047 1857 4112 discrimen
1906 4047 2068 4112 inter
2114 4046 2340 4112 Suarez
2390 4047 2453 4112 et
2514 4047 2785 4129 reliquos
2833 4065 2966 4111 esse
3012 4046 3230 4130 potius

748 4149 1089 4222 materiale,
1125 4149 1256 4212 scil.
1297 4149 1690 4233 dispensandi
1738 4169 1947 4215 secum
1993 4149 2362 4214 facultatem
2396 4149 2762 4232 ampliorem
2798 4148 3126 4231 Episcopis
3159 4166 3231 4212 ac

749 4252 1044 4332 praelatis
1080 4252 1472 4316 inferioribus
1512 4253 1590 4317 ab
1623 4253 1763 4317 aliis
1811 4252 1963 4330 fieri,
1998 4272 2189 4335 quam
2238 4272 2273 4317 a
2322 4252 2569 4317 Suarez.
2604 4253 2687 4317 Et
2732 4252 2849 4317 hoc
2896 4252 3229 4316 discrimen

747 4351 883 4417 ideo
918 4372 1160 4435 quoque
1185 4373 1305 4419 non
1341 4355 1610 4437 pertinet
1641 4356 1717 4420 ad
1750 4357 2135 4438 praesentem
2170 4355 2625 4437 quaestionem3
2658 4354 2807 4437 quia
2840 4352 3067 4418 Suarez
3103 4372 3227 4418 non

748 4453 975 4518 directe
1022 4456 1244 4530 solum,
1279 4456 1384 4522 sed
1431 4458 1624 4522 etiam
1671 4457 1972 4521 indirecte
2004 4477 2210 4522 secum
2243 4457 2634 4541 dispensandi
2682 4457 3058 4539 potestatem
3100 4455 3232 4520 illis

748 4559 956 4640 negat.
