3529 5158
366 285 516 361 [324]
758 303 843 342 na
879 302 1044 343 men:
1079 302 1493 346 rmcu‘ronum.
1533 304 1617 344 An
1656 303 1920 345 onmem·
1957 306 2021 346 m
2061 306 2459 349 coi-{semmua
2732 297 2839 353 337

367 397 556 462 cium.
591 398 919 464 Praeterea
967 400 1348 481 aequalitate
1393 401 1775 484 geometrica
1823 404 1918 467 est
1965 402 2482 483 distribuendum,
2533 411 2839 488 quantum

367 500 503 566 fieri
541 503 751 584 potest
798 505 860 566 et
907 521 1026 586 pax
1069 503 1445 586 reipublicae
1493 505 1825 586 permittit,
1876 508 1949 569 ut
1993 525 2294 590 pauperes
2327 527 2449 573 non
2497 515 2839 594 graventur

365 605 535 669 sicut
579 603 833 682 divites;
884 606 972 670 sic
1018 607 1181 670 enim
1231 605 1371 688 plus
1420 606 1621 671 oneris
1667 606 1762 670 illi
1819 626 2006 690 quam
2062 609 2171 673 isti
2225 610 2622 688 sustinerent,
2672 614 2838 695 quod

366 725 637 788 aequum
675 726 799 772 non
832 709 945 773 est.
980 706 1202 773 Confer
1233 708 1413 792 Lugo
1453 709 1527 772 (Ie
1565 708 1727 774 lust.
1771 713 1833 772 et
1860 709 1998 774 Iur.
2048 711 2205 795 disp.
2241 713 2348 776 36.
2382 732 2484 778 nn.
2522 715 2627 778 25.
2665 716 2768 778 26.

458 808 718 890 Quando
752 811 867 876 hae
896 811 1282 877 conditiones
1315 812 1540 891 adsint,
1567 813 1665 878 lex
1689 814 1809 879 erit
1840 813 1915 878 de
1947 833 2011 879 re
2043 815 2344 898 possibili,
2371 817 2651 895 honesta,
2670 818 2841 883 iusta

365 916 430 978 et
466 915 604 997 ipsa
635 915 731 980 161
767 916 940 980 iusta
977 917 1116 981 erit.

453 1012 641 1087 324.
677 1018 810 1082 Iam
844 1037 989 1083 vero
1022 1019 1076 1083 si
1108 1037 1204 1084 res
1243 1038 1350 1102 per
1381 1037 1446 1084 se
1493 1022 1826 1103 spectetur,
1873 1020 2207 1085 manifesta
2256 1025 2351 1087 est
2401 1024 2632 1087 veritas
2679 1043 2841 1088 com·

366 1119 577 1183 munis
614 1119 930 1186 doctrinae
961 1119 1171 1204 (Luyo
1202 1121 1243 1184 l.
1278 1141 1330 1185 c.
1363 1140 1423 1185 n.
1460 1122 1616 1205 38.),
1649 1122 1852 1207 legem
1877 1123 2111 1187 scilicet
2147 1123 2565 1206 imponentem
2598 1126 2838 1190 tributa

361 1241 487 1286 non
519 1241 652 1288 esse
699 1223 1038 1307 poenalem,
1079 1222 1183 1288 sed
1229 1224 1549 1288 moralem.
1584 1224 1895 1306 Praecipit
1928 1225 2091 1289 enim
2125 1227 2335 1289 actum
2369 1227 2622 1290 virtutis
2658 1227 2837 1291 iusti-

363 1326 520 1400 tiae;
553 1326 856 1403 iustitiae,
889 1327 1165 1409 inquam,
1192 1326 1434 1411 legalis,
1462 1345 1585 1408 qua
1611 1329 1674 1391 et
1704 1327 1985 1410 princeps
2019 1329 2082 1392 et
2114 1327 2367 1400 subditi.
2388 1349 2498 1411 pro
2532 1349 2645 1394 sua
2671 1332 2837 1412 quis-

362 1447 483 1509 que
515 1431 710 1512 parte,
736 1431 1027 1494 tenentur
1052 1429 1339 1494 oneribus
1365 1430 1683 1494 societatis
1714 1429 1978 1494 ferendis
2008 1431 2354 1495 necessaria
2386 1432 2662 1496 subsidia
2693 1452 2833 1497 con·
2958 1486 2978 1505 .

366 1529 543 1594 ferre.
612 1531 854 1596 Debent
905 1532 1201 1596 nimirum
1262 1532 1495 1596 subditi
1543 1531 1618 1607 ei,
1675 1532 1785 1613 qui
1830 1551 2044 1595 curam
2090 1531 2281 1596 habet
2339 1535 2830 1613 communitatiS,

361 1632 837 1698 subministrare
884 1653 975 1710 ea,
1010 1653 1168 1716 quae
1214 1633 1401 1698 huius
1439 1636 1643 1697 rectae
1691 1633 2221 1698 administrationi
2272 1638 2422 1699 sunt
2467 1637 2830 1702 necessaria.

360 1733 664 1814 Quocirca
695 1736 974 1801 debitum
1006 1737 1176 1800 istud
1208 1736 1602 1801 subditorum
1625 1736 1722 1800 lex
1752 1755 1877 1801 non
1907 1735 2080 1813 facit,
2121 1737 2226 1801 sed
2257 1738 2495 1802 invenit
2527 1742 2590 1802 et
2628 1740 2831 1804 solum

363 1857 723 1903 mensuram
768 1839 901 1904 eius
934 1858 1005 1903 ac
1050 1838 1306 1904 modum
1338 1839 1709 1903 determinat
1741 1840 1930 1921 atque
1961 1841 2147 1922 urget
2176 1839 2309 1903 eius
2356 1841 2829 1907 exsecutionem.

361 1941 565 2023 Atqui
594 1941 692 2006 lex
723 1960 881 2023 quae
928 1944 1138 2006 actum
1183 1941 1465 2005 iustitiae
1494 1940 1815 2023 praecipit,
1849 1959 1971 2005 non
2021 1943 2116 2005 est
2159 1941 2256 2006 lex
2294 1942 2569 2024 poenalis
2602 1943 2706 2006 sed
2743 1943 2832 2007 di-

357 2043 595 2108 16611116
643 2062 909 2109 morum.
957 2044 1299 2108 Extraneos
1345 2061 1591 2125 quoque
1638 2044 1879 2107 iustum
1928 2046 2023 2107 est
2068 2062 2463 2126 compensare
2501 2063 2571 2109 ea
2604 2044 2831 2110 damna

357 2165 521 2228 quae
553 2165 810 2212 suarum
845 2147 1144 2212 mercium
1175 2145 1527 2210 venditione
1557 2143 1836 2210 inferunt
1868 2146 2155 2210 societati
2187 2146 2443 2211 alienae.

449 2249 564 2313 Est
609 2267 756 2334 ergo
802 2249 904 2314 161
952 2249 1236 2333 obligans
1283 2249 1344 2313 in
1396 2247 1791 2323 conscientia,
1841 2247 2365 2329 quemadmodum
2396 2250 2710 2330 quaelibet
2732 2251 2829 2316 161

354 2351 740 2434 praecipiens
778 2354 989 2416 actum
1035 2351 1314 2417 debitum
1363 2352 1425 2415 et
1472 2350 1636 2414 sicut
1682 2349 1997 2431 quaelibet
2032 2350 2130 2414 lex
2162 2351 2424 2415 honesta
2455 2354 2517 2415 et
2548 2352 2735 2415 iusta.

446 2453 621 2517 Haec
667 2456 762 2518 est
815 2454 988 2520 notio
1027 2454 1213 2519 huius
1243 2452 1419 2537 legis,
1472 2471 1662 2534 quam
1709 2450 2064 2536 Scripturae
2112 2471 2357 2535 quoque
2403 2454 2822 2536 suppeditant.

356 2557 648 2640 Loquens
695 2575 843 2624 66116
890 2558 1198 2624 Dominus
1227 2556 1300 2621 de
1337 2574 1543 2626 censu,
1578 2555 1687 2637 qui
1725 2553 1977 2621 Caesari
2010 2556 2387 2634 solvebatur,
2430 2557 2547 2622 ait:
2582 2557 2821 2622 reddite

353 2679 518 2740 quae
554 2663 707 2724 sunt
742 2658 1057 2735 Caesaris,
1085 2660 1365 2725 Caesari.
1401 2658 1673 2724 Matthei
1693 2658 1900 2724 XXII.
1943 2661 2049 2723 21.
2088 2660 2284 2725 Porro
2317 2660 2483 2743 quod
2515 2661 2822 2741 redditur,

352 2764 523 2846 quod
583 2768 680 2828 est
731 2763 1043 2843 Caesaris,
1107 2765 1163 2830 ei
1211 2765 1485 2829 debetur.
1535 2762 1713 2844 Quod
1759 2764 1988 2829 clarius
2035 2764 2357 2849 colligitur
2402 2785 2474 2831 ex
2516 2767 2824 2850 Apostolo

352 2867 539 2932 Rom.
581 2867 758 2932 XIII.
783 2870 856 2933 .5.
892 2870 952 2933 6.
993 2870 1050 2933 7.
1075 2869 1464 2933 Necessitate
1486 2866 1727 2931 subditi
1748 2871 2002 2932 estote...
2029 2869 2219 2932 etiam
2228 2873 2493 2949 propter
2522 2872 2830 2935 6611661611-

354 2971 549 3048 ίοὶιηι;
573 2969 711 3034 ideo
742 2975 805 3035 et
840 2972 1078 3037 tributa
1089 2971 1472 3053 praestatis,·
1497 2970 1782 3033 ministri
1811 2971 1978 3034 enim
2013 2969 2145 3034 Dei
2173 2975 2342 3045 sunt,
2384 2973 2452 3035 in
2482 2971 2593 3035 hoc
2628 2975 2828 3051 ipsum.

348 3073 697 3138 servientes
724 3075 1353 3156 (προσκαρτεροῦντες
1381 3072 1852 3154 incumbentes).
1886 3071 2161 3135 Reddite
2205 3092 2352 3152 eryo
2399 3073 2684 3137 omnibus
2729 3073 2828 3136 cle-

351 3178 510 3252 bita,
557 3178 662 3242 cui
708 3176 1031 3249 tributum,
1069 3174 1393 3249 tributum,
1433 3177 1538 3239 eui
1581 3173 1865 3255 veetiyal‚
1914 3172 2196 3255 veetiyal.
2238 3173 2362 3238 Ubi
2410 3173 2715 3257 obligatio
2762 3176 2824 3239 in

348 3279 734 3346 conscientia
778 3279 937 3345 satis
976 3282 1187 3362 aperte
1226 3278 1516 3343 traditur.

449 3382 664 3465 Neque
695 3401 849 3466 opus
897 3383 994 3446 est
1025 3382 1099 3444 ut
1134 3380 1266 3463 ipse
1303 3379 1628 3463 legislator
1660 3378 1945 3444 intendat
1968 3378 2252 3462 explicite
2285 3378 2561 3463 obligare
2591 3379 2657 3443 in
2687 3397 2827 3444 con-

351 3485 639 3561 scientia,
688 3504 876 3567 quam
911 3483 1324 3549 intentionem
1354 3500 1477 3546 non
1518 3485 1673 3565 puto
1720 3481 2096 3565 Apostolum
2145 3481 2541 3565 supposuisse
2586 3483 2653 3546 in
2699 3482 2827 3547 Ro-

352 3589 567 3654 manis
592 3587 1002 3671 Principibus.
1041 3585 1206 3649 Nam
1238 3585 1408 3667 quod
1444 3585 1542 3649 lex
1581 3584 1818 3669 obliget
1847 3584 1911 3648 in
1951 3585 2325 3649 conscientia
2356 3584 2471 3649 hoc
2518 3588 2631 3657 est,
2683 3588 2825 3650 ante

349 3692 581 3767 Deum,
608 3708 731 3755 non
763 3692 858 3755 est
889 3689 967 3753 ab
1005 3687 1121 3753 hac
1142 3688 1487 3752 intentione
1524 3687 1925 3772 legislatoris,
1961 3687 2064 3752 sed
2097 3707 2168 3751 61
2199 3688 2333 3771 ipsa
2363 3688 2607 3751 ratione
2638 3687 2823 3771 legis:

345 3796 511 3860 satis
549 3797 646 3859 est
676 3794 877 3879 legem
914 3811 1064 3868 esse,
1100 3793 1216 3857 hoc
1240 3795 1336 3857 est
1366 3791 1791 3877 legislatorem
1822 3792 2093 3856 voluisse
2132 3791 2427 3875 obligare.

443 3898 581 3962 Imo
622 3914 729 3980 per
761 3915 826 3961 se
871 3897 968 3960 est
1010 3895 1108 3959 lex
1158 3894 1440 3979 obligans
1489 3894 1565 3959 ad
1599 3893 1913 3977 pendenda
1950 3893 2211 3968 tributa,
2252 3891 2537 3973 quamvis
2575 3910 2683 3974 per
2712 3892 2827 3955 mi-

347 4000 590 4065 nistros
637 4017 784 4064 suos
830 4018 933 4063 rex
980 4016 1104 4063 non
1151 3998 1360 4081 exigat
1407 3997 1783 4062 solutionem
1830 3995 2073 4069 tributi,
2126 3996 2198 4058 ut
2256 3993 2395 4074 quis
2452 3992 2705 4075 proinde
2752 4014 2823 4058 ex

351 4103 560 4186 seipso
593 4104 884 4167 teneatur
915 4101 1171 4173 solvere,
1212 4099 1734 4183 quemadmodum
1770 4097 2013 4181 obligat
2042 4096 2147 4160 lex
2179 4095 2558 4159 decimarum
2592 4093 2825 4160 indicta

349 4205 434 4270 ab
470 4204 767 4271 Ecclesia.
805 4202 963 4269 Sane
994 4206 1134 4268 tota
1159 4203 1462 4288 obligatio
1489 4199 1824 4266 servandae
1862 4198 2018 4283 legis
2052 4197 2226 4263 adest
2252 4199 2396 4262 ante
2420 4197 2821 4263 exactionem.

346 4308 525 4373 Haec
571 4310 745 4374 certa
791 4308 940 4372 sunt
976 4308 1040 4371 et
1073 4307 1169 4370 ita
1199 4306 1388 4370 habet
1420 4303 1764 4369 communis
1803 4302 2131 4366 doctorum
2162 4300 2489 4377 sententia,
2523 4300 2576 4364 si
2606 4319 2723 4379 res,
2750 4303 2825 4366 ut

347 4412 735 4485 dicebamus
775 4428 883 4493 per
912 4426 978 4473 se
1008 4410 1339 4492 spectetur.

458 4553 753 4597 Buranun.
778 4572 830 4581 -
848 4549 1018 4593 Hor-nl.
1046 4548 1181 4593 Tom.
1211 4549 1252 4593 1.
1379 4540 1404 4559 ⁸
2658 4545 2713 4586 22
2752 4558 2763 4568 ·
