3529 5158
640 345 766 383 XLII
1492 344 1703 385 smusss
1747 344 2112 385 CHRONOLOG
2123 344 2221 384 101&

1635 536 1856 595 NUM.
1910 537 2108 595 XIII.

642 661 1116 739 I’ropositioncs
1156 666 1257 720 23.
1294 680 1479 738 super
1526 680 1738 720 amore
1786 679 1933 738 crya·
1982 660 2181 720 Deum
2222 661 2592 738 purissimo,
2643 662 2981 722 ‹la-numme
3019 663 3096 723 ab

819 750 1197 810 Innocentio
1246 750 1421 809 XII.
1456 750 1625 810 brevi
1675 750 1840 810 Cum
1891 751 2058 810 alias
2105 757 2230 809 etc.
2265 754 2362 809 12.
2400 749 2598 808 Mart.
2641 754 2825 810 1699.

731 899 790 954 1.
828 896 1047 954 Datur
1092 894 1455 953 habitualis
1488 898 1707 954 status
1752 894 1995 953 amoris
2043 894 2189 971 Dei,
2225 894 2340 968 qui
2389 900 2492 953 est
2538 895 2782 954 caritas
2828 913 2999 970 pura
3028 900 3098 956 et

637 985 781 1043 sine
828 985 970 1042 ulla
1016 983 1425 1042 admixtione
1469 982 1704 1043 motivi
1751 982 2004 1058 proprii
2053 984 2395 1043 interesse.
2430 983 2662 1058 Neque
2712 983 2913 1043 timor
2941 1003 3097 1060 poe-

636 1092 873 1133 narum
917 1089 1133 1147 neque
1180 1072 1581 1132 desiderium
1621 1072 2234 1131 remunerationum
2283 1072 2536 1131 habent
2566 1074 2854 1147 amplius
2901 1074 2970 1133 iu
3017 1092 3097 1134 eo

639 1168 919 1238 partem.
971 1162 1117 1222 Non
1153 1164 1416 1220 amatur
1461 1163 1749 1237 amplius
1799 1163 1984 1220 Deus
2017 1164 2290 1236 propter
2333 1162 2644 1220 meritum
2694 1178 2912 1237 neque
2950 1181 3098 1239 pro-

639 1256 791 1327 pter
852 1251 1325 1327 perfectionem
1388 1268 1604 1325 neque
1660 1256 1933 1325 propter
1995 1250 2382 1310 felicitatem
2440 1250 2507 1309 in
2573 1251 2856 1311 amando
2913 1252 3100 1312 inve-

638 1341 972 1402 niendam.
2531 1346 2536 1363 ¹

732 1433 792 1489 2.
830 1432 909 1489 In
950 1432 1135 1489 statu
1166 1429 1350 1490 vitae
1381 1429 1942 1503 contemplativae
1990 1429 2132 1488 sive
2180 1429 2485 1489 unitivae
2533 1430 2872 1489 amittitur
2903 1447 3097 1490 omne

641 1522 969 1580 motivum
1016 1519 1487 1579 interessatum
1536 1518 1796 1578 timoris
1843 1523 1911 1578 et
1957 1518 2117 1593 spei.

731 1613 791 1669 3.
830 1609 928 1688 Id,
980 1608 1157 1682 quod
1190 1613 1294 1668 est
1338 1608 1691 1669 essentiale
1723 1608 1794 1666 in
1844 1608 2209 1668 directione
2256 1608 2538 1682 animae,
2586 1614 2691 1667 est
2739 1626 2871 1668 non
2911 1608 3093 1668 aliud

645 1700 878 1777 facere,
929 1714 1127 1772 quam
1187 1698 1377 1772 sequi
1433 1697 1845 1772 pedetentim
1896 1696 2178 1772 gratiam
2229 1714 2377 1755 cum
2435 1697 2702 1757 infinita
2745 1698 3091 1776 patientia,

638 1787 1111 1863 praecautione
1159 1789 1229 1845 et
1282 1787 1681 1846 subtilitate.
1734 1787 2020 1862 Oportet
2066 1803 2136 1845 se
2182 1788 2361 1846 intra
2405 1787 2527 1846 hos
2574 1786 2821 1848 limites
2883 1787 3096 1847 conti-

638 1894 817 1953 nere,
868 1879 947 1935 ut
992 1876 1251 1934 sinatur
1314 1878 1498 1936 Deus
1560 1892 1757 1950 agere
1822 1881 1890 1935 et
1952 1893 2292 1951 nunquam
2355 1876 2436 1934 ad
2504 1893 2742 1950 purum
2808 1893 3092 1936 amorem

638 1965 899 2041 ducere,
940 1963 1070 2022 nisi
1110 1965 1377 2037 quando
1426 1966 1609 2023 Deus
1640 1982 1760 2040 per
1808 1966 2188 2024 unctionem
2243 1965 2620 2023 interiorem
2673 1964 2911 2040 incipit
2942 1984 3096 2041 ape-

640 2055 773 2113 rire
820 2070 932 2112 cor
977 2053 1136 2112 huic
1180 2053 1406 2129 verbo,
1457 2053 1634 2127 quod
1684 2054 1850 2113 adeo
1896 2054 2132 2112 durum
2185 2057 2289 2113 est
2335 2054 2684 2113 animabus
2729 2055 2950 2114 adhuc
3009 2055 3097 2115 si-

638 2143 850 2202 bimet
896 2142 1110 2201 affixis
1157 2145 1228 2201 et
1281 2142 1430 2202 ideo
1486 2147 1711 2217 potest
1767 2144 1916 2201 illas
1972 2143 2417 2202 scandalizare
2466 2147 2582 2202 aut
2630 2143 2694 2201 in
2746 2144 3095 2218 perturba-

641 2234 891 2292 tionem
941 2232 1283 2292 coniicere.

733 2326 792 2380 4.
846 2322 923 2380 In
974 2324 1157 2381 statu
1205 2324 1472 2382 sauctae
1532 2322 2025 2381 indifferentiae
2080 2322 2301 2379 anima
2364 2337 2496 2379 non
2547 2321 2752 2382 habet
2809 2323 3096 2398 amplius

640 2411 971 2471 desideria
1001 2411 1386 2471 voluntaria
1418 2420 1486 2471 et
1510 2411 1880 2471 deliberata
1911 2414 2181 2487 propter
2204 2426 2397 2469 suum
2431 2410 2772 2487 interesse,
2800 2412 3097 2487 exceptis

642 2501 726 2560 iis
751 2502 1213 2560 occa-sionibus
1237 2502 1306 2559 in
1332 2501 1577 2575 quibus
1602 2501 1729 2559 toti
1756 2517 1916 2560 suae
1942 2501 2196 2577 gratiae
2221 2499 2510 2559 fideliter
2531 2517 2665 2559 nou
2683 2508 3094 2577 cooperatur.

733 2596 792 2650 5.
845 2592 924 2648 In
974 2591 1204 2650 eodem
1267 2596 1450 2650 statu
1514 2593 1785 2650 sanct-ae
1833 2591 2323 2650 indifferentiae
2381 2589 2555 2648 nihil
2611 2592 2824 2668 uobis,
2873 2592 3097 2651 omnia

644 2681 787 2740 Deo
833 2680 1163 2738 volumus.
1198 2679 1384 2738 Nihil
1432 2680 1763 2758 volumus,
1803 2686 1882 2739 ut
1929 2681 2136 2740 simus
2169 2679 2448 2753 perfecti
2481 2687 2549 2738 et
2598 2681 2774 2740 beati
2824 2685 3100 2756 propter

640 2769 963 2828 interesse
1030 2768 1400 2843 proprium:
1452 2768 1567 2827 sed
1631 2785 1891 2827 omnem
1955 2769 2427 2844 perfectionem
2477 2786 2554 2827 ac
2609 2771 3093 2830 beatitudinem

638 2857 968 2934 volumus,
1017 2858 1089 2916 in
1139 2860 1461 2932 quant-um
1515 2858 1659 2917 Deo
1706 2858 1925 2933 placet
1971 2859 2245 2928 efficere,
2294 2861 2374 2916 ut
2420 2858 2707 2918 velimus
2753 2876 2860 2918 res
2907 2861 3093 2940 istae,

638 2947 1075 3022 impressione
1121 2962 1280 3006 suae
1328 2946 1603 3022 gratiae.

733 3038 790 3094 6.
820 3036 899 3094 In
934 3036 1061 3096 hoc
1095 3041 1365 3096 sanctae
1391 3037 1883 3096 indifferentiae
1916 3040 2099 3094 statu
2133 3037 2444 3096 nolumus
2478 3038 2765 3112 amplius
2790 3039 3091 3116 salutem,

640 3129 718 3185 ut
780 3125 1066 3186 salutem
1127 3126 1485 3202 propriam,
1538 3129 1615 3184 ut
1669 3125 2128 3185 liberationem
2188 3130 2544 3200 aeternam,
2594 3133 2670 3185 ut
2727 3129 3091 3187 mercedem

639 3221 1019 3275 nostrorum
1068 3216 1475 3293 meritorum,
1525 3219 1604 3274 ut
1649 3220 1948 3275 nostrum
2001 3215 2319 3274 interesse
2359 3215 2650 3274 omnium
2702 3218 3091 3294 maximum3

637 3305 752 3364 sed
801 3321 945 3363 eam
992 3304 1302 3365 volumus
1348 3307 1697 3365 voluntate
1752 3306 1968 3382 plena,
2019 3311 2096 3364 ut
2146 3304 2421 3379 gloriam
2471 3311 2540 3364 et
2605 3305 3092 3380 beneplacitum

640 3394 787 3470 Dei,
817 3398 896 3452 ut
928 3411 1066 3452 rem
1101 3412 1299 3468 quam
1334 3395 1475 3468 ipse
1503 3395 1651 3454 vult
1676 3399 1744 3453 et
1777 3413 1975 3468 quam
2004 3410 2124 3453 nos
2161 3394 2312 3453 vult
2345 3393 2518 3453 velle
2541 3399 2814 3469 propter
2849 3396 3091 3469 ipsum.

732 3486 788 3542 7.
834 3477 1198 3542 Derelictio
1231 3501 1363 3540 non
1397 3487 1501 3541 est
1539 3483 1667 3542 nisi
1719 3484 2077 3556 abnegatio
2110 3500 2224 3541 seu
2274 3483 2375 3540 sui
2413 3484 2626 3557 ipsius
2658 3484 3090 3560 renuntiatio,

636 3589 836 3647 quam
886 3572 1078 3632 Iesus
1125 3572 1434 3632 Christus
1489 3590 1529 3630 a
1590 3572 1781 3630 nobis
1829 3572 1895 3629 in
1949 3572 2319 3646 Evangelio
2382 3574 2683 3647 requirit,
2735 3580 3090 3648 postquam

637 3666 916 3720 externa
962 3662 1183 3720 omnia
1230 3661 1713 3735 reliquerimus.
1767 3662 1906 3719 Ista
1952 3661 2158 3718 nostri
2211 3660 2507 3734 ipsorum
2552 3662 2909 3736 abnegatio
2957 3681 3088 3721 non

638 3755 744 3810 est
800 3751 930 3810 nisi
989 3751 1210 3826 quoad
1268 3750 1591 3809 interesse
1648 3750 2054 3825 proprium...
2108 3751 2461 3808 Extremae
2516 3752 2962 3831 probationes,
3019 3753 3091 3811 in

639 3839 885 3913 quibus
934 3842 1096 3899 hacc
1144 3839 1501 3914 abnegatio
1549 3855 1668 3897 seu
1715 3839 1815 3896 sui
1866 3839 2080 3912 ipsius
2127 3838 2471 3897 derelictio
2534 3842 2819 3900 exerceri
2870 3842 3090 3920 debet,

636 3935 798 3988 sunt
846 3930 1272 4002 tentationes,
1309 3927 1557 4001 quibus
1606 3928 1790 3986 Deus
1837 3929 2203 3987 aemulator
2249 3927 2402 3986 vult·
2447 3946 2734 4004 purgare
2783 3948 3090 4010 amorem,

635 4017 896 4075 nullum
944 4019 1003 4077 ei
1039 4016 1451 4077 ostendendo
1484 4015 1862 4090 perfugium
1914 4034 2128 4091 neque
2166 4018 2369 4077 ullam
2406 4035 2587 4094 spem
2639 4020 2858 4094 quoad
2897 4038 3088 4080 suum

633 4106 958 4164 interesse
1004 4106 1365 4181 proprium,
1406 4106 1607 4164 etiam
1654 4115 2017 4165 aeternum.

727 4197 785 4253 8.
816 4195 1059 4253 Omnia
1084 4195 1427 4272 sacrificia,
1456 4212 1627 4270 quae
1662 4196 1799 4255 fieri
1829 4196 2046 4254 solent
2077 4197 2161 4256 ab
2193 4197 2544 4256 animabus
2578 4215 2773 4271 quam
2809 4198 3092 4257 maxime

634 4283 1161 4342 disinteressatis
1210 4284 1385 4342 cirea
1433 4302 1657 4343 earum
1707 4289 2043 4344 aeternam
2095 4286 2602 4360 beatitudinem,
2653 4293 2814 4345 suut
2866 4287 3092 4346 condi-

633 4370 975 4431 tionalia...
1015 4372 1147 4431 Sed
1186 4374 1310 4432 hoc
1349 4373 1739 4432 sacrificium
1778 4393 1906 4434 nou
1948 4381 2170 4449 potest
2207 4392 2350 4434 esse
2384 4375 2762 4434 absolutum
2804 4376 2874 4433 in
2908 4379 3092 4435 statu

632 4460 991 4520 ordinarie.
1030 4462 1107 4520 In
1162 4479 1295 4520 uno
1342 4467 1786 4522 extremarum
1839 4465 2300 4538 probationum
2338 4481 2492 4523 casu
2534 4465 2657 4522 hoc
2696 4464 3092 4523 sacrificium

630 4552 709 4609 fit·
755 4548 981 4624 aliquo
1030 4551 1222 4610 modo
1260 4552 1659 4611 absolutum.
