3529 5158
1029 290 1113 329 mn
1152 290 1670 333 pnouumarrom
1708 290 1889 333 mors
1927 286 2320 333 Poma-’mun
2803 277 2911 334 72ss

446 406 677 465 verum,
728 387 847 451 nisi
877 388 1016 469 quis
1055 390 1214 452 esset
1262 388 1321 451 in
1362 388 1513 452 locis
1548 389 1679 453 tam
1712 389 1990 467 remotis,
2025 390 2190 474 quod
2223 391 2300 454 ad
2338 410 2478 456 eum
2517 411 2638 455 non
2674 392 2910 474 potuis-

444 493 538 555 set
562 490 878 574 pervenire
915 490 1162 565 notitia,
1197 492 1351 573 puta
1374 490 1521 572 quia
1552 490 1776 555 fuisset
1801 492 1963 574 apud
1988 492 2326 558 Saracenos
2359 518 2419 556 ».
2455 493 2537 557 Et
2568 492 2910 557 concludit:

451 619 484 651 «
516 592 695 674 Quod
726 592 778 657 si
810 592 1024 656 subest
1054 592 1435 658 consuetudo
1468 594 1530 657 et
1568 593 1751 657 stilus
1785 591 2029 672 Curiae,
2064 594 2229 676 quod
2262 595 2535 659 sufficiat
2570 595 2909 679 publicatio

445 697 609 762 facta
640 697 705 760 in
736 693 943 771 Curia,
980 694 1279 759 servanda
1310 696 1405 759 est
1435 695 1583 759 talis
1617 696 1998 761 consuetudo
2039 723 2102 760 ».

534 795 822 863 Ceterum
847 797 945 861 tot
983 797 1076 860 illi
1108 796 1419 862 discursus
1452 797 1523 861 de
1557 799 1803 871 notitia,
1840 818 1998 880 quae
2031 800 2228 882 possit
2265 801 2361 864 vel
2395 819 2513 865 non
2554 799 2751 883 possit
2784 820 2914 883 per-

448 901 649 965 venire
682 902 819 976 ete,
839 898 1174 982 profluunt,
1211 898 1305 963 uti
1329 900 1522 983 patet,
1560 919 1631 964 ex
1661 900 1835 965 statu
1855 902 2256 984 quaestionis,
2285 921 2475 984 quam
2500 903 2723 986 agitat,
2751 903 2912 967 circa

445 1004 919 1081 excusationem,
961 1021 1148 1084 quam
1180 1002 1407 1066 habeat
1437 1022 1622 1068 necne
1654 1004 1967 1087 ignorans.
2002 1004 2266 1069 Proinde
2311 1024 2454 1070 mox
2494 1025 2551 1068 n.
2589 1006 2693 1068 38.
2728 1024 2913 1086 quae-

447 1106 570 1170 rit:
612 1132 645 1163 «
685 1106 780 1168 An
813 1107 955 1189 post
1001 1104 1155 1169 duos
1201 1123 1526 1181 menses,...
1579 1105 1873 1170 audiatur
1913 1107 2189 1192 allegans
2222 1106 2642 1191 ignorantiam
2673 1108 2788 1170 etc.
2825 1133 2860 1163 »

534 1209 639 1273 33.
674 1208 815 1272 Huc
860 1209 1100 1291 spectat
1149 1207 1443 1291 allegatio
1480 1209 1727 1272 Ioannis
1759 1209 2051 1272 Monachi
2085 1208 2200 1290 (sic
2232 1210 2394 1273 enim
2433 1210 2595 1274 solet
2626 1210 2909 1294 allegari,

447 1313 555 1394 qui
601 1310 946 1375 Cardinalis
992 1310 1584 1376 Archicancellarius
1618 1311 1739 1375 fuit
1769 1312 1832 1375 et
1870 1311 2116 1394 scripsit
2146 1312 2209 1375 in
2259 1313 2501 1376 sextum
2535 1311 2764 1376 librum
2798 1313 2914 1376 De·

455 1412 828 1498 cretalium).
879 1413 1057 1477 Hanc
1090 1413 1529 1497 allegationem
1560 1413 1830 1497 sumpsit
1861 1414 2262 1479 Reiffenstuel
2295 1433 2366 1479 ex
2397 1414 2725 1479 Farinacio
2750 1433 2915 1479 eam-

455 1536 573 1600 que
618 1516 787 1581 vides
821 1515 1010 1581 etiam
1050 1515 1209 1599 apud
1259 1516 1573 1580 Azorium.
1609 1515 2034 1581 Veruntamen
2075 1517 2430 1601 oppositum
2462 1517 2659 1582 docet.

541 1617 823 1701 Namque
855 1618 917 1683 in
956 1638 1088 1701 cap.
1124 1617 1208 1682 In
1252 1617 1537 1699 yencrali
1583 1619 1687 1681 81.
1721 1617 1797 1681 de
1829 1639 1957 1700 req.
1995 1618 2187 1682 Iuris.
2227 1619 2288 1682 in
2325 1620 2394 1681 δ’
2425 1639 2529 1684 ιιιι.
2557 1620 2616 1683 6.
2654 1623 2713 1682 8.
2752 1619 2915 1683 facta

450 1722 836 1803 quaestione:
879 1747 913 1779 «
946 1720 1242 1803 Nunquid
1290 1722 1387 1784 est
1432 1721 1774 1785 necessaria
1820 1721 2160 1804 publicatio
2198 1721 2262 1785 in
2309 1722 2645 1805 provincia,
2694 1722 2758 1786 in
2790 1742 2915 1803 qua

456 1844 561 1907 per
606 1825 808 1907 legem
855 1823 1086 1887 editam
1133 1822 1425 1887 dicuntur
1468 1822 1655 1907 ligari
1702 1823 2109 1906 provinciales
2157 1846 2233 1889 »ε
2283 1824 2484 1907 primo
2530 1824 2780 1906 quidem
2827 1823 2920 1887 di-

448 1925 891 2010 stinguendum
919 1924 1087 1999 dicit,
1116 1924 1277 1989 inter
1300 1943 1491 1989 unam
1519 1944 1589 1988 ac
1614 1926 1819 2008 plures
1852 1924 2367 2001 Constitutiones,
2402 1943 2560 2007 quae
2591 1925 2912 1990 distinctio

452 2028 529 2091 ad
574 2048 704 2092 rem
750 2027 884 2091 heic
931 2046 1051 2091 non
1097 2026 1275 2102 facit:
1317 2026 1455 2090 dein
1488 2026 1734 2091 subdit:
1778 2053 1810 2085 «
1843 2027 1962 2091 Vel
1985 2028 2082 2091 dic
2114 2046 2288 2092 secus
2335 2028 2397 2092 in
2429 2027 2567 2111 lege
2606 2027 2918 2110 imperiali

450 2131 513 2194 et
559 2130 785 2214 papali.
827 2130 1191 2213 Imperator,
1242 2129 1349 2211 qui
1396 2130 1491 2193 est
1524 2129 1864 2194 advocatus
1897 2130 2221 2208 Ecclesiae,
2260 2130 2380 2194 huc
2413 2130 2563 2194 illuc
2594 2129 2914 2195 discurrit.

452 2230 532 2294 Et
576 2230 712 2297 ideo
759 2250 880 2295 non
929 2232 1023 2294 est
1069 2230 1317 2303 mirum,
1353 2231 1406 2294 si
1452 2231 1515 2294 in
1548 2229 1681 2294 iure
1722 2231 1799 2294 ab
1832 2250 1902 2295 eo
1936 2231 2122 2307 edito,
2160 2231 2236 2295 ad
2268 2231 2383 2295 hoc
2415 2230 2579 2313 quod
2611 2232 2787 2315 liget,
2823 2230 2910 2293 fa-

448 2332 660 2397 cienda
707 2333 792 2396 sit
837 2332 1258 2417 promulgatio
1308 2332 1369 2396 in
1415 2330 1752 2414 provincia.
1789 2331 1906 2396 Sed
1952 2333 2142 2415 Papa,
2178 2334 2284 2414 qui
2324 2352 2443 2398 non
2476 2333 2656 2397 debet
2688 2333 2910 2396 habere

453 2435 633 2519 pedes
680 2436 979 2518 plumeos,
1018 2436 1120 2500 sed
1169 2436 1509 2518 plumbeos,
1559 2437 1654 2500 est
1686 2437 1865 2517 quasi
1897 2436 2235 2501 immobilis
2259 2436 2627 2518 stabilisque
2652 2456 2905 2500 manens

449 2538 601 2603 dans
639 2540 861 2604 cuncta
908 2537 1168 2603 moveri:
1218 2536 1353 2602 ideo
1403 2536 1534 2603 eius
1582 2538 1828 2603 statuta
1875 2557 1995 2604 non
2042 2540 2191 2605 sunt
2230 2538 2620 2625 singulorum
2654 2539 2910 2605 auribus

450 2640 812 2705 inculcanda
846 2667 905 2704 ».

543 2744 648 2806 34.
682 2743 741 2807 S.
790 2744 1144 2826 Alphonsus
1177 2746 1388 2807 autem
1419 2743 1526 2808 lib.
1568 2745 1624 2807 1.
1662 2763 1720 2807 n.
1757 2746 1862 2808 96.
1906 2764 2028 2810 non
2075 2746 2261 2811 modo
2310 2747 2618 2831 Angelum
2659 2746 2809 2828 (vid.
2846 2745 2918 2809 de

454 2847 569 2911 hoc
607 2867 771 2930 supr.
803 2867 864 2910 n.
910 2846 1042 2929 13.)
1075 2846 1177 2910 sed
1210 2846 1401 2911 etiam
1442 2847 1753 2911 Becanum
1787 2866 1898 2930 pro
1931 2849 2285 2932 regalistica
2324 2851 2630 2914 sententia
2663 2851 2869 2913 refert.

543 2949 735 3030 Atqui
769 2948 1044 3013 Becanus
1072 2948 1144 3010 de
1168 2947 1384 3030 Lcyib.
1420 2968 1550 3032 cap.
1590 2949 1648 3012 6.
1670 2969 1727 3031 q.
1750 2950 1811 3013 6.
1831 2970 1890 3013 ιι.
1917 2950 1976 3013 6.
2005 2952 2246 3015 scribit:
2290 2977 2323 3008 «
2344 2951 2581 3031 Quarta
2605 2953 2918 3016 conclusio

454 3050 866 3117 Probabz'lius
918 3053 1031 3128 est,
1088 3052 1253 3135 leges
1310 3051 1656 3135 pontificias
1720 3052 1957 3116 Romae
2021 3054 2403 3117 sollemniter
2465 3055 2916 3138 promulgataS,

454 3155 729 3239 obligare
775 3154 965 3217 etiam
1004 3153 1158 3217 alias
1192 3153 1537 3236 provincias
1576 3172 1685 3217 nec
1735 3153 2040 3218 ordinarie
2071 3155 2300 3236 requiri
2349 3155 2916 3240 promulgationem

459 3255 519 3318 in
556 3255 817 3340 singulis
849 3255 1179 3339 provinciis
1226 3280 1285 3317 ».

542 3359 719 3439 Quod
766 3358 817 3423 si
849 3359 1127 3422 Becanus
1175 3356 1319 3421 ibid.
1363 3379 1420 3420 ιι.
1458 3358 1516 3421 5.
1551 3358 1707 3421 dixit
1739 3358 2117 3441 probabilem
2153 3358 2344 3423 etiam
2387 3360 2736 3443 oppositam
2785 3379 2916 3422 sen-

452 3462 733 3538 tentiam,
781 3459 844 3525 id
893 3480 1041 3525 sane
1087 3459 1496 3524 communivit
1548 3479 1669 3525 non
1715 3459 1935 3525 idoneo
1985 3460 2388 3526 fundamento
2438 3461 2911 3538 auctoritatum,

453 3583 611 3646 quae
657 3583 778 3629 non
826 3563 1195 3628 subsistunt.
1231 3560 1393 3626 Nam
1443 3563 1675 3647 allegat
1720 3563 2031 3647 Angelum
2064 3563 2136 3628 de
2169 3583 2291 3646 quo
2326 3584 2459 3648 sup.
2501 3584 2560 3628 n.
2601 3565 2724 3638 12„
2761 3563 2911 3628 Soto

455 3667 529 3732 de
575 3687 697 3749 quo
746 3688 802 3731 n.
858 3668 982 3742 17„
1042 3665 1343 3729 Molinam
1401 3666 1474 3728 de
1521 3684 1643 3747 quo
1691 3684 1750 3728 n.
1804 3667 1930 3742 23.,
1989 3667 2380 3731 Butriensem
2428 3667 2501 3730 de
2549 3686 2671 3748 quo
2721 3685 2778 3730 ιι.
2835 3667 2916 3738 7.,

463 3770 753 3835 Ioannem
802 3769 1082 3833 lmolens.
1127 3767 1199 3831 de
1246 3786 1368 3850 quo
1418 3786 1553 3851 sup.
1603 3788 1660 3831 n.
1717 3769 1818 3831 14.
1869 3769 2254 3833 Zabarellam
2302 3770 2374 3833 de
2423 3788 2544 3852 quo
2594 3790 2652 3833 n.
2708 3771 2807 3832 10.
2859 3770 2922 3832 et

462 3873 767 3936 Abbatem
798 3873 1086 3936 Panorm.
1137 3871 1210 3934 de
1242 3891 1365 3952 quo
1399 3891 1457 3935 n.
1496 3873 1578 3940 2..
1613 3870 1686 3934 de
1723 3871 1950 3951 quibus
1984 3860 2364 3937 ostendimus
2397 3873 2554 3936 falso
2589 3872 2867 3956 allegari.

545 3976 650 4038 35.
672 3976 869 4038 Detur
900 3992 1048 4058 ergo
1075 3973 1201 4037 illis
1228 3976 1443 4055 utique
1474 3972 1688 4038 Natal.
1716 3973 2078 4050 Alexander,
2106 3976 2213 4055 qui
2241 3973 2450 4038 Theol.
2469 3976 2575 4039 lib.
2603 3976 2663 4039 4.
2691 3996 2823 4057 cap.
2859 3975 2915 4036 1.

458 4079 574 4140 art.
617 4078 676 4140 3.
712 4097 838 4162 reg.
874 4078 979 4140 25.
1014 4095 1086 4140 eo
1134 4075 1584 4158 impudentiam
1616 4075 1923 4158 provehit,
1958 4077 2030 4139 ut
2077 4077 2417 4141 sententiae
2466 4076 2810 4142 communis
2844 4096 2919 4140 ne

455 4180 831 4244 mentionem
878 4178 1132 4261 quidem
1164 4177 1422 4241 iniiciat.

547 4284 745 4347 Detur
781 4279 1004 4358 Collet,
1032 4280 1141 4363 qui
1188 4279 1261 4343 dc
1294 4279 1445 4361 Leq.
1480 4301 1613 4364 cap.
1643 4281 1702 4343 5.
1738 4283 1887 4343 sect.
1939 4281 1998 4342 4.
2051 4281 2359 4346 affirmare
2409 4282 2595 4347 audet
2635 4307 2671 4340 ‹
2705 4301 2916 4346 omnes

456 4385 579 4450 fere
626 4385 846 4470 gallos,
882 4403 1209 4469 germanos
1257 4386 1319 4447 et
1366 4382 1677 4466 hispanoS‚
1728 4383 1836 4464 qui
1884 4383 2308 4465 quaestionem
2356 4386 2513 4450 hanc
2547 4386 2914 4469 attigerunt,

459 4487 866 4551 necessariam
914 4506 1044 4551 esse
1092 4505 1197 4568 per
1242 4483 1521 4568 singulas
1578 4484 1926 4568 provincias
1997 4486 2127 4570 egis
2166 4487 2612 4552 ecclesiasticae
2645 4485 2916 4570 publica-
