3529 5158
667 292 771 346 108
1172 303 1386 345 rnacr.
1424 304 1469 344 ι.
1502 304 1588 345 nn
1623 300 1888 344 mimus*
1917 300 2216 344 numm.
2246 299 2443 342 eum
2480 301 2612 342 vm.
2973 287 3121 365 [115]

664 400 931 475 faciatiS,
967 400 1133 482 quod
1178 400 1424 464 nullum
1470 417 1684 464 eorum
1721 397 1825 475 eit,
1859 398 2009 480 quin
2042 400 2188 463 actu
2232 398 2306 462 in.
2341 398 2547 462 Deum-
2577 397 2872 463 ordinetis
2910 402 2974 465 et
3005 400 3121 466 hoc

666 521 775 565 nec
822 504 1217 584 praeceptum
1264 521 1371 566 nec
1419 500 1747 565 consilium
1795 501 1908 577 est,
1957 500 2063 564 sed
2106 500 2248 564 finis
2293 499 2624 583 praecepti,
2656 499 2760 563 ad
2805 502 2970 583 quod
3017 522 3124 586 per

664 604 1090 686 impletionem
1137 604 1449 687 praecepti
1476 603 1868 686 pervenitur3
1914 602 2002 666 sic
2048 602 2212 666 enim
2257 600 2362 666 SS.
2396 603 2460 666 in
2509 602 2716 685 patria
2760 604 2944 668 actus
2976 625 3130 670 suos

665 706 730 770 in
780 707 981 771 Deum
1025 706 1317 771 referunt.
1352 704 1679 770 Sciendum
1711 705 1941 782 tamen,
1973 703 2134 786 quod
2185 704 2718 786 qualitercumque
2749 704 3126 773 affirmative

666 809 1031 891 exponatur,
1054 827 1175 873 non
1207 808 1582 892 intelligitur
1610 808 1731 872 nisi
1754 807 1829 870 de
1861 806 2148 889 operibus
2170 806 2543 871 deliberatae
2567 806 2939 886 voluntati&
2973 809 3123 890 quia

666 910 775 973 illa
827 911 1076 973 tantum
1127 929 1309 993 opera
1358 910 1599 993 proprie
1647 912 1859 974 nostra
1908 908 2027 971 dici
2075 911 2427 991 possunt».

754 1013 854 1076 Ita
886 1031 936 1076 s.
970 1013 1221 1077 Doctor.
1255 1013 1340 1075 Et
1367 1030 1479 1076 noe
1510 1011 1761 1093 quidem
1790 1010 2170 1074 sententiam
2191 1012 2326 1075 eius
2356 1010 2684 1096 diligenter
2714 1014 3120 1095 exquirenteS,

665 1114 836 1196 prius
882 1134 953 1180 ea
1001 1114 1408 1197 expediemue,
1456 1132 1621 1194 quae
1659 1112 1867 1176 minus
1913 1112 2145 1177 habent
2189 1112 2606 1190 difficultatis,
2647 1114 2866 1179 deinde
2913 1116 2992 1180 ad
3035 1116 3119 1193 id,

666 1216 832 1296 quod
876 1217 1067 1298 caput
1110 1216 1223 1291 est,
1271 1233 1451 1279 curas
1497 1214 1898 1280 conferemus.

759 1313 890 1387 115.
940 1316 1116 1396 Quod
1163 1335 1310 1400 ergo
1357 1316 1597 1398 spectat
1641 1314 1719 1378 ad
1766 1315 2008 1397 partem
2053 1316 2411 1398 negativam
2456 1317 2767 1400 praecepti
2803 1318 3126 1383 relationis

668 1438 923 1501 operum
969 1419 1035 1483 in
1065 1420 1285 1493 Deum,
1327 1418 1414 1481 sic
1443 1418 1598 1481 nihil
1631 1416 1801 1480 aliud
1850 1417 2306 1498 praescribitur,
2347 1418 2468 1481 nisi
2499 1419 2573 1482 ut
2602 1419 2788 1484 homo
2835 1422 3057 1492 caveat
3088 1438 3126 1483 a

666 1522 915 1603 peccato
963 1523 1025 1586 et
1071 1521 1296 1585 ideirco
1344 1520 1530 1584 homo
1579 1517 1886 1602 peccando
1931 1518 2231 1600 praeterit
2275 1519 2392 1583 hoc
2437 1523 2853 1603 praeceptum-

756 1623 969 1704 Neque
1017 1608 1225 1687 tamen
1255 1621 1483 1704 duplex
1508 1622 1791 1685 censetur
1836 1621 2178 1701 peccatum,
2212 1619 2362 1683 dum
2392 1619 2531 1702 quis
2578 1624 2898 1704 peccatum
2934 1622 3130 1704 quod·-

667 1726 834 1808 piam
872 1745 930 1788 v,
965 1744 1058 1808 gr.
1092 1723 1603 1806 intemperantiae
1649 1721 2008 1797 committit,
2043 1740 2238 1785 unum
2285 1721 2519 1786 scilicet
2563 1725 2780 1787 contra
2825 1723 3127 1787 virtutem

666 1828 1129 1910 temperantiae,
1157 1828 1424 1890 alterum
1454 1827 1671 1891 contra
1700 1824 2321 1888 virtutemcaritatis.
2349 1822 2594 1889 Caritas
2615 1826 2778 1889 euim
2803 1828 2900 1890 est
2922 1828 3125 1891 virtus

666 1929 989 2013 generalis»,
1024 1947 1182 2010 quae
1212 1928 1478 2009 imperat
1508 1926 1852 1989 virtutibus
1880 1926 2165 1990 omnibus
2194 1926 2596 2008 specialibus;
2630 1930 2881 2010 peccata
2912 1931 3130 1994 autem-

666 2031 931 2113 speciem
968 2029 1279 2112 accipiunt
1324 2048 1361 2093 a
1396 2028 1630 2092 virtute
1667 2026 1920 2110 speciali
1950 2028 2167 2091 contra
2196 2045 2386 2109 quam
2421 2027 2602 2105 fiunt,
2635 2047 2758 2093 non
2806 2048 2843 2093 a
2888 2031 3124 2098 virtute

666 2132 958 2215 generali,
999 2149 1122 2196 non
1168 2149 1342 2195 secus
1373 2149 1445 2194 ac
1482 2129 1645 2193 actio
1676 2129 1846 2193 mala
1875 2147 1998 2192 non
2030 2129 2255 2211 accipit
2281 2130 2545 2211 speciem
2579 2149 2615 2193 a
2645 2131 2783 2215 lege
2825 2136 3120 2216 generali,

667 2252 826 2313 quae
858 2233 1030 2296 iubet
1061 2233 1292 2297 bonum
1339 2250 1468 2295 esse
1499 2230 1847 2295 faciendum
1894 2248 2004 2293 seu
2048 2230 2286 2294 malum
2317 2231 2662 2309 vitandum,
2712 2232 2818 2296 sed
2864 2252 2902 2297 a
2946 2252 3126 2317 prae-

665 2338 842 2418 cepto
874 2335 1128 2418 speciali
1157 2354 1216 2399 v,
1251 2354 1343 2417 gr
1378 2352 1501 2397 non
1537 2332 1866 2409 occidendi,
1902 2331 2328 2395 sanctificandi
2355 2333 2583 2397 festum
2613 2336 2729 2398 etc.
2763 2332 2878 2399 Est
2907 2356 3126 2422 nempe

665 2438 970 2522 generalis
1016 2456 1233 2501 norma
1282 2436 1356 2499 ad
1406 2436 1681 2517 aliquam
1728 2433 1990 2523 speciem
2027 2432 2302 2498 reducta.

755 2540 1136 2605 Advertatur
1165 2557 1302 2616 vox,
1336 2557 1461 2620 qua
1490 2537 1695 2601 utitur
1725 2555 1782 2600 9.
1808 2535 2116 2601 Thomas,
2137 2537 2529 2616 praeteritur
2558 2538 2674 2603 hoc
2705 2486 3120 2622 praeceptum,

664 2645 740 2706 ut
784 2661 1000 2723 nempe
1045 2639 1521 2723 comprehendat
1566 2641 1703 2702 tum
1733 2639 1999 2702 mortale
2045 2640 2366 2721 peccatum
2397 2640 2533 2703 tum
2565 2640 2824 2714 veniale,
2855 2660 3124 2721 quorum

666 2746 933 2807 alterum
979 2742 1206 2807 dicitur
1252 2761 1381 2806 esse
1419 2743 1635 2806 contra
1666 2740 2011 2816 caritatem,
2052 2741 2278 2822 quippe
2308 2741 2472 2822 quod
2519 2742 2806 2806 habitm
2841 2743 3125 2808 caritatis

664 2844 953 2919 excludit,
989 2844 1255 2908 alterum
1302 2861 1446 2907 vero
1492 2843 1721 2906 dicitur
1766 2860 1896 2905 esse
1942 2842 2185 2923 praeter
2205 2889 2210 2894 -
2229 2841 2574 2920 caritatem,
2623 2843 2772 2925 quia
2817 2845 2980 2909 hunc
3009 2845 3125 2910 ha-

665 2947 869 3010 bitum
915 2965 1038 3011 non
1084 2945 1355 3010 excludit
1399 2944 1665 3027 quidem,
1705 2943 1812 3008 sed
1843 2962 1951 3008 nec
1982 2943 2318 3008 secundum
2346 2944 2530 3008 illum
2559 2944 2651 3008 fit.

755 3047 890 3128 Qua
922 3048 996 3112 de
1028 3067 1093 3112 re
1138 3066 1259 3112 non
1309 3046 1739 3121 omittendum,
1775 3043 1941 3127 quod
1972 3063 2020 3109 e.
2055 3043 2326 3109 Thomas
2372 3045 2562 3111 habet
2605 3047 2672 3110 in
2715 3046 2838 3111 fine
2880 3048 3020 3113 lect.
3057 3050 3120 3113 3.

666 3153 745 3216 ad
782 3150 1016 3216 Coloes.
1058 3152 1177 3215 III.
1209 3150 1318 3214 ubi
1348 3150 1490 3232 post
1522 3149 1717 3213 allata
1747 3148 1936 3211 verba
1981 3147 2270 3230 Apostoli
2305 3149 2361 3211 1.
2396 3146 2534 3213 Cor.
2569 3148 2654 3212 Xr
2682 3150 2788 3213 31.
2822 3151 2973 3215 haec
3004 3152 3126 3216 sibi

666 3256 913 3319 obiicit:
945 3277 982 3312 «
1006 3255 1119 3317 aut
1148 3254 1264 3316 hoc
1295 3255 1390 3316 est
1419 3253 1814 3333 praeceptum
1847 3250 1960 3313 aut
1989 3250 2350 3326 consilium;
2384 3251 2439 3314 si
2468 3254 2882 3334 praeceptum,
2909 3257 3124 3336 peccat

666 3358 1038 3436 quicumque
1082 3355 1199 3419 hoc
1245 3373 1364 3418 non
1412 3353 1596 3428 facit;
1631 3353 1736 3417 sed
1768 3353 1980 3434 peccat
2009 3351 2350 3430 venialiter,
2384 3352 2630 3434 quando
2668 3355 2807 3436 quie
2838 3355 2953 3421 hoc
2997 3374 3124 3420 non

667 3457 817 3521 facit
846 3457 1034 3538 (idest
1079 3456 1324 3538 quando
1373 3455 1513 3536 quis
1544 3456 1756 3538 peccat
1801 3454 2145 3532 venialiter,
2179 3454 2295 3518 hoc
2326 3456 2721 3537 praeceptum
2751 3475 2874 3523 non
2906 3457 3121 3541 facit):

664 3579 811 3643 ergo
836 3559 1208 3640 quicumque
1239 3559 1452 3640 peccat
1480 3557 1822 3634 venialiter,
1856 3558 2068 3640 peccat
2096 3556 2449 3621 mortaliter
2476 3557 2638 3622 idest
2667 3559 2747 3623 ob
2776 3563 3120 3643 peccatum,

667 3681 789 3742 quo
837 3660 1292 3745 transgreditur
1322 3661 1715 3742 praeceptum
1763 3659 2044 3723 caritatis
2076 3685 2136 3722 ».

755 3762 820 3827 Si
844 3781 1026 3846 porro
1051 3763 1240 3827 solvit
1264 3762 1702 3826 obiectionem:
1744 3785 1780 3819 «
1818 3760 2211 3844 Respondeo:
2246 3762 2499 3844 quidam
2535 3763 2769 3840 dicunt,
2809 3764 2974 3846 quod
3005 3765 3126 3828 hoe

666 3869 759 3932 est
790 3865 1150 3942 consilium3
1184 3863 1290 3928 sed
1318 3864 1435 3927 hoc
1473 3881 1594 3928 non
1626 3865 1722 3927 est
1750 3882 1985 3927 verum.
2021 3862 2136 3928 Sed
2167 3864 2491 3928 dicendum
2524 3866 2637 3940 est,
2671 3866 2838 3947 quod
2872 3885 2994 3929 non
3027 3869 3128 3930 eet

664 3968 1096 4042 necessarium,
1147 3965 1313 4048 quod
1360 3965 1565 4029 omnia
1611 3965 1677 4028 in
1724 3966 1926 4028 Deum
1962 3965 2306 4028 referantur
2353 3968 2517 4042 actu,
2567 3967 2671 4030 sed
2718 3967 2972 4042 habitu;
3014 3969 3125 4049 qui

664 4072 827 4136 enim
874 4070 1025 4133 facit
1071 4070 1285 4133 contra
1339 4066 1606 4150 gloriam
1652 4066 1768 4130 Dei
1823 4067 1887 4131 et
1944 4068 2267 4150 praecepta
2322 4067 2473 4145 eiua,
2532 4067 2685 4131 facit
2735 4070 2950 4132 contra
3006 4070 3127 4134 hoc

662 4172 1076 4254 praeceptum.
1111 4169 1457 4233 Venialiter
1486 4170 1695 4233 autem
1727 4187 1981 4251 peccans
2019 4187 2140 4234 non
2174 4168 2325 4233 facit
2347 4171 2564 4234 contra
2586 4171 2703 4234 hoc
2726 4173 3127 4254 praeceptum

662 4271 1057 4354 simpliciter3
1093 4272 1241 4353 quia
1271 4272 1417 4335 licet
1447 4290 1568 4335 non
1602 4272 1949 4347 actualiter,
2001 4273 2207 4335 tamen
2254 4272 2664 4336 habitualiter
2689 4271 2877 4337 refert
2914 4275 3126 4340 omnia

660 4375 725 4437 in
757 4376 977 4448 Deum,
1010 4392 1226 4456 nempe
1248 4373 1475 4437 retinet
1499 4373 1795 4437 virtutem
1818 4374 2118 4449 caritati&
2147 4374 2390 4455 quaein
2415 4375 2618 4439 Deum
2642 4374 2802 4438 utin
2825 4376 3130 4444 ultimum

663 4475 849 4539 finem
895 4475 1097 4540 tendit
1128 4499 1189 4539 ».
