3529 5158
782 290 890 345 246
1232 299 1442 341 Tener.
1483 300 1548 339 11.
1586 299 1673 339 Dm
1708 296 2125 340 conscimrul.
2168 294 2367 337 aaron·
2404 294 2469 336 11.
2506 294 2650 336 nun.
2687 293 2778 335 111.
3092 278 3239 354 [215]

782 399 1162 483 probabilem
1201 400 1266 461 et
1309 396 1680 481 regulariter
1715 395 1957 458 debitor
1984 396 2191 473 potest
2217 390 2506 471 amplecti
2554 391 2859 455 iudicium
2890 390 3246 471 probabile.

783 501 1135 566 Advertunt
1180 500 1391 576 etiam,
1423 498 1704 582 regulam
1750 496 2130 580 praedictam
2177 494 2343 577 (scil.
2382 495 2449 557 in
2486 493 2673 558 dubio
2724 492 2945 558 melior
2974 498 3069 558 est
3110 515 3250 559 con-

784 603 939 665 ditio
948 601 1366 682 possidentis)
1404 601 1611 664 locum
1643 600 1866 663 habere
1896 599 2107 673 etiam,
2142 597 2386 679 quando
2413 597 2657 661 animus
2680 597 2887 681 magis
2908 597 3248 680 propendet

783 706 846 770 in
884 704 1259 770 contrariam
1307 706 1580 786 partem;
1614 704 1674 766 se?
1719 703 1886 765 enim
1919 699 2123 764 adhuc
2158 720 2261 763 res
2303 702 2516 763 manet
2558 698 2771 774 dubia,
2810 718 2921 763 nec
2955 699 3045 763 sit
3086 700 3251 763 iude?-

783 809 948 870 cium
964 805 1294 887 probabile
1314 806 1654 886 positivum
1678 823 1803 883 pro
1814 807 2003 883 parte
2026 803 2368 876 contraria,
2394 801 2727 867 favendum
2751 804 2852 867 est
2874 803 3251 885 possessioni

785 910 848 975 et
878 910 1156 974 libertati
1189 935 1250 972 ».

874 1008 1034 1082 215.
1069 1011 1149 1075 Et
1186 1011 1315 1094 ipse
1346 1028 1395 1073 s.
1429 1010 1614 1092 Alph.
1647 1008 1753 1073 lib.
1796 1009 1851 1072 1.
1886 1030 1945 1071 n.
1988 1008 2093 1072 26.
2127 1007 2400 1072 declarat
2437 1006 2888 1090 possessionem
2937 1006 3105 1091 legis·
3133 1008 3252 1072 hoc

786 1120 1002 1200 pacto:
1036 1116 1256 1180 Verbis
1288 1116 1451 1180 enim
1482 1115 1693 1178 citatis
1717 1116 1805 1195 (n.
1838 1115 2015 1196 155.)
2047 1112 2285 1177 subdit:
2318 1136 2355 1171 ‹
2376 1111 2981 1195 Antiprobabilistae
3008 1112 3248 1190 dicunt,

788 1237 1026 1302 semper
1056 1219 1255 1303 legem
1287 1217 1629 1301 possidere;
1671 1235 1783 1281 nos
1816 1235 1959 1280 vero
1992 1215 2273 1291 dicimuS,
2314 1214 2647 1296 aliquando
2680 1215 2997 1297 possidere
3022 1216 3253 1300 legem,

788 1322 1121 1404 aliquando
1157 1321 1530 1396 libertatem,
1565 1338 1783 1402 nempe
1812 1338 1954 1382 cum
1984 1318 2080 1382 lex
2112 1336 2233 1381 non
2258 1318 2353 1381 est
2376 1317 2581 1381 adhuc
2607 1318 3029 1403 promulgata.
3054 1318 3249 1396 Haec,

788 1424 943 1499 dico,
971 1423 1252 1505 quaestio
1270 1426 1393 1487 est:
1421 1422 1526 1487 sed
1550 1440 1727 1485 nemo
1755 1439 1979 1503 negare
2002 1420 2212 1502 potest
2231 1419 2600 1502 principium
2631 1421 3056 1503 possessionis,
3083 1418 3252 1486 Casu

787 1528 1003 1612 igitur,
1038 1546 1160 1608 quo
1200 1525 1472 1609 possidet
1517 1525 1632 1599 lex,
1668 1542 1778 1607 pro
1813 1542 1885 1587 ea
1917 1522 2205 1587 standum
2238 1524 2353 1597 est,
2389 1522 2441 1586 si
2473 1541 2616 1588 vero
2656 1522 2935 1606 possidet
2968 1523 3247 1601 libertas,

789 1627 1080 1693 standum
1106 1646 1215 1711 pro
1239 1628 1546 1691 libertate.
1574 1624 2175 1709 Ad‘dignoscendum
2201 1626 2432 1700 autem,
2459 1642 2570 1706 pro
2595 1642 2720 1705 qua
2744 1626 2922 1707 parte
2952 1623 3253 1687 indubiis

789 1731 916 1794 stet
945 1731 1268 1813 possessi0‚
1309 1727 1640 1792 videndum
1671 1747 1781 1810 pro
1815 1746 1939 1810 qua
1970 1729 2098 1791 stet
2130 1727 2571 1810 praesumptio.
2620 1727 3056 1811 Praesumptio
3106 1746 3251 1792 vero

790 1832 922 1896 stat
966 1850 1075 1914 pro
1124 1851 1196 1897 ea
1244 1832 1438 1913 parte,
1488 1849 1645 1911 quae
1693 1848 1814 1893 non
1863 1831 2109 1893 tenetur
2153 1829 2288 1911 ipsa
2335 1828 2570 1892 factum
2607 1829 2889 1911 probare,
2939 1829 3046 1894 sed
3094 1847 3252 1894 onus

789 1932 1090 2015 probandi
1135 1932 1430 1996 transfert
1472 1931 1538 1995 in
1595 1931 1877 1995 alteram.
1925 1928 2194 1994 Factum
2240 1931 2406 1993 enim
2449 1950 2574 1994 non
2618 1932 3077 2010 praesumitur,
3124 1932 3255 1994 nisi

776 2035 1084 2115 probetur
1113 2036 1155 2098 l.
1192 2038 1253 2108 2,
1286 2032 1441 2115 Dry.
1476 2033 1549 2095 de
1587 2033 1853 2097 Probat.
1894 2033 1980 2096 1η
2017 2033 2201 2097 dubio
2237 2034 2436 2117 igitur
2470 2033 2717 2098 factum:
2758 2054 2882 2099 non
2915 2038 3256 2117 praesumi-

792 2138 915 2211 tur,
957 2136 1062 2200 sed
1100 2137 1196 2200 est
1224 2135 1629 2219 probandum.
1665 2134 1729 2199 Si
1777 2155 1922 2201 vero
1955 2136 2189 2200 factum
2220 2138 2317 2200 est
2345 2138 2604 2213 certum,
2637 2137 2794 2218 puta
2833 2137 2887 2200 si
2930 2138 3256 2202 matrimo-

793 2240 964 2303 nium
988 2240 1151 2303 certe
1174 2242 1270 2303 est
1294 2239 1521 2302 initum
1554 2241 1617 2302 et
1648 2239 1974 2302 dubitatur
2007 2258 2085 2303 an
2120 2238 2238 2302 rite
2267 2238 2495 2302 initum
2534 2238 2636 2314 sit,
2679 2237 2851 2302 aliud
2880 2238 3257 2321 principium

791 2343 1023 2407 servari
1056 2342 1259 2405 debet:
1305 2342 1372 2403 in
1402 2340 1588 2404 dnbio
1620 2360 1796 2404 omne
1832 2339 2067 2420 tactum
2089 2341 2524 2420 praesumitur
2544 2340 2667 2403 rite
2696 2338 2951 2419 factum,
2985 2341 3145 2405 sive:
3186 2344 3258 2405 -in

792 2445 977 2508 dubio
988 2444 1421 2524 praesumitur
1442 2442 1697 2521 factum,
1722 2443 1889 2525 qnod
1911 2442 1984 2507 de
2014 2445 2153 2506 iure
2182 2441 2537 2521 faciendum
2567 2446 2726 2517 erat,
2752 2444 2917 2509 sive:
2955 2444 3261 2508 standtcm

778 2567 904 2628 pro
945 2548 1157 2612 valore
1187 2552 1365 2612 actus
1397 2572 1456 2611 ».

880 2651 1189 2732 Loquitur
1225 2670 1272 2713 S.
1309 2652 1542 2715 Doctor
1573 2651 1637 2714 in
1676 2651 2004 2734 hypothesi
2051 2649 2252 2713 dubii:
2295 2649 2445 2731 quid
2490 2667 2634 2714 vero
2687 2649 2741 2713 si
2780 2651 2988 2732 opinio
3036 2653 3260 2735 proba-

793 2752 936 2815 bilis
980 2752 1189 2815 faveat
1217 2752 1541 2817 libertati?
1571 2751 1640 2814 L.
1683 2753 1742 2815 3.
1778 2753 2029 2815 n.,11·2.
2063 2772 2121 2833 q.
2163 2753 2224 2816 3.
2258 2753 2318 2834 ἓ.
2351 2750 2623 2815 sectmda
2658 2754 2972 2816 sententia
3000 2755 3255 2819 scribit:

801 2878 837 2911 «
858 2852 987 2917 Nec
1017 2854 1159 2918 huic
1184 2854 1395 2918 obstat
1419 2854 1742 2928 sententia,
1780 2872 1968 2935 quam
1993 2853 2187 2917 secuti
2220 2871 2437 2918 sumus
2466 2854 2574 2918 lib.
2612 2854 2670 2918 1.
2697 2874 2757 2919 n.
2786 2855 2892 2920 97.
2919 2856 3053 2919 scil.
3087 2858 3255 2939 quod

792 2957 855 3021 in
888 2957 1074 3021 dubio
1115 2977 1192 3021 an
1224 2958 1319 3022 lex
1351 2959 1596 3040 recepta
1628 2957 1730 3030 sit,
1781 2956 1877 3020 lex
1916 2957 2064 3020 bene
2113 2958 2388 3041 obligat:
2424 2975 2572 3020 nam
2608 2955 2709 3020 hic
2756 2977 2885 3022 mm
2930 2977 3259 3023 versamur

793 3061 862 3122 in
909 3058 1114 3133 dubio,
1147 3059 1260 3122 sed
1285 3061 1355 3122 in
1391 3061 1679 3140 opinione
1702 3058 2045 3138 probabili,
2078 3077 2219 3122 cum
2244 3058 2423 3124 valde
2451 3058 2773 3141 probabile
2810 3060 2897 3125 sit
2931 3079 3004 3125 ex
3042 3063 3259 3126 aucto—

791 3163 978 3227 ritate
1016 3163 1196 3227 DD...
1232 3164 1391 3226 hanc
1412 3163 1612 3246 legem
1645 3181 1769 3226 non
1799 3161 1988 3225 fuisse
2025 3165 2353 3244 receptam.
2389 3163 2461 3226 In
2510 3161 2697 3228 dubio
2745 3163 2909 3229 enim
2940 3181 3261 3247 praesum-

792 3266 923 3349 ptio
957 3266 1086 3329 stat
1130 3285 1241 3347 pro
1278 3266 1434 3350 lege,
1463 3284 1609 3329 ‘cum
1643 3264 1938 3328 delictum
1977 3264 2038 3327 in
2080 3283 2200 3328 non
2248 3265 2593 3348 recipiendo
2623 3267 2826 3351 legem
2856 3267 3093 3332 iustam
3130 3287 3258 3332 non

793 3369 1245 3450 praesumatur.
1285 3366 1543 3445 Qua-ndo
1582 3369 1793 3430 autem
1814 3364 2143 3444 probabile
2179 3370 2289 3441 est,
2328 3368 2494 3449 quod
2540 3369 2843 3454 obligatio
2892 3368 3050 3454 legis
3097 3389 3262 3434 nun-

794 3488 982 3549 quam
1027 3468 1339 3549 inceperit,
1380 3465 1474 3530 vel
1504 3467 1671 3547 qaod
1714 3467 1818 3529 lece
1861 3467 2098 3530 abolita
2127 3469 2231 3542 sit,
2266 3471 2415 3534 tunc
2451 3473 2653 3536 cessat
2683 3471 3111 3554 praesumptio
3146 3491 3258 3555 pro

794 3570 931 3652 lege
969 3573 1034 3632 et
1078 3570 1351 3651 possidet
1385 3569 1640 3633 libertas
1672 3595 1734 3633 ».
1763 3561 1767 3568 ”

884 3673 1090 3753 Atque
1120 3672 1212 3735 ita
1244 3691 1291 3735 s,
1313 3671 1548 3736 Doctor
1579 3672 1728 3736 olim
1752 3672 1968 3737 docuit
1990 3673 2063 3738 de
2094 3674 2401 3755 probabili
2425 3676 2558 3739 voti
2582 3675 3008 3740 satisfactione
3032 3675 3171 3757 (lib.
3197 3678 3258 3742 1.

797 3796 854 3839 n.
887 3775 988 3839 76.
1016 3774 1159 3838 edit.
1189 3793 1284 3838 an.
1313 3774 1567 3857 1757.):
1610 3801 1644 3832 «
1675 3774 1741 3839 Si
1779 3776 1919 3856 quis
1950 3776 2352 3858 probabiliter
2386 3776 2618 3842 iudicet
2651 3777 3004 3860 implevisse
3036 3781 3263 3843 votum

797 3881 925 3945 sive
956 3879 1398 3964 poenitentiam
1434 3883 1547 3944 aut
1590 3879 1879 3944 Officium
1928 3883 1991 3943 et
2027 3880 2275 3958 similia,
2317 3880 2395 3944 ad
2440 3881 2529 3944 nil
2577 3881 2748 3946 aliud
2801 3882 3081 3958 tenetur;
3117 3884 3263 3946 tum

796 3985 942 4066 quia
975 3985 1142 4048 Deus
1174 3984 1501 4048 contentus
1526 3985 1621 4047 est
1644 3983 1716 4046 de
1740 3982 2046 4065 probabili
2076 3983 2289 4067 legum
2313 3982 2754 4060 satisfactione,
2783 3986 2920 4048 tum
2941 3984 3093 4066 quia
3112 4002 3265 4049 cum

798 4086 1097 4170 obligatio
1130 4087 1285 4170 legis
1317 4087 1412 4149 est
1458 4084 1665 4157 dubia,
1714 4084 1789 4147 fit
1824 4084 2012 4148 <lubia
2061 4086 2251 4150 etiam
2298 4086 2603 4168 possessio
2635 4085 2812 4170 legis,
2848 4087 2949 4150 Ita
2995 4106 3267 4150 commu-

801 4189 964 4248 m‘ter
1010 4188 1372 4272 Roncaglia,
1430 4186 1788 4251 Salmantic.
1839 4205 1980 4251 cum
2026 4186 2368 4271 Laymann,
2418 4187 2620 4253 Diana
2656 4189 2773 4254 etc.
2820 4188 3004 4266 Viva,
3054 4188 3264 4274 Lug0,

797 4288 1006 4360 Bardi,
1040 4288 1240 4364 Croix,
1281 4288 1609 4358 Cardenas,
1653 4289 1957 4374 lllsung...
1994 4315 2053 4353 ».
2096 4290 2333 4355 Verum
2366 4291 2427 4354 in
2459 4293 2775 4372 postrema
2806 4290 3079 4356 editione
3110 4291 3268 4357 Bas·-

799 4391 1042 4453 sanensi
1073 4390 1113 4455 1.
1154 4392 1209 4454 1.
1245 4392 1429 4473 paulo
1463 4393 1606 4474 post
1633 4391 1842 4456 locum
1873 4394 2043 4475 prius
2067 4393 2332 4458 citatum
2349 4394 2410 4457 11.
2439 4412 2490 4457 0.
2517 4413 2575 4457 11.
2598 4394 2703 4458 29.
2730 4393 2791 4457 1(1
2818 4395 3265 4460 tantummodo

797 4491 1090 4568 concedit,
1127 4492 1180 4555 si
1219 4519 1253 4550 «
1289 4492 1696 4575 probabilitas
1729 4496 1891 4557 esset
1923 4495 2088 4570 talis,
2123 4494 2289 4577 quod
2310 4513 2702 4578 praesumere
2727 4495 2961 4560 faceret
2984 4495 3273 4577 qaudam
