3529 5158
368 307 518 384 [648]
890 320 1302 364 rnrnnnnp‘rro
1340 319 1509 368 QUAE
1546 320 1622 359 ΕΤ
1660 319 1911 367 QUANTA
1951 319 2095 361 mssa
2131 320 2332 359 manm-
2725 306 2831 362 575

372 419 559 484 fuisse
607 419 680 484 de
726 438 790 484 se
837 420 1148 501 efficacem
1185 420 1248 483 et
1273 420 1537 497 propter
1567 436 1748 479 suam
1794 416 2138 497 efficaciam
2167 416 2452 480 intulisse
2483 417 2830 482 secundam.

372 524 536 609 Ergo
560 524 708 587 illae
734 525 1109 600 voluntates,
1138 522 1381 606 quoties
1406 521 1742 584 intervenit
1769 521 1914 584 talis
1939 520 2362 603 dependentia,
2381 520 2618 585 faciunt
2641 542 2834 586 unum

372 629 438 692 et
467 627 632 691 idem
663 629 986 710 peccatum
1025 653 1086 690 ».

461 727 631 808 Quae
678 728 977 804 doctrina,
1027 731 1099 792 ut
1147 729 1337 810 patet,
1389 746 1509 791 non
1559 728 1866 809 repugnat
1911 726 2226 790 doctrinae
2274 727 2605 802 communi,
2645 747 2831 809 quam

372 851 420 895 S.
454 831 639 914 Alph.
680 832 990 913 sequiturz
1041 830 1145 895 sed
1195 830 1368 894 addit
1400 849 1634 905 casum,
1676 849 1860 910 quem
1899 847 1948 893 s.
1989 829 2171 911 Alph.
2208 848 2329 894 non
2362 829 2608 894 videtur
2644 832 2837 896 consi-

372 934 631 998 derasse.
666 932 880 1015 Neque
925 932 1090 997 enim
1122 932 1256 997 DD.
1295 952 1331 995 a
1364 952 1410 995 s.
1447 932 1630 1014 Alph.
1666 931 1924 1015 allegati
1954 933 2169 995 contra
2201 932 2455 997 eandem
2487 931 2831 997 doctrinam

372 1037 457 1101 sic
488 1036 858 1118 explicatam
895 1034 1215 1118 quidpiam
1245 1034 1496 1111 habent,
1529 1034 1675 1098 licet
1711 1033 2057 1117 generatim
2098 1035 2393 1117 respuant
2440 1034 2737 1099 absonam
2768 1038 2832 1100 et

368 1137 624 1202 crudam
653 1137 765 1201 illa
797 1134 951 1201 Cani
990 1137 1493 1220 propositionem,
1531 1135 1659 1199 scil.
1697 1154 2017 1217 nunquam
2049 1135 2416 1218 interrumpi
2450 1137 2679 1213 actum,
2711 1139 2829 1203 nisi

369 1260 476 1323 per
520 1240 897 1304 contrariam
946 1240 1361 1315 voluntatem,
1397 1257 1587 1320 quam
1621 1237 1826 1301 reiicit
1857 1239 1919 1301 et
1949 1237 2148 1320 Lugo.

459 1335 635 1410 847.
669 1341 873 1405 Verba
922 1342 1132 1406 autem
1169 1340 1370 1405 nostri
1400 1340 1693 1404 Auctoris
1726 1339 1799 1404 de
1831 1339 1945 1403 hac
1978 1359 2042 1403 re
2075 1339 2166 1421 (in
2213 1339 2332 1403 fine
2364 1340 2831 1424 Responsionis)

369 1463 553 1507 sensu
584 1441 928 1507 Cardinalis
953 1443 1130 1527 Lugo
1165 1444 1312 1508 sunt
1344 1442 1730 1525 explicanda3
1758 1442 2043 1524 quamvis
2077 1440 2591 1506 Salmanticenses
2617 1445 2694 1507 tr.
2723 1446 2828 1507 20.

369 1564 501 1627 cap.
541 1545 643 1608 12.
679 1565 738 1608 n.
776 1545 880 1608 33.
917 1545 1038 1608 alio
1070 1545 1231 1609 forte
1265 1564 1451 1609 sensu
1483 1544 1809 1627 accipiant.
1845 1570 1879 1601 «
1903 1544 2030 1608 Alii
2053 1544 2356 1608 Auctores
2383 1545 2728 1628 (inquiunt)
2759 1547 2834 1609 ut

368 1647 731 1710 Filliuccius
763 1646 825 1727 (e
862 1665 985 1726 quo
1022 1646 1258 1709 Auctor
1291 1645 1587 1727 sumpsit)
1622 1648 1685 1708 et
1716 1646 2203 1709 Busembaum...
2233 1644 2508 1709 iudicant
2539 1666 2668 1710 esse
2701 1666 2835 1729 pro-

367 1749 593 1824 babile,
628 1747 792 1829 quod
840 1747 893 1811 si
938 1747 1310 1830 interruptio
1352 1748 1435 1810 sit
1473 1747 1675 1810 brevis
1709 1748 1772 1811 et
1806 1747 2044 1811 accidat
2076 1768 2182 1830 per
2213 1767 2501 1813 somnum
2532 1749 2631 1813 vel
2665 1749 2834 1813 inad-

370 1849 743 1914 vertentiam
792 1849 854 1912 et
900 1849 1538 1925 inconsiderationem,
1580 1850 1729 1912 tunc
1766 1849 2139 1932 interruptio
2187 1850 2296 1913 illa
2346 1853 2439 1914 est
2487 1851 2739 1935 physica
2770 1854 2833 1917 et

366 1970 492 2016 non
530 1950 784 2015 moralis
817 1976 877 2013 ».
914 1950 1084 2029 Quae
1117 1953 1326 2015 tamen
1360 1950 1685 2033 explicatio
1721 1949 1988 2014 recidere
2019 1952 2225 2033 potest
2255 1952 2319 2014 in
2352 1971 2599 2017 sensum
2630 1953 2829 2039 Lug0,

367 2055 676 2136 quatenus
721 2073 832 2136 pro
881 2053 1062 2117 breve
1117 2052 1274 2117 illud
1324 2053 1725 2117 intervallum
1783 2072 1925 2117 cum
1979 2052 2056 2116 iis
2120 2052 2424 2118 adiunctis
2480 2074 2832 2137 permanere

367 2156 536 2239 prior
582 2155 874 2220 voluntas
914 2157 1215 2220 censetur.

456 2257 759 2334 Filliucci,
794 2278 827 2322 e
857 2277 980 2339 quo
1013 2277 1127 2321 sua
1160 2257 1504 2341 desumpsit
1535 2258 1632 2331 A..
1675 2258 1828 2321 haec
1860 2258 2080 2322 habet:
2123 2286 2156 2316 «
2189 2258 2325 2323 Etsi
2357 2259 2604 2323 concedi
2635 2261 2833 2342 possit

368 2380 473 2443 per
518 2359 817 2424 eiusmodi
877 2359 1392 2442 interruptionem
1446 2360 1694 2445 physice
1739 2361 2144 2443 multiplicari
2193 2364 2391 2435 actuS,
2447 2380 2569 2426 non
2622 2365 2831 2425 tamen

368 2463 613 2526 videtur
644 2462 992 2540 moraliter;
1028 2464 1174 2544 quia
1208 2463 1322 2528 hoc
1355 2464 1487 2546 ipso
1508 2462 1692 2563 xquod
1732 2463 2149 2527 involuntarie
2188 2463 2558 2528 distrahitur
2590 2465 2831 2529 animus

368 2566 446 2631 ad
485 2567 628 2644 alia,
660 2569 943 2631 remanet
971 2567 1438 2648 interpretativa
1464 2569 1653 2647 prior
1688 2566 2011 2646 volzmta3;
2044 2588 2184 2633 cum
2222 2587 2342 2633 non
2382 2568 2465 2633 sit
2495 2570 2833 2634 retractata

366 2670 569 2734 adhuc
599 2691 705 2754 per
750 2670 1132 2734 contrarium
1180 2671 1571 2754 propositum
1618 2672 1716 2735 vel
1771 2691 1878 2754 per
1925 2671 2330 2736 cessationem
2375 2672 2832 2738 voluntariam:

366 2773 543 2837 cuius
590 2773 839 2857 signum
882 2774 1000 2852 est,
1036 2773 1184 2855 quia
1231 2773 1283 2836 si
1329 2774 1393 2837 in
1442 2772 1697 2837 eandem
1743 2773 2050 2849 redeatur,
2090 2793 2217 2836 non
2252 2777 2550 2856 tanquam
2586 2776 2654 2839 in
2702 2795 2833 2838 rem

365 2896 589 2938 novam
633 2875 896 2951 reditur,
953 2875 1066 2938 scd
1119 2879 1416 2958 tanquam
1474 2876 1543 2938 in
1592 2875 1857 2938 candem
1919 2879 1979 2938 et
2036 2877 2328 2939 omissam
2373 2875 2833 2952 involuntarie:

364 2978 626 3060 ideoque
670 2998 794 3043 non
841 2978 1088 3044 videtur
1133 2999 1239 3062 per
1286 2978 1589 3042 eiusmodi
1636 2978 2048 3042 cessationem
2099 2978 2590 3043 involuntariam
2635 2998 2834 3042 mora-

365 3081 509 3145 liter
554 3081 924 3163 interrumpi
969 3083 1085 3145 etc.
1121 3106 1181 3144 ».
1224 3081 1393 3158 Quae
1442 3081 1517 3143 ad
1566 3081 1744 3162 Lugo
1794 3079 2186 3162 hypothesim
2235 3080 2402 3142 trahi
2434 3083 2713 3162 possunt.

459 3177 633 3252 848.
669 3182 959 3248 Ceterum
993 3183 1292 3258 doctrina,
1344 3201 1501 3264 quae
1548 3181 2066 3263 interruptionem
2113 3180 2432 3264 physicam
2463 3182 2623 3245 inter
2656 3184 2830 3246 actus

368 3284 668 3366 admittit,
703 3286 808 3351 sed
842 3287 1150 3351 unitatem
1197 3284 1495 3348 moralem
1543 3283 1842 3365 ipsorum,
1894 3282 2082 3346 etiam
2117 3280 2341 3346 Suarez
2374 3283 2596 3365 probat
2628 3285 2830 3365 quoad

369 3388 584 3453 breves
629 3390 931 3471 quasdam
964 3387 1463 3471 interruptiones,
1506 3387 1723 3451 contra
1759 3405 1883 3460 eos⁹
1920 3385 2028 3466 qui
2059 3385 2402 3467 quamlibet
2448 3387 2694 3452 brevem
2739 3388 2833 3452 in-

368 3491 819 3574 terruptionem
851 3491 1131 3556 sufficere
1163 3491 1413 3554 censent
1445 3489 1522 3552 ad
1556 3507 1787 3552 novum
1819 3490 2158 3572 peccatum.

457 3595 558 3658 Ita
587 3594 692 3657 ille
730 3594 803 3657 de
837 3593 1089 3658 Poenit.
1125 3593 1279 3674 disp.
1319 3593 1421 3654 22.
1460 3593 1604 3655 sect.
1660 3593 1719 3655 5.
1755 3613 1817 3655 n.
1859 3593 1959 3654 11.
2003 3593 2334 3674 postquam
2373 3595 2619 3670 statuit,
2656 3599 2831 3661 actus

366 3696 591 3760 habere
621 3695 745 3760 fere
783 3695 1087 3761 eiusmodi
1119 3694 1600 3776 interruptiones
1647 3713 1717 3758 ac
1754 3694 1961 3777 plures
2001 3694 2325 3759 distinctas
2359 3697 2671 3772 entitates,
2705 3718 2835 3780 per-

366 3798 495 3883 git:
539 3824 573 3855 «
606 3798 1030 3863 Nihilominus
1065 3800 1272 3861 tamen
1313 3797 1374 3860 in
1410 3796 1617 3860 ordine
1669 3796 1744 3859 ad
1789 3796 2251 3872 confessionem,
2288 3797 2350 3860 in
2383 3817 2504 3877 qua
2538 3798 2835 3863 iudicium

368 3901 643 3964 humano
675 3901 858 3964 modo
893 3902 1225 3973 exercetur,
1260 3898 1369 3962 illa
1423 3899 1795 3981 interruptio
1827 3918 1948 3963 non
1985 3900 2078 3961 est
2123 3898 2398 3970 moralis,
2433 3898 2535 3962 sed
2582 3900 2834 3983 physica

370 4003 619 4067 tantum
666 4005 730 4066 et
775 4002 1215 4084 consequenter
1264 4019 1388 4064 non
1444 4001 1711 4064 sufficiet
1750 4000 1826 4064 ad
1861 3999 2319 4064 distinctionem
2350 4002 2725 4066 numericam
2771 4003 2835 4067 in

370 4105 748 4170 confessione
783 4104 1232 4189 explicandam3
1279 4103 1427 4184 quia
1460 4102 1569 4165 illa
1597 4103 1989 4185 interrupti0‚
2024 4101 2269 4183 quando
2303 4105 2396 4166 est
2419 4104 2602 4167 nimis
2633 4103 2835 4169 brevis

370 4208 430 4271 et
461 4208 790 4284 naturaliS,
833 4209 1065 4288 absque
1112 4205 1364 4289 speciali
1402 4205 1788 4269 advertentia
1822 4205 1917 4268 vel
1957 4205 2300 4279 voluntate,
2335 4224 2442 4268 nec
2491 4206 2696 4288 potest
2727 4207 2836 4271 hu-

368 4328 553 4374 mano
602 4308 787 4374 modo
835 4310 1122 4395 cognosci
1154 4310 1265 4373 aut
1297 4308 1593 4392 explicari
1639 4327 1748 4371 nec
1787 4307 1991 4372 variat
2037 4308 2270 4372 morale
2319 4307 2633 4374 iudicium.
2669 4310 2832 4394 Ergo

369 4432 476 4496 per
522 4432 588 4478 se
637 4412 715 4477 ad
762 4414 1203 4478 confessionem
1236 4433 1361 4479 non
1394 4412 1680 4496 pertinet.
1720 4413 1879 4476 Item
1912 4413 2058 4493 quia
2091 4413 2214 4476 ista
2247 4415 2341 4476 est
2373 4413 2674 4496 quaedam
2707 4436 2834 4480 mo-

369 4517 518 4580 ralis
551 4515 977 4590 continuatim
1029 4516 1177 4597 quia
1223 4535 1418 4597 neque
1465 4515 1837 4597 interruptio
1887 4515 1982 4579 est
2015 4515 2333 4580 moraliter
2370 4517 2724 4581 voluntaria
2771 4520 2833 4582 et
