3529 5158
691 272 801 327 376
1169 284 1380 325 TnAcr.
1421 284 1509 324 111.
1549 284 1634 323 nn
1671 282 1950 324 moruus,
1989 283 2187 324 CAPUT
2224 283 2305 324 iv.
2345 282 2488 325 nnn.
2526 284 2566 322 1.
2608 282 2671 321 11.
3019 267 3160 342 [383]

692 384 816 467 git;
867 383 1013 464 quia
1062 384 1210 446 tunc
1254 381 1319 445 in
1366 380 1622 445 confuso
1668 380 1893 444 saltem
1940 398 2174 444 errores
2221 378 2557 462 praevidet,
2592 397 2749 461 quos
2804 397 2926 444 non
2975 379 3157 444 infor-

689 487 899 549 matus
933 487 996 548 et
1032 484 1376 548 instructus
1417 483 1744 547 admittere
1770 482 2001 565 poterit
2031 484 2095 546 et
2125 500 2339 546 cavere
2370 500 2492 545 non
2517 484 2715 546 curat.
2752 480 2818 546 Si
2848 501 2993 546 vero
3020 482 3154 565 quis

690 588 752 651 in
791 607 1043 652 munere
1092 607 1203 652 suo
1244 586 1621 651 sufficienter
1659 587 1843 649 antea
1862 605 1924 649 se
1957 585 2267 649 curaverit
2299 584 2523 648 instrui
2557 585 2620 648 et
2651 584 3057 649 nihilominus
3095 584 3152 649 in

687 710 755 754 re
801 691 1097 772 quapiam
1145 690 1462 762 erraverit,
1496 708 1655 771 quae
1703 708 1930 753 munus
1979 690 2091 751 aut
2138 688 2378 751 statum
2425 686 2735 770 respiciat,
2774 707 2895 753 non
2937 689 3015 752 ob
3061 709 3156 752 ne·

687 792 1077 877 gligentiam,
1115 792 1224 856 sed
1258 792 1334 856 ob
1359 791 1781 855 invincibilem
1820 790 2240 875 ignorantiam
2278 791 2391 854 aut
2420 789 2841 855 invincibilem
2873 790 3155 855 inadver-

690 895 972 969 tentiam,
1008 895 1085 958 ab
1119 895 1286 958 omni
1318 912 1571 977 prorsus
1595 871 2032 976 culpa’utique
2063 891 2218 956 liber
2250 893 2413 956 esset
2444 917 2504 955 ».

778 994 895 1059 Sed
919 998 1205 1059 revocate
1229 994 1293 1058 in
1321 996 1610 1070 mentem,
1641 1015 1802 1072 eum,
1830 994 1956 1076 qui,
1992 994 2238 1078 ineptus
2272 994 2568 1077 alioquin,
2612 995 2873 1078 suscipit
2905 1015 3151 1067 munus,

686 1101 836 1162 tunc
874 1118 1123 1181 peccare
1160 1099 1287 1162 imo
1321 1117 1450 1162 esse
1488 1098 1552 1161 in
1598 1098 1729 1182 iugi
1766 1099 1937 1161 statu
1980 1098 2233 1180 peccati,
2270 1096 2418 1161 dum
2450 1097 2740 1175 advertit,
2791 1097 2944 1180 quid
2990 1117 3154 1181 prae-

687 1203 853 1266 stare
892 1201 1138 1264 deberet
1171 1203 1233 1264 et
1269 1201 1553 1286 negligit.
1584 1200 1819 1264 Beatus
1868 1220 2010 1265 vero
2044 1218 2167 1264 non
2198 1201 2735 1264 commensuratur
2765 1200 3031 1285 singulis
3068 1221 3153 1265 er-

688 1303 960 1377 roribus;
998 1322 1189 1384 aeque
1237 1302 1398 1367 enim
1446 1321 1586 1365 reus
1621 1304 1732 1379 est,
1786 1302 1837 1365 si
1887 1301 1949 1364 in
1989 1302 2233 1365 nullum
2284 1321 2550 1366 errorem
2588 1301 2851 1366 fortuito
2900 1302 3149 1367 incidat.

689 1406 826 1470 Hoc
859 1407 1033 1489 patet
1070 1424 1141 1469 ex
1173 1405 1376 1470 indole
1409 1406 1805 1487 peccatorum
1837 1404 1898 1467 in
1939 1423 2146 1482 causa,
2197 1423 2464 1486 quorum
2509 1406 2721 1469 reatus
2763 1424 2887 1469 non
2935 1406 3155 1488 pendet

689 1509 767 1571 ab
798 1509 1049 1572 effectus
1088 1508 1496 1572 exsecutione.
1532 1505 1624 1571 Cf.
1658 1507 1700 1570 l.
1737 1528 1789 1570 c.
1826 1506 1900 1569 de.
1938 1506 2208 1570 Actibus
2245 1505 2538 1571 humanis
2560 1528 2619 1572 11.
2658 1508 2763 1572 54.

1437 1707 1613 1772 Unde
1645 1706 2044 1769 resolvuntur
2075 1704 2142 1767 hi
2180 1704 2399 1769 Casus.

795 1863 992 1915 Lxxtt.
1026 1866 1071 1915 ν1.
1093 1863 1146 1915 Si
1172 1861 1280 1928 quis
1310 1862 1389 1915 dic
1415 1862 1601 1927 ieiunii,
1630 1862 1746 1914 nibil
1769 1862 1988 1925 cogitans
2016 1864 2077 1915 de
2105 1870 2382 1929 praecepte,
2408 1870 2579 1917 coenet
2608 1871 2691 1916 aut
2716 1879 2887 1918 carnes
2911 1867 3152 1925 comedat,

691 1962 786 1999 non
820 1954 1011 2012 peceat:
1039 1947 1264 2001 similiter
1289 1946 1338 2000 in
1362 1947 1488 2011 aliia,
1521 1953 1575 1998 ut
1612 1947 1654 2000 si
1693 1946 1890 2000 occidas
1917 1946 2178 2011 hominem,
2205 1953 2381 2013 putans
2407 1962 2517 2000 esse
2543 1951 2712 2001 teram.
2736 1951 2855 2003 Bon.
2884 1965 2931 2015 q.
2961 1951 3009 2001 8.
3034 1964 3077 2016 p.
3100 1952 3148 2001 3.

799 2032 1021 2084 LXXlll.
1051 2034 1097 2084 2.
1118 2031 1170 2085 Si
1197 2031 1244 2084 in
1272 2031 1431 2098 aliqua
1461 2046 1514 2085 re
1544 2038 1727 2085 tantum
1754 2034 1986 2085 advertas
2012 2030 2246 2084 malitiam
2276 2031 2422 2085 unius
2457 2032 2667 2097 generis,
2694 2032 2825 2087 illam
2854 2036 3009 2088 solam
3036 2050 3145 2088 con-

689 2115 862 2180 tranis,
893 2122 947 2169 nt
974 2132 1021 2168 V.
1047 2132 1120 2181 gr.
1147 2116 1189 2170 si
1214 2117 1323 2183 quis
1350 2124 1611 2181 cognoscat
1639 2116 1879 2180 feminam,
1905 2131 2048 2183 quam
2082 2116 2174 2170 scit
2200 2132 2295 2170 non
2321 2131 2430 2170 esse
2456 2132 2612 2181 suam,
2637 2117 2831 2181 ignorat
2850 2125 3013 2173 autem
3039 2132 3149 2173 esse

687 2199 1110 2264 consanguineam,
1135 2200 1178 2255 is
1206 2201 1573 2256 fornicationem
1614 2209 1816 2263 tantum,
1843 2204 1919 2254 vel
1950 2199 2237 2254 adulterium
2268 2200 2540 2263 committit,
2562 2216 2657 2255 non
2691 2202 2952 2259 incestum.
2980 2207 3146 2268 Laym.

689 2289 719 2338 1.
751 2290 797 2340 l.
827 2294 858 2341 t.
894 2290 941 2340 2.
968 2303 1010 2340 c.
1038 2288 1085 2341 4.
1113 2290 1232 2341 Bon.
1263 2292 1291 2340 Ι.
1325 2303 1366 2341 c.

777 2393 996 2460 Clarae
1030 2399 1194 2461 sunt.

1781 2557 1942 2622 Due.
1978 2557 2060 2621 II.

1598 2701 1709 2763 An
1742 2705 1941 2764 met-us
1978 2704 2240 2764 coeeuset.

795 2876 1024 2928 Lxxw.
1048 2876 1194 2941 Resp.
1214 2874 1267 2928 Si
1293 2890 1353 2928 ex
1383 2880 1511 2928 metu
1541 2873 1674 2936 τεοῖς,
1697 2876 1828 2939 quod
1854 2873 2140 2941 simpliciter
2161 2877 2340 2927 malum
2361 2880 2453 2939 est,
2469 2889 2647 2941 peccas
2671 2873 2895 2940 quidem:
2918 2874 3142 2929 minuitur

689 2968 849 3015 tamen
868 2975 957 3028 per
982 2967 1163 3015 metum
1184 2960 1393 3028 malitia;
1416 2959 1527 3027 quia
1556 2959 1788 3013 minuitur
1815 2959 2028 3013 libertaS.
2052 2958 2245 3013 interim
2273 2973 2420 3024 saepe
2448 2961 2518 3023 nt,
2548 2965 2600 3012 ut
2624 2967 2884 3027 praecepta
2912 2962 3140 3027 quaedam

687 3061 783 3099 non
810 3045 1043 3110 obligent,
1069 3060 1178 3099 cum
1211 3060 1377 3100 eorum
1406 3044 1688 3098 observatio
1726 3046 1919 3098 cederet
1958 3041 2006 3098 in
2036 3057 2182 3108 grave
2209 3042 2417 3096 alicuius
2454 3043 2834 3108 incommodum,
2861 3051 2910 3098 et
2950 3053 3077 3111 tunc,
3103 3043 3141 3097 si

686 3144 748 3183 ex
787 3137 917 3184 metu
958 3129 1069 3183 talis
1105 3128 1397 3183 incommodi
1436 3129 1545 3195 quis
1583 3131 1678 3182 tale
1717 3135 2030 3195 praeceptum
2069 3126 2277 3187 omittat.
2316 3142 2411 3180 non
2450 3133 2646 3193 peccat;
2684 3142 2793 3181 cum
2833 3136 3139 3195 praeceptum

686 3229 781 3269 non
819 3213 951 3280 liget.
979 3217 1066 3268 Est
1102 3214 1388 3268 communis·

776 3321 955 3402 Quod
988 3325 1192 3387 metus
1226 3323 1436 3407 gravis
1471 3322 1734 3386 alicuius
1767 3322 1917 3385 mali
1957 3321 2204 3396 efficiat,
2242 3323 2313 3384 ut
2344 3321 2525 3405 culpa
2563 3322 2766 3387 minor
2804 3326 3138 3388 censeatur.

691 3425 1036 3488 communis
1071 3442 1284 3487 sensus
1315 3424 1625 3488 humanus
1658 3424 1894 3487 fatetur
1919 3425 1982 3488 et
2004 3424 2295 3488 innititur
2318 3424 2682 3489 manifestae
2706 3426 2957 3500 rationi,
2985 3426 3139 3509 quod

687 3526 818 3590 scil.
854 3527 1104 3608 peccata
1143 3526 1269 3589 sint
1315 3526 1698 3590 infirmitatis
1737 3528 1967 3609 potiuS,
2012 3546 2200 3608 quam
2231 3527 2529 3590 malitiae.
2565 3527 2727 3591 Hinc
2758 3530 2959 3593 minui
2991 3529 3137 3594 solet

686 3647 901 3711 poena.

775 3729 952 3810 Quod
977 3730 1192 3795 itidem
1225 3732 1527 3813 quaedam
1567 3732 1735 3816 leges
1768 3751 1889 3796 non
1923 3731 2173 3815 exigant
2212 3732 2641 3808 obedientiam,
2676 3734 2924 3815 quando
2957 3755 3137 3820 grave

688 3832 939 3915 aliquod
971 3833 1209 3897 malum
1242 3833 1582 3910 immineat,
1618 3853 1713 3897 res
1746 3837 1841 3897 est
1872 3835 2221 3899 manifesta.
2258 3836 2328 3899 Id
2376 3854 2519 3901 vero
2566 3836 2789 3900 melius
2815 3857 2886 3900 ex
2919 3839 3138 3902 resolu-

687 3935 961 4001 tionibus
994 3936 1353 4018 explicatur.

1323 4075 1388 4143 U
1381 4075 1499 4139 nde
1522 4074 1922 4140 resolvuntur
1944 4080 2264 4158 sequentes
2297 4075 2514 4141 Casus,

795 4219 999 4270 LXXV.
1027 4219 1070 4269 l.
1094 4219 1411 4283 Praeceptum
1440 4219 1659 4269 naturale
1680 4214 1975 4280 negativum,
2000 4214 2265 4282 prohibens
2291 4230 2392 4269 rem
2419 4215 2675 4270 intrinsece
2696 4220 2892 4285 malam,
2912 4234 3007 4272 non
3033 4217 3135 4271 licet

687 4302 890 4366 violare,
920 4318 978 4355 ne
1016 4304 1079 4354 ob
1118 4309 1298 4354 metum
1338 4300 1530 4365 quidem
1569 4300 1758 4354 mortis.

775 4408 953 4482 383.
989 4411 1152 4474 Bene
1179 4410 1356 4473 notat
1390 4409 1522 4472 heic
1555 4431 1601 4472 s.
1638 4408 1822 4493 Alph.
1856 4410 1963 4474 lib.
2004 4411 2059 4473 1.
2095 4432 2154 4475 n.
2200 4410 2368 4488 175„
2410 4412 2575 4493 quod
2607 4412 2658 4476 si
2693 4411 3025 4496 aliquando
3058 4410 3136 4474 vi-

685 4514 905 4578 deatur
923 4512 1144 4577 violari
1168 4514 1562 4593 praeceptum
1597 4512 1959 4596 negativum
1992 4532 2114 4577 nou
2146 4513 2410 4592 furandi,
2447 4533 2567 4579 non
2602 4513 2932 4589 occidendi,
2959 4535 3014 4577 v,
3043 4531 3129 4596 gr.
