3529 5158
733 355 839 411 182
1196 377 1408 418 mor.
1447 378 1512 418 11.
1551 378 1637 419 mn
1672 378 2094 422 consonamus.
2131 379 2328 423 capua·
2366 378 2432 419 11.
2470 377 2615 419 nun.
2654 376 2721 416 11.
3047 360 3194 438 [185]

729 472 944 534 contra
969 490 1032 535 se
1055 472 1243 537 habet
1263 475 1571 540 rationem
1594 478 2072 541 convincentem.
2096 478 2196 541 Ita
2219 474 2630 542 communiter
2653 472 2876 537 modus
2892 473 3195 555 loquendi

729 572 1074 637 Doctorum
1109 601 1141 633 »
1162 624 1176 639 .

819 677 1018 740 Debet
1060 677 1257 760 igitur
1289 679 1403 742 niti
1435 682 1707 755 motiv03
1744 701 1916 745 secus
1948 701 2069 746 non
2109 681 2436 746 inclinaret
2483 695 2822 742 assensum.
2848 642 3193 742 'Motivum

718 780 939 850 ,autem
985 778 1165 844 debet
1210 799 1339 845 esse
1369 802 1579 862 qrave,
1617 783 1780 864 quod
1816 784 2050 849 scilicet
2088 784 2166 848 ad
2206 800 2525 847 assensum
2555 779 2964 844 determinare
3000 783 3195 861 queat

710 880 1093 963 prudentem
1129 881 1334 946 virum
1365 884 1429 947 et
1458 904 1588 949 rem
1620 886 2021 951 verisimilem
2058 886 2314 950 efficere.

814 984 1007 1048 Porro
1024 1004 1212 1063 yrcwe
1229 986 1536 1050 motivum
1554 1006 1846 1070 apparere
1862 988 2044 1053 debet
2064 1009 2188 1056 non
2212 989 2417 1054 solum
2438 983 2736 1061 absolute,
2758 1002 2976 1047 verum
3001 984 3196 1049 etiam

722 1084 982 1151 relative
1019 1086 1094 1149 ad
1128 1087 1417 1164 rationeS‚
1451 1108 1610 1169 quae
1658 1092 1830 1155 stant
1862 1110 1971 1174 pro
2006 1094 2180 1174 parte
2228 1089 2542 1174 opposita3
2585 1087 2638 1150 si
2684 1086 2850 1151 enim
2896 1085 3197 1168 inspectis

722 1187 1066 1253 contrariae
1091 1189 1287 1270 partis
1309 1190 1656 1256 rationibus
1689 1193 1783 1256 vis
1814 1194 2037 1258 motivi
2061 1194 2279 1266 cessat,
2299 1210 2421 1256 non
2446 1191 2656 1272 potest
2677 1187 2801 1252 dici
2825 1188 3193 1270 probabilis.

721 1291 999 1372 Denique
1023 1310 1213 1373 grave
1246 1292 1621 1376 intelligitur
1650 1295 1982 1365 motivum,
2016 1296 2180 1377 quod
2218 1294 2344 1358 tale
2377 1292 2664 1356 videatur
2695 1290 3056 1357 homiuibus
3089 1311 3192 1373 pe-

724 1394 890 1469 ritis;
925 1392 1063 1456 inde
1096 1393 1259 1458 enim
1289 1397 1553 1471 constat,
1581 1397 1736 1462 illud
1770 1416 1899 1462 esse
1930 1397 2219 1463 idoneum
2253 1395 2329 1460 ad
2361 1393 2843 1477 permovendum
2873 1392 3192 1458 hominem

722 1496 842 1561 rite
872 1497 1245 1578 dispositum
1293 1497 1370 1561 ad
1406 1499 1904 1583 intelligendum.

811 1599 1081 1664 Additur
1116 1602 1348 1675 autem,
1381 1601 1546 1682 quod
1593 1620 1715 1666 non
1753 1601 1937 1666 debet
1971 1602 2292 1667 adversam
2324 1603 2547 1667 habere
2584 1600 2889 1665 rationem
2937 1600 3194 1664 convin-

718 1703 974 1766 centem.
1016 1702 1106 1767 Ut
1134 1703 1300 1766 enim
1331 1704 1538 1785 opinio
1564 1705 1648 1769 sit
1679 1704 2036 1787 probabilis,
2064 1704 2269 1786 inquit
2298 1702 2704 1769 Reiffenstuel
2735 1702 2777 1765 l.
2814 1721 2864 1766 c.
2906 1726 2942 1759 «
2974 1703 3093 1767 hoc
3124 1703 3188 1767 in

721 1804 935 1887 primis
966 1805 1322 1885 requiritur,
1356 1805 1522 1886 quod
1545 1825 1667 1869 non
1700 1807 1785 1870 sit
1815 1809 2033 1871 contra
2056 1805 2308 1871 Sacram
2338 1806 2743 1889 Scripturam,
2770 1803 3191 1868 definitionem

721 1906 1046 1983 Ecclesiae,
1075 1907 1438 1971 traditiones
1463 1908 1725 1972 Patrum
1750 1910 1864 1972 aut
1892 1909 2249 1973 unanimem
2270 1909 2595 1975 doctorum
2619 1925 3018 1983 consensum3
3047 1926 3194 1971 nam

721 2008 926 2091 opinio
973 2009 1038 2072 in
1085 2009 1293 2090 aliquo
1340 2011 1565 2076 horum
1609 2011 1893 2076 deficiens
1932 2031 2051 2076 non
2092 2014 2223 2076 tam
2262 2012 2470 2094 opinio
2503 2010 2733 2076 censeri
2778 2009 2960 2074 debet
2997 2029 3190 2091 quam

719 2112 831 2174 aut
860 2112 1128 2176 haeresis
1169 2113 1281 2176 aut
1311 2131 1481 2178 error
1519 2118 1633 2178 aut
1663 2115 1992 2179 temeritas
2034 2140 2093 2177 ».

806 2213 982 2278 Alias
1013 2232 1237 2295 easque
1283 2214 1473 2279 falsas
1521 2216 1906 2282 definitiones
1941 2216 2075 2280 vide
2123 2215 2287 2298 apud
2334 2214 2518 2281 Croix
2562 2216 2604 2279 l.
2645 2217 2701 2278 1.
2738 2235 2796 2279 n.
2830 2215 2977 2277 104.
3014 2232 3191 2295 seqq.

713 2317 1002 2382 Praestat
1046 2316 1269 2382 referre
1315 2319 1687 2383 sententiam
1718 2320 1943 2403 Thyrsi
1976 2318 2303 2395 Gonzalez‚
2340 2319 2518 2383 cuius
2563 2318 2626 2382 in
2675 2304 3189 2401 praecedentibus

712 2420 1090 2486 mentionem
1135 2420 1261 2484 iam
1307 2420 1440 2485 fieri
1465 2422 1763 2503 oportuit.
1800 2424 1939 2505 lpse
1976 2441 2122 2505 ergo
2162 2422 2402 2486 dissert.
2444 2423 2500 2485 1.
2534 2442 2593 2485 n.
2630 2422 2742 2484 34.
2786 2420 2863 2484 ad
2894 2419 3193 2501 probabi-

712 2523 960 2589 litatem
984 2522 1288 2606 opinionis
1320 2524 1532 2607 exigit,
1565 2526 1639 2588 ut
1678 2550 1712 2583 «
1752 2526 2114 2608 apparentia
2151 2523 2436 2588 veritatis
2467 2523 2552 2588 sit
2576 2524 2775 2599 tanta,
2811 2524 2884 2587 ut
2915 2521 2979 2586 vi
3010 2521 3189 2586 illius

713 2627 1044 2710 prudenter
1074 2626 1307 2707 possim
1336 2626 1627 2702 iudicare,
1674 2628 1853 2692 illam
1898 2647 2029 2693 esse
2074 2646 2286 2692 veram
2332 2646 2441 2691 seu
2488 2628 2563 2690 ut
2608 2627 2905 2708 appareat
2938 2643 3084 2690 vera
3119 2651 3155 2684 »
3174 2673 3190 2688 .

710 2729 905 2810 Atqm
954 2728 1006 2792 si
1053 2730 1311 2810 apparet
1355 2748 1520 2806 vera,
1555 2748 1677 2794 non
1726 2731 1846 2793 erit
1889 2731 2245 2812 probabilia
2274 2729 2378 2794 sed
2415 2731 2602 2794 certa.
2639 2728 2874 2794 Verum
2905 2728 3005 2792 hic
3053 2728 3191 2792 Au·

711 2832 847 2896 ctor
891 2832 1186 2913 perpetuo
1219 2831 1429 2905 nutat3
1465 2832 1612 2912 quia
1644 2832 1971 2895 conciliare
2008 2832 2150 2896 vult
2176 2831 2679 2905 inconciliabilis,
2725 2830 2959 2895 scilicet
2989 2830 3192 2895 incer-

711 2932 1044 2998 titudinem
1074 2933 1139 2997 et
1169 2931 1602 2997 certitudinem
1634 2953 1705 2997 ex
1737 2933 1951 2997 eodem
1997 2934 2260 2998 motivo.

800 3034 1280 3110 Advertendum‚
1316 3035 1486 3099 aliud
1531 3053 1662 3099 esse
1709 3036 2062 3118 opinionem
2091 3036 2495 3118 probabilem,
2535 3034 2704 3100 aliud
2738 3034 3058 3107 tutiorem,
3112 3038 3187 3100 ut

710 3138 921 3203 monet
966 3136 1191 3202 Suarez
1222 3136 1287 3201 in
1325 3137 1367 3201 l.
1403 3139 1464 3201 2.
1499 3139 1576 3200 tr.
1612 3140 1673 3202 3.
1707 3139 1766 3202 d.
1807 3139 1909 3201 12.
1944 3140 2089 3203 sect.
2125 3140 2186 3202 6.
2219 3159 2280 3202 n.
2326 3141 2383 3202 1.
2425 3164 2459 3196 «
2492 3137 2654 3202 Nam
2702 3137 2973 3220 primum
3015 3137 3178 3202 illud

710 3240 938 3306 dicitur
982 3240 1047 3305 in
1095 3240 1304 3305 ordine
1337 3240 1407 3303 ad
1445 3241 1773 3305 veritatem
1820 3241 2021 3324 magis
2068 3241 2166 3306 vel
2195 3241 2403 3305 minus
2436 3243 2786 3305 ostensam:
2820 3240 2938 3304 hoc
2970 3243 3189 3304 autem

708 3343 1045 3408 secundum
1075 3343 1322 3406 videtur
1352 3342 1550 3407 dicere
1589 3343 2040 3408 ordinationem
2079 3344 2158 3408 ad
2204 3343 2476 3424 aliquem
2507 3343 2693 3407 finem
2729 3360 2838 3406 seu
2869 3343 3178 3409 maiorem

708 3444 1053 3508 utilitatem
1101 3443 1178 3507 ad
1223 3443 1444 3507 illum:
1480 3445 1791 3525 quomodo
1843 3466 1899 3509 v.
1948 3466 2041 3529 gr.
2078 3446 2304 3528 opinio,
2345 3465 2505 3527 quae
2539 3445 2689 3510 olim
2724 3445 2968 3510 dicebat
3000 3464 3187 3528 posse

711 3545 949 3610 absolvi
997 3545 1314 3609 absentem
1344 3545 1408 3609 in
1455 3565 1601 3610 casu
1649 3548 2056 3620 necessitatis,
2088 3567 2153 3612 re
2185 3566 2329 3612 vera
2360 3548 2568 3613 minus
2614 3547 2956 3630 probabilis
2987 3548 3190 3613 etiam

708 3647 858 3711 tunc
879 3648 1032 3720 erat,
1063 3649 1270 3711 tamen
1301 3647 1377 3710 ad
1426 3647 1769 3712 iuvandum
1801 3649 2149 3730 proximum
2180 3651 2316 3713 erat
2339 3650 2538 3715 tutior
2588 3675 2649 3714 ».

801 3744 953 3818 185.
989 3749 1110 3813 Pro
1159 3749 1329 3814 vario
1377 3737 1565 3820 fonte,
1600 3750 1760 3814 unde
1809 3752 2044 3833 petitur
2072 3752 2382 3817 motivum
2420 3771 2527 3818 seu
2557 3753 2720 3817 ratio
2755 3753 3004 3834 pariens
3041 3774 3196 3836 pro-

708 3851 1118 3926 babilitatem,
1153 3851 1303 3915 haec
1334 3851 1563 3916 dicitur
1609 3854 1706 3917 vel
1741 3855 2085 3917 intrinseca
2115 3854 2214 3918 vel
2247 3855 2622 3918 extrinseca.

795 3954 1153 4022 Intre'nseea
1199 3953 1426 4018 dicitur
1471 3956 1900 4037 probabilitas,
1967 3976 2109 4020 cum
2170 3957 2334 4020 ratio
2398 3957 2745 4020 desumitur
2811 3977 2882 4021 ex
2945 3960 3181 4024 natura

709 4057 932 4122 obiecti
964 4059 1077 4120 aut
1113 4057 1283 4121 illius
1330 4057 1836 4138 proprietatibuS‚
1887 4077 1958 4123 ex
2005 4057 2229 4135 causis,
2292 4077 2363 4123 ex
2417 4058 2753 4136 effectibnS‚
2802 4079 2873 4124 ex
2919 4061 3190 4126 circum·

713 4159 984 4222 stantiiS.

797 4258 1178 4321 Extrinseca
1216 4258 1459 4336 dicitur,
1495 4261 1740 4342 quando
1767 4261 2114 4325 desumitur
2152 4282 2221 4326 ex
2262 4262 2619 4328 testimonio
2652 4284 2762 4329 seu
2796 4266 3185 4331 auctoritate

712 4359 1056 4434 doctorum,
1096 4360 1204 4441 qui
1235 4361 1490 4426 eandem
1521 4363 1893 4426 sententiam
1929 4363 2201 4428 tradunt.

797 4461 988 4544 Saepe
1020 4463 1231 4527 autem
1268 4463 1359 4540 fit,
1386 4466 1462 4527 ut
1507 4465 1914 4546 probabilitas
1946 4467 2251 4530 coalescat
2298 4486 2371 4531 ex
2422 4468 2686 4549 utroque
2716 4468 3035 4534 rationum
3067 4491 3186 4556 ge-

709 4584 869 4642 nere,
896 4565 1142 4647 quando
1168 4584 1383 4648 nempe
1414 4566 1767 4630 rationibus
1804 4567 2150 4633 intrinsecis
2182 4568 2545 4653 adiungitur
2561 4569 2721 4636 ratio
2759 4572 3190 4639 auctoritatis,
