3529 5158
705 370 812 424 128
1324 385 1537 426 rmor.
1578 386 1642 425 11.
1681 385 1768 425 nr:
1803 384 2224 426 conserimus.
2265 384 2465 425 CAPUT
2500 385 2539 424 1.
3017 371 3172 439 (134)

705 500 762 562 q.
803 480 905 544 17.
942 483 1060 545 art.
1108 483 1203 546 1.:
1246 509 1281 540 «
1313 481 1684 565 Applicatur
1730 484 1942 546 autem
1981 482 2191 563 aliqua
2235 481 2466 545 notitia
2513 480 2591 545 ad
2637 481 2908 563 aliquem
2957 484 3169 546 actum

702 581 1050 665 dupliciter.
1090 584 1230 649 Uno
1263 584 1447 649 modo
1481 583 1818 649 secundum
1850 583 2014 666 quod
2046 583 2492 657 consideratur,
2532 603 2611 646 an
2643 585 2821 648 actus
2852 584 3000 648 sit...
3043 585 3167 649 alio

700 683 886 747 modo
919 686 1257 749 secundum
1304 686 1470 767 quod
1516 685 1964 762 consideratur,
2016 704 2094 748 an
2142 685 2319 748 actus
2352 684 2437 747 sit
2465 686 2673 749 rectus
2704 685 2805 749 vel
2835 703 2959 749 non
2993 710 3055 748 ».

790 784 907 850 Sed
954 806 1061 869 per
1107 788 1288 853 hasce
1335 789 1616 853 fallacias
1654 787 1761 852 isti
1795 786 2149 870 philosophi
2181 787 2349 851 viam
2395 785 2532 865 sibi,
2567 805 2714 851 sane
2744 806 2867 851 non
2900 788 3169 871 philoso-

702 888 966 969 phicam,
1001 890 1361 954 sternebant
1392 890 1468 955 ad
1501 890 1862 966 docendum,
1897 909 2075 972 posse
2113 891 2322 953 actum
2361 889 2719 971 praecedere
2749 890 2979 955 iudicio
3028 910 3168 956 con-

702 990 993 1055 scientiae
1031 994 1219 1073 atque
1267 992 1417 1057 adeo
1465 1013 1586 1058 non
1634 1011 1763 1056 esse
1812 991 2226 1056 necessarium
2268 990 2570 1054 iudicium
2616 991 3044 1067 conscientiae,
3093 994 3168 1057 ut

702 1093 842 1174 quis
889 1094 1043 1177 agat-
1086 1095 1409 1159 moraliter
1452 1097 1517 1159 et
1561 1094 1822 1176 denique
1867 1112 2046 1176 posse
2092 1112 2239 1177 ergo
2286 1094 2641 1176 quempiam
2672 1113 2939 1176 peecare,
2974 1096 3166 1159 etiam

704 1195 1040 1274 antequam
1087 1195 1245 1258 sciat
1289 1195 1371 1273 id,
1421 1195 1588 1277 quod
1637 1195 1791 1279 agit,
1841 1214 1972 1259 esse
2009 1196 2349 1277 peccatum.
2391 1195 2483 1259 De
2520 1213 2644 1276 quo
2690 1214 2851 1260 novo
2898 1196 3168 1278 philoso-

701 1295 880 1378 phico
927 1297 1207 1360 monstro
1240 1296 1466 1361 videsis
1498 1296 1710 1376 Epist.
1753 1297 1814 1360 6.
1850 1295 1952 1359 del
1981 1295 2179 1359 Prete
2209 1295 2581 1378 Boloqnese.

795 1393 951 1467 134.
986 1399 1129 1463 Duo
1160 1399 1296 1463 heic
1318 1400 1611 1464 notanda.
1639 1399 1871 1477 Unum,
1897 1399 2063 1480 quod
2094 1398 2273 1464 facile
2303 1399 2699 1483 intelligitur,
2724 1400 3167 1465 conscientiam

702 1500 801 1564 vel
835 1500 1296 1565 antecedentem
1327 1501 1447 1566 dici
1478 1501 1576 1566 vel
1607 1504 2094 1582 consequentem,
2129 1501 2340 1584 prouti
2384 1501 2686 1566 iudicium
2721 1501 2796 1567 de
2841 1503 3168 1568 honestate

705 1604 901 1680 actus,
935 1603 1143 1685 ipsum
1177 1605 1386 1667 actum
1420 1602 1730 1686 praecedit
1761 1603 1861 1667 vel
1893 1601 2311 1683 subsequitur.
2442 1634 2447 1638 ·

786 1704 1078 1769 Alterum
1110 1706 1224 1781 est,
1256 1703 1585 1783 formalem
1613 1704 1961 1769 bonitatem
2009 1705 2107 1768 vel
2142 1702 2454 1767 malitiam
2501 1704 2678 1768 actus
2709 1721 2832 1768 non
2880 1723 2917 1769 a
2963 1724 3168 1770 conse-

701 1807 916 1889 quenti
962 1809 1338 1874 conscientia
1386 1810 1645 1887 desumi,
1682 1809 1788 1873 sed
1827 1809 1903 1873 ab
1943 1807 2344 1873 antecedenti.
2380 1806 2516 1886 Qua
2562 1808 2626 1873 in
2670 1827 2737 1872 re
2772 1808 3168 1891 decipiuntur

697 1927 878 1991 saepe
923 1910 1125 1974 rudes.
1162 1912 1330 1974 Dum
1377 1912 1541 1975 enim
1589 1910 1686 1974 vel
1722 1910 1916 1974 libros
1946 1909 2168 1994 legunt
2197 1909 2297 1973 vel
2327 1909 2647 1973 conciones
2694 1908 2978 1987 audiunt,
3012 1910 3169 1974 iudi-

700 2011 846 2074 cant
891 2030 955 2074 se
1000 2012 1065 2075 in
1115 2012 1489 2094 quibusdam
1537 2031 1837 2096 peccasse,
1887 2011 2133 2105 quando
2182 2011 2255 2074 de
2300 2011 2546 2075 malitia
2606 2012 2860 2076 illorum
2909 2013 3167 2078 actuum

700 2131 1021 2193 nunquam
1068 2114 1499 2198 cogitaverant
1547 2116 1659 2178 aut
1705 2114 2006 2196 suspicati
2051 2113 2318 2177 fuerant.

787 2214 942 2279 Heic
975 2214 1416 2294 adnotandum,
1451 2217 1761 2298 quomodo
1811 2235 1860 2280 s.
1905 2215 2177 2279 Thomas
2215 2217 2271 2278 1.
2312 2234 2371 2297 q.
2409 2216 2512 2279 79.
2549 2235 2605 2280 a.
2639 2217 2701 2280 3.
2736 2216 2981 2281 diversa
3027 2237 3164 2281 con»

697 2317 993 2380 scientiae
1024 2320 1239 2382 munia
1262 2338 1371 2383 seu
1397 2319 1600 2383 officia
1626 2318 1919 2403 assignet,
1947 2319 2158 2401 prouti
2181 2318 2280 2381 vel
2304 2317 2613 2382 antecedit
2633 2318 2732 2381 vel
2762 2320 3164 2401 consequitur

700 2419 1025 2484 actionem.
1051 2445 1086 2478 ⁴<
1104 2421 1349 2485 Dicitur
1372 2421 1744 2485 conscientia
1773 2419 2119 2499 testificari,
2147 2418 2347 2501 liyare
2371 2419 2470 2483 vel
2501 2420 2810 2501 inst-tyara
2839 2421 2939 2484 vel
2971 2421 3163 2486 etiam

694 2540 988 2586 accusare
1021 2523 1119 2587 vel
1156 2523 1347 2588 etiam
1379 2522 1728 2587 remordere
1761 2523 1890 2588 sive
1921 2520 2385 2603 reprehendere.
2420 2521 2502 2585 Et
2531 2522 2681 2587 haec
2714 2522 2923 2587 omnia
2954 2541 3162 2589 conse-

696 2625 974 2704 quuntur
1007 2625 1483 2706 applicationem
1518 2625 1781 2689 alicuius
1812 2626 2062 2689 nostrae
2093 2625 2465 2709 cognitionis
2497 2625 2597 2688 vel
2627 2625 2920 2690 scientiae
2953 2626 3032 2691 ad
3066 2646 3158 2705 ea,

695 2744 854 2807 quae
880 2726 1145 2810 agimus».
1165 2725 1335 2805 Quae
1360 2727 1609 2809 quidem
1635 2727 1969 2810 applicatio
1993 2726 2069 2790 fit
2089 2726 2436 2809 tripliciter.
2454 2726 2597 2791 Uno
2611 2726 2796 2792 modo
2823 2729 3162 2793 secundum

694 2826 861 2909 quod
891 2829 1406 2912 recognoscimus
1442 2828 1677 2910 aliquid
1709 2847 1822 2892 nos
1853 2827 2068 2892 fecisse
2098 2828 2198 2892 vel
2221 2846 2343 2892 non
2375 2827 2606 2907 fecisse,
2635 2828 2972 2894 secundum
3003 2831 3159 2895 illud

691 2929 889 2994 Eccle.
926 2929 1068 2993 VII.
1105 2930 1247 2994 23.:
1284 2928 1420 2994 Scit
1460 2930 1726 2993 scientia
1776 2933 1903 3002 tua,
1938 2930 2090 3010 qnia
2119 2933 2183 2993 et
2214 2934 2280 2992 tu
2319 2929 2534 2993 crebro
2578 2928 2969 2993 maledixisti
3009 2932 3162 2995 aliis

696 3035 759 3096 et
790 3032 1128 3097 secundum
1159 3033 1277 3097 hoc
1313 3031 1686 3097 conscientia
1717 3032 1945 3097 dicitur
1985 3032 2330 3112 testificari.
2363 3031 2508 3096 Alio
2553 3031 2738 3096 modo
2787 3034 3158 3117 applicatur,

694 3133 1031 3198 secundum
1079 3134 1242 3216 quod
1291 3153 1398 3217 per
1444 3133 1725 3199 nostram
1755 3133 2196 3199 conscientiam
2239 3133 2605 3209 iudicamuS,
2641 3133 2878 3215 aliquid
2909 3153 3041 3199 esse
3074 3135 3161 3200 fa-

693 3237 978 3300 ciendum
1001 3240 1066 3301 et
1088 3237 1424 3301 secundum
1448 3237 1565 3302 hoc
1593 3237 1823 3301 dicitur
1844 3236 2221 3300 conscientia
2245 3234 2446 3316 liyare
2476 3235 2576 3299 vel
2598 3235 2925 3316 instiqare.
2945 3237 3158 3302 Tertio

693 3339 878 3404 modo
927 3340 1294 3422 applicatur,
1344 3338 1682 3404 secundum
1727 3337 1893 3421 quod
1939 3357 2047 3421 per
2092 3336 2530 3402 conscientiam
2575 3335 2942 3415 iudicamuS,
2992 3338 3158 3420 quod

696 3440 950 3522 aliquid,
987 3442 1153 3524 quod
1186 3442 1281 3506 est
1317 3440 1554 3505 factum
1600 3442 1686 3506 sit
1731 3442 1881 3505 bene
1926 3440 2165 3505 factum
2212 3439 2312 3504 vel
2355 3458 2479 3504 non
2524 3438 2676 3504 bene
2707 3438 2944 3504 factum
2976 3441 3041 3504 et
3072 3460 3159 3505 se-

692 3544 964 3606 cundum
1009 3543 1126 3608 hoc
1170 3542 1543 3608 conscientia
1573 3542 1803 3607 dicitur
1848 3562 2144 3606 excusare
2176 3542 2275 3607 vel
2305 3561 2599 3605 accusare
2645 3561 2753 3606 seu
2783 3542 3154 3607 remordere.

692 3645 879 3709 Patet
924 3645 1155 3721 autem,
1191 3644 1356 3726 quod
1404 3644 1612 3708 omnia
1641 3645 1793 3707 haec
1829 3645 2292 3725 consequuntur
2324 3642 2633 3706 actualem
2677 3643 3156 3727 applicationem

692 3747 985 3812 scientiae
1025 3747 1102 3810 ad
1133 3766 1225 3824 ea,
1261 3766 1419 3829 quae
1468 3747 1748 3831 agimus;
1782 3745 1944 3810 unde
1990 3746 2233 3829 proprie
2278 3744 2584 3827 loquendo
2631 3746 3006 3811 conscientia
3054 3766 3159 3813 no·

692 3851 893 3915 minat
922 3853 1129 3914 actum
1160 3875 1221 3914 ».

779 3953 949 4034 Quae
982 3955 1295 4037 postrema
1341 3954 1528 4018 verba
1575 3949 1968 4028 confirmant,
2010 3950 2175 4032 quod
2224 3950 2407 4028 ratio,
2455 3969 2567 4014 cur
2610 3950 2987 4016 conscientia
3018 3952 3159 4017 defi-

690 4058 861 4121 nitur
908 4057 1229 4131 iade‘cinm,
1269 4058 1419 4120 haec
1465 4058 1577 4134 est,
1627 4053 1794 4136 quod
1832 4052 2203 4117 conscientia
2251 4052 2494 4135 proprie
2538 4050 2845 4133 loquendo
2892 4071 3016 4117 non
3065 4056 3160 4119 est

687 4158 953 4223 facultas
1003 4161 1117 4223 aut
1161 4159 1414 4224 habitus
1461 4159 1573 4222 aut
1618 4156 1919 4240 potentia,
1957 4154 2061 4219 sed
2094 4155 2270 4219 actus
2315 4153 2668 4219 intellectus
2716 4173 2825 4219 seu
2872 4155 3152 4235 rationiS,

686 4259 834 4322 licet
877 4260 1086 4324 minus
1134 4260 1376 4344 proprie
1414 4260 1750 4341 usurpetur
1784 4258 1974 4322 etiam
2006 4274 2117 4340 pro
2156 4256 2397 4335 habitu,
2432 4258 2507 4320 ut
2537 4255 2807 4320 vidimus
2838 4275 2910 4321 ex
2941 4259 3156 4322 eodem

687 4379 735 4424 s.
771 4360 1013 4426 Thema
1049 4361 1136 4442 (n.
1175 4363 1285 4445 1.).

781 4458 933 4532 135.
985 4459 1162 4540 Quod
1194 4463 1268 4526 A.
1304 4462 1471 4540 dicit,
1506 4462 1736 4526 iudicio
1785 4461 2194 4526 conscientiae
2241 4460 2480 4538 dictari,
2521 4460 2669 4543 quid
2719 4463 3028 4548 agendum
3069 4464 3154 4528 sit

686 4564 760 4631 de
770 4567 1105 4645 praecepto
1130 4565 1228 4630 vel
1250 4565 1324 4629 de
1347 4563 1627 4639 consilia,
1651 4565 1832 4631 facile
1856 4563 2249 4648 intelligitur.
2275 4561 2457 4642 Nam,
2485 4566 2559 4629 ut
2580 4564 2786 4648 inquit
2808 4586 2856 4632 s.
2876 4567 3150 4634 Thomas
