3529 5158
367 356 516 432 [238]
1078 311 1229 419 (11111)
1267 370 1364 413 err
1399 372 1521 414 mx
1557 372 1697 414 srvn
1733 372 2141 416 pruncmvruu
2730 357 2835 411 271

370 468 737 532 tribuuntur
759 466 838 530 ad
870 468 1102 532 bonum
1133 485 1458 533 commune
1481 488 1589 551 per
1618 471 1768 553 apta
1800 469 2003 534 media
2033 471 2098 535 et
2133 470 2389 553 politica
2420 470 2833 535 instrumenta

372 568 876 635 conservandum.

551 672 620 734 6⁰
658 671 930 736 conditio
963 673 1078 751 est,
1112 673 1187 736 ut
1216 673 1313 738 lex
1359 675 1445 738 sit
1476 678 1803 754 perpetua,
1838 695 2053 759 nempe
2090 676 2165 740 de
2197 696 2261 741 se
2291 678 2355 741 et
2390 676 2733 741 intentione
2756 674 2840 737 le-

377 774 730 860 gislatoris3
761 792 908 838 nam
953 795 1063 858 per
1107 775 1385 840 accidens
1421 777 1590 861 leges
1622 778 1930 843 humanae
1976 782 2238 861 possunt
2270 798 2305 842 a
2336 779 2695 863 legislatore
2739 776 2835 841 vel

378 879 456 941 ab
487 877 618 943 eius
657 895 1004 944 successore
1040 880 1338 952 revocari,
1386 880 1485 944 vel
1528 899 1636 962 per
1682 882 2058 946 contrariam
2118 882 2626 949 consuetudinem
2663 881 2839 945 abro-

376 980 533 1065 gari,
552 980 650 1044 vel
680 981 957 1044 cessante
990 980 1333 1063 adaequate
1363 981 1483 1047 fine
1512 983 1690 1067 legia,
1717 984 1879 1049 idest
1899 985 2263 1049 necessitate
2288 986 2351 1049 et
2374 985 2653 1049 utilitate
2677 1003 2837 1049 com-

377 1084 569 1157 muni,
604 1100 857 1148 cessare.

463 1185 600 1250 Hae
623 1203 726 1249 sex
759 1183 1144 1250 conditiones
1173 1205 1283 1251 seu
1312 1188 1723 1270 proprietates
1753 1189 1911 1273 legis
1942 1190 2034 1253 ita
2065 1191 2212 1255 sunt
2242 1189 2639 1265 necessariae,
2678 1190 2752 1252 ut
2783 1187 2835 1251 si

377 1288 469 1351 vel
504 1289 688 1351 unica
718 1287 897 1365 desit,
938 1291 1136 1353 cesset
1170 1290 1330 1353 ratio
1378 1308 1557 1355 verae
1602 1290 1781 1375 legis,
1832 1290 1970 1355 Vid.
2021 1291 2343 1376 Laymann
2389 1290 2463 1354 de
2509 1290 2835 1355 Humanis

373 1390 614 1471 lembus
643 1409 693 1454 6.
734 1392 790 1454 1.

463 1487 644 1562 238.
670 1491 871 1558 Notat
890 1493 1148 1571 Auctor,
1174 1494 1339 1576 quod
1370 1496 1467 1561 lex
1488 1495 1737 1573 dicitur,
1763 1515 1923 1577 quae
1946 1495 2147 1561 fertur
2167 1495 2637 1561 communitati:
2665 1513 2836 1577 prae-

371 1596 619 1677 ceptum
650 1611 814 1672 vero,
834 1596 999 1677 quod
1022 1595 1294 1679 cuipiam
1325 1598 1422 1661 vel
1446 1598 1758 1681 aliquibus
1783 1599 2262 1682 particularibus
2288 1598 2580 1681 personis.
2602 1596 2833 1660 Verum

374 1697 600 1761 melius
632 1697 1009 1780 explicanda,
1045 1719 1209 1781 quae
1239 1701 1534 1764 statuunt
1568 1701 1897 1766 discrimen
1928 1700 2090 1766 inter
2122 1701 2269 1765 haec
2307 1700 2449 1764 duo.

463 1799 717 1882 Triplici
763 1801 976 1883 itaque
1021 1803 1205 1867 modo
1253 1802 1652 1885 potissimum
1695 1803 1795 1868 lex
1856 1806 1919 1868 et
1978 1806 2375 1886 praeceptum
2421 1803 2679 1885 simplex
2725 1802 2836 1867 dif-

367 1902 599 1967 ferunt.

559 2001 626 2068 1⁰
656 2005 898 2070 ratione
943 2006 1216 2070 iubentis
1247 2011 1309 2069 et
1350 2007 1629 2071 subiecti.
1679 2007 1838 2087 Quia
1886 2012 2280 2092 praeceptum
2327 2008 2513 2073 datur
2560 2007 2834 2091 personis

367 2107 856 2192 particularibus
903 2111 966 2172 et
1012 2110 1219 2192 potest
1265 2110 1399 2175 dari
1446 2111 1639 2176 etiam
1685 2130 1721 2175 a
1770 2112 2031 2194 privatis
2078 2112 2372 2196 personiS‚
2414 2133 2471 2176 v.
2510 2131 2605 2197 gr.
2654 2110 2837 2175 Prae-

367 2211 524 2285 lato,
559 2210 1037 2289 Patrefamilias‚
1071 2213 1338 2278 Domino
1364 2216 1480 2278 etc.
1514 2213 1564 2277 E
1603 2216 1819 2280 contra
1843 2215 1941 2278 lex
1977 2215 2121 2279 ferri
2158 2215 2338 2279 debet
2376 2235 2411 2278 a
2443 2234 2703 2298 persona
2728 2234 2837 2296 pu·

365 2313 533 2377 blica
565 2312 630 2376 et
657 2330 769 2395 pro
809 2312 1021 2395 aliqua
1065 2315 1204 2379 tota
1247 2317 1697 2382 communitate
1743 2318 1843 2382 vel
1888 2336 1999 2400 pro
2048 2317 2259 2399 aliqua
2304 2317 2436 2382 eius
2482 2318 2676 2382 classe
2724 2316 2835 2379 aut

364 2416 655 2499 collegio,
690 2416 765 2482 ut
810 2417 958 2481 sunt
1002 2416 1253 2494 milites,
1294 2420 1703 2497 mercatorem
1737 2420 1831 2485 ita
1863 2422 2072 2486 tamen
2119 2423 2192 2485 ut
2239 2421 2563 2502 dispositio
2610 2420 2835 2483 horum

363 2519 447 2583 ad
496 2518 731 2584 bonum
765 2519 966 2584 totius
1003 2521 1471 2586 communitatis
1506 2523 1813 2588 referatur
1843 2524 1907 2587 et
1938 2523 2127 2589 etiam
2173 2523 2236 2588 in
2285 2522 2400 2587 hac
2431 2522 2695 2588 secunda
2727 2521 2835 2606 hy-

369 2621 620 2705 pothesi
651 2622 748 2687 lex
795 2641 908 2706 pro
941 2622 1154 2706 aliqua
1188 2624 1384 2688 classe
1430 2624 1666 2690 afficiat
1701 2626 2042 2704 universoS‚
2075 2627 2184 2709 qui
2217 2628 2363 2690 actu
2402 2625 2710 2709 pertinent
2756 2624 2831 2689 ad

367 2744 512 2789 eam
552 2727 666 2789 aut
712 2726 1050 2790 successive
1082 2727 1495 2810 pertinebunt,
1527 2746 1654 2794 non
1683 2748 1828 2796 vero
1867 2730 2310 2796 determinatas
2340 2747 2630 2812 personas
2666 2729 2829 2806 111116,

364 2846 532 2910 quae
556 2828 816 2892 classem
846 2832 1239 2912 componant.
2300 2843 2301 2846 ’

453 2931 658 2996 Porro
689 2930 768 2995 ab
803 2931 922 2997 hoc
942 2931 1292 2998 discrimine
1322 2934 1547 3017 pendet
1575 2937 1641 2999 et
1669 2936 1851 3013 illud,
1880 2935 2046 3018 quod
2076 2938 2171 3000 est
2201 2937 2441 3001 ratione
2471 2937 2657 3014 lim-s,⁶
2687 2954 2834 2999 nam

364 3034 461 3099 lex
515 3034 814 3116 respicere
867 3034 1047 3099 debet
1091 3035 1322 3101 bonum
1376 3056 1727 3102 commune:
1779 3040 2175 3121 praeceptum
2229 3058 2335 3120 per
2382 3057 2444 3102 se
2490 3038 2555 3101 in
2602 3039 2831 3103 bonum

363 3135 605 3219 privati
637 3135 854 3200 fertur.

557 3239 629 3301 2⁰
659 3238 890 3303 rationi
921 3238 1057 3303 loci.
1093 3239 1254 3319 Quia
1297 3241 1395 3304 lex
1441 3240 1670 3305 directe
1707 3241 1901 3305 afficit
1947 3239 2333 3305 territorium
2366 3241 2835 3305 communitatis

362 3343 428 3404 et
485 3340 784 3405 indirecte
830 3361 1153 3425 personas3
1195 3343 1591 3424 praeceptum
1637 3360 1783 3406 vero
1815 3342 2041 3405 directe
2090 3341 2284 3406 afficit
2315 3359 2633 3424 personas:
2675 3341 2836 3405 unde

369 3446 776 3529 praeceptum
825 3446 1063 3530 obligat
1101 3445 1292 3509 etiam
1339 3445 1510 3508 extra
1556 3444 1944 3508 territorium
1991 3443 2419 3528 praecipientis
2466 3445 2547 3521 et,
2596 3446 2672 3508 ut
2716 3444 2831 3509 dici

367 3546 554 3624 solet,
606 3547 850 3612 ossibus
882 3547 1121 3612 haeret:
1155 3546 1253 3610 lex
1299 3563 1442 3609 vero
1476 3564 1598 3610 non
1632 3545 1872 3630 obligat
1918 3546 2198 3612 subditos
2247 3550 2417 3612 extra
2451 3547 2833 3612 territorium

374 3649 768 3734 legislatoris
806 3650 1166 3714 exsistentes
1191 3649 1304 3732 (a).

446 3929 520 3984 (a)
550 3926 793 3972 Ceterum
822 3928 956 3983 leges
984 3928 1119 3971 16666
1147 3941 1178 3971 a
1206 3930 1563 3983 superioribus,
1593 3931 1683 3986 qui
1710 3933 2026 3976 territorium
2048 3945 2148 3975 non
2169 3933 2373 3985 habent,
2403 3944 2490 3975 neu
2519 3943 2737 3985 quorum
2758 3944 2836 3985 po·

362 3998 531 4040 tettan
560 4008 665 4039 non
695 3994 876 4040 finitur
901 3996 1175 4049 territorio,
1195 3999 1256 4041 ut
1284 4002 1405 4041 sunt
1434 3999 1568 4053 leges
1592 4011 1723 4054 quae
1749 4012 1841 4055 pro
1861 4001 2101 4044 universo
2120 4000 2296 4042 ordine
2315 3998 2545 4053 religioso
2565 4012 2595 4041 a
2611 3999 2837 4053 generali

361 4067 639 4109 conventu
667 4073 759 4107 6611
786 4065 1172 4119 congregatione
1206 4065 1462 4118 feruntur,
1482 4066 1710 4121 obligent
1738 4067 2299 4120 subditos,ubicurnque
2328 4067 2446 4109 sint.

447 4131 634 4182 Quoad
665 4129 778 4174 vim
805 4135 1209 4185 praeceptorum.
1237 4135 1435 4176 certum
1461 4134 1668 4187 quidem
1692 4137 1788 4186 666,
1818 4145 1876 4176 ea
1902 4133 2099 4177 afficere
2126 4132 2355 4176 subditos
2380 4144 2566 4186 eosque
2599 4132 2838 4188 obligare,

364 4198 698 4252 ubicumque
724 4198 846 4250 nint.
876 4198 920 4242 ui
947 4199 1042 4251 (ait
1069 4198 1216 4242 Gar-d.
1247 4200 1550 4244 &Annibale
1580 4199 1617 4243 1.
1637 4201 1758 4244 intr.
1788 4203 1848 4255 o.)
1877 4203 2099 4254 potestas
2126 4212 2189 4245 ex
2215 4202 2362 4254 paeto
2387 4199 2554 4243 oritur
2580 4199 2665 4243 vel
2692 4203 2838 4256 pecto

357 4266 741 4316 confirmatum
764 4276 826 4309 ex
854 4276 954 4319 quo
980 4266 1147 4319 eapite
1173 4270 1418 4310 tenentur
1444 4267 1667 4322 religiosi
1693 4268 1896 4312 obedire
1921 4271 2187 4322 praecepto
2204 4267 2423 4322 praelati
2451 4268 2530 4311 sui
2559 4271 2610 4312 et
2638 4267 2840 4322 pro-by-

358 4333 465 4375 uri
495 4331 740 4386 Episcopi
767 4331 847 4374 6111
874 4332 1182 4386 ubicumque
1201 4333 1306 4376 61116
1323 4338 1402 4388 (ex
1422 4335 1749 4388 promissione
1768 4336 1814 4379 ei
1842 4335 1980 4379 facta
1997 4336 2051 4378 in
2073 4335 2385 4390 susceptione
2412 4336 2837 4391 presbyteratus»

356 4401 419 4440 nt
447 4399 494 4441 61
525 4401 757 4453 potent-e
784 4397 1142 4453 praecipientis
1168 4401 1237 4442 616
1264 4412 1327 4442 ex
1355 4400 1465 4444 iure
1491 4401 1633 4444 civili
1659 4402 1738 4445 vel
1772 4403 2012 4445 canonico
2030 4407 2083 4445 66
2097 4402 2355 4446 territorio
2373 4401 2603 4454 finiatur,
2622 4415 2841 4446 commu·

358 4467 481 4510 nior
511 4465 732 4519 quidem
759 4469 837 4509 666
863 4466 1137 4519 sententia,
1164 4478 1268 4511 non
1296 4466 1426 4510 mlvi
1454 4470 1709 4523 praecepti
1737 4470 1862 4522 vim,
1881 4470 1978 4512 6661
2005 4468 2255 4520 subditus,
2276 4469 2361 4512 cui
2388 4470 2554 4512 latum
2572 4473 2665 4522 666,
2695 4471 2841 4513 terri·

355 4533 501 4576 torio
535 4531 833 4587 egrediatur
862 4532 1033 4587 ibique
1060 4537 1387 4588 praeceptum
1415 4537 1845 4591 transgrediatur:
1878 4539 1932 4579 at
1970 4537 2227 4579 contraria
2269 4537 2526 4580 sententia
2566 4536 2839 4591 probabilis

358 4603 441 4644 666
470 4612 516 4644 6.
551 4598 814 4654 Alpheum
841 4599 875 4642 1.
905 4599 947 4642 Ἰ.
979 4613 1029 4643 11.
1057 4599 1128 4643 m.
1157 4604 1208 4644 66
1239 4602 1402 4644 verior
1431 4602 1690 4646 θαι-(1111611
1726 4603 2033 4646 11Ἀ1111111616
2061 4604 2178 4650 (vol.
2201 4605 2239 4646 1.
2261 4616 2312 4646 11.
2330 4604 2427 4646 249.
2447 4604 2488 4646 3.
2511 4604 2686 4656 edit.);
2718 4603 2840 4656 qnia
