<?xml version="1.0" encoding="UTF-8"?>
<!DOCTYPE html PUBLIC "-//W3C//DTD XHTML 1.0 Transitional//EN"
    "http://www.w3.org/TR/xhtml1/DTD/xhtml1-transitional.dtd">
<html xmlns="http://www.w3.org/1999/xhtml" xml:lang="en" lang="en">
 <head>
  <title>
</title>
<meta http-equiv="Content-Type" content="text/html;charset=utf-8" />
  <meta name='ocr-system' content='tesseract 3.04.00' />
  <meta name='ocr-capabilities' content='ocr_page ocr_carea ocr_par ocr_line ocrx_word'/>
</head>
<body>
  <div class='ocr_page' id='page_1' title='image "./opustheologicum00palmgoog/opustheologicum00palmgoog_0336.png"; bbox 0 0 3529 5158; ppageno 0'>
   <div class='ocr_carea' id='block_1_1' title="bbox 284 357 2741 433">
    <p class='ocr_par' dir='ltr' id='par_1_1' title="bbox 284 357 2741 433">
     <span class='ocr_line' id='line_1_1' title="bbox 284 357 2741 433; baseline -0.001 -18"><span class='ocrx_word' id='word_1_1' title='bbox 284 357 423 433; x_wconf 75' lang='lat'>[211]</span> <span class='ocrx_word' id='word_1_2' title='bbox 751 376 832 416; x_wconf 70' lang='lat' dir='ltr'><strong>AN</strong></span> <span class='ocrx_word' id='word_1_3' title='bbox 869 376 934 416; x_wconf 79' lang='lat' dir='ltr'><strong>m</strong></span> <span class='ocrx_word' id='word_1_4' title='bbox 971 376 1163 418; x_wconf 78' lang='lat' dir='ltr'><strong>numo</strong></span> <span class='ocrx_word' id='word_1_5' title='bbox 1200 376 1425 420; x_wconf 67' lang='lat' dir='ltr'><strong>‘rm-mn</strong></span> <span class='ocrx_word' id='word_1_6' title='bbox 1459 377 1615 420; x_wconf 76' lang='lat' dir='ltr'><strong>PARS</strong></span> <span class='ocrx_word' id='word_1_7' title='bbox 1653 378 1750 418; x_wconf 81' lang='lat' dir='ltr'><strong>srr</strong></span> <span class='ocrx_word' id='word_1_8' title='bbox 1785 377 2104 419; x_wconf 61' lang='grc' dir='ltr'>1111011111οο</span> <span class='ocrx_word' id='word_1_9' title='bbox 2142 376 2273 418; x_wconf 75' lang='lat' dir='ltr'><strong>mc.</strong></span> <span class='ocrx_word' id='word_1_10' title='bbox 2633 360 2741 414; x_wconf 81' lang='lat'><strong>241</strong></span> 
     </span>
    </p>
   </div>
   <div class='ocr_carea' id='block_1_2' title="bbox 282 470 2759 4536">
    <p class='ocr_par' dir='ltr' id='par_1_2' title="bbox 286 470 2743 658">
     <span class='ocr_line' id='line_1_2' title="bbox 287 470 2743 558; baseline 0 -25"><span class='ocrx_word' id='word_1_11' title='bbox 287 472 656 552; x_wconf 74' lang='lat' dir='ltr'><strong>neyativam.</strong></span> <span class='ocrx_word' id='word_1_12' title='bbox 696 472 1076 557; x_wconf 81' lang='lat' dir='ltr'><strong>Hypothesis</strong></span> <span class='ocrx_word' id='word_1_13' title='bbox 1123 493 1269 558; x_wconf 88' lang='lat' dir='ltr'><strong>ergo</strong></span> <span class='ocrx_word' id='word_1_14' title='bbox 1332 474 1445 550; x_wconf 89' lang='lat' dir='ltr'><strong>est,</strong></span> <span class='ocrx_word' id='word_1_15' title='bbox 1509 474 1674 556; x_wconf 91' lang='lat' dir='ltr'><strong>quod</strong></span> <span class='ocrx_word' id='word_1_16' title='bbox 1727 493 1901 539; x_wconf 88' lang='lat' dir='ltr'><strong>mens</strong></span> <span class='ocrx_word' id='word_1_17' title='bbox 1940 474 2218 539; x_wconf 76' lang='lat' dir='ltr'><strong>versetur</strong></span> <span class='ocrx_word' id='word_1_18' title='bbox 2255 471 2319 536; x_wconf 92' lang='lat' dir='ltr'><strong>in</strong></span> <span class='ocrx_word' id='word_1_19' title='bbox 2366 470 2574 545; x_wconf 74' lang='lat' dir='ltr'><strong>dubio,</strong></span> <span class='ocrx_word' id='word_1_20' title='bbox 2622 490 2743 536; x_wconf 93' lang='lat' dir='ltr'><strong>non</strong></span> 
     </span>
     <span class='ocr_line' id='line_1_3' title="bbox 286 573 1332 658; baseline 0.004 -23"><span class='ocrx_word' id='word_1_21' title='bbox 286 573 638 655; x_wconf 85' lang='lat' dir='ltr'>opinionem</span> <span class='ocrx_word' id='word_1_22' title='bbox 669 575 1048 658; x_wconf 89' lang='lat' dir='ltr'><strong>probabilem</strong></span> <span class='ocrx_word' id='word_1_23' title='bbox 1084 576 1332 640; x_wconf 88' lang='lat' dir='ltr'><strong>habeat.</strong></span> 
     </span>
    </p>

    <p class='ocr_par' dir='ltr' id='par_1_3' title="bbox 282 675 2752 1479">
     <span class='ocr_line' id='line_1_4' title="bbox 367 675 2746 761; baseline 0 -22"><span class='ocrx_word' id='word_1_24' title='bbox 367 675 567 741; x_wconf 90' lang='lat' dir='ltr'><strong>Porro</strong></span> <span class='ocrx_word' id='word_1_25' title='bbox 600 677 664 741; x_wconf 91' lang='lat' dir='ltr'><strong>in</strong></span> <span class='ocrx_word' id='word_1_26' title='bbox 690 677 803 741; x_wconf 86' lang='lat' dir='ltr'><strong>tali</strong></span> <span class='ocrx_word' id='word_1_27' title='bbox 841 696 1008 755; x_wconf 87' lang='lat' dir='ltr'><strong>casu,</strong></span> <span class='ocrx_word' id='word_1_28' title='bbox 1042 679 1250 761; x_wconf 88' lang='lat' dir='ltr'><strong>potest</strong></span> <span class='ocrx_word' id='word_1_29' title='bbox 1296 678 1435 760; x_wconf 90' lang='lat' dir='ltr'><strong>quis</strong></span> <span class='ocrx_word' id='word_1_30' title='bbox 1483 678 1743 742; x_wconf 88' lang='lat' dir='ltr'><strong>dubium</strong></span> <span class='ocrx_word' id='word_1_31' title='bbox 1791 678 2009 759; x_wconf 90' lang='lat' dir='ltr'><strong>utique</strong></span> <span class='ocrx_word' id='word_1_32' title='bbox 2055 677 2380 754; x_wconf 83' lang='lat' dir='ltr'><strong>resolvere,</strong></span> <span class='ocrx_word' id='word_1_33' title='bbox 2420 678 2496 740; x_wconf 89' lang='lat' dir='ltr'><strong>ut</strong></span> <span class='ocrx_word' id='word_1_34' title='bbox 2539 675 2746 757; x_wconf 91' lang='lat' dir='ltr'><strong>inquit</strong></span> 
     </span>
     <span class='ocr_line' id='line_1_5' title="bbox 287 775 2751 864; baseline 0.001 -24"><span class='ocrx_word' id='word_1_35' title='bbox 287 775 529 855; x_wconf 86' lang='lat' dir='ltr'><strong>Suarez,</strong></span> <span class='ocrx_word' id='word_1_36' title='bbox 557 780 600 842; x_wconf 93' lang='lat'><strong>1.</strong></span> <span class='ocrx_word' id='word_1_37' title='bbox 628 800 680 843; x_wconf 94' lang='grc'><strong>0.</strong></span> <span class='ocrx_word' id='word_1_38' title='bbox 715 801 774 844; x_wconf 88' lang='grc'><strong>11.</strong></span> <span class='ocrx_word' id='word_1_39' title='bbox 814 781 915 845; x_wconf 87' lang='grc'><strong>14.</strong></span> <span class='ocrx_word' id='word_1_40' title='bbox 956 806 990 839; x_wconf 88' lang='lat'><strong>«</strong></span> <span class='ocrx_word' id='word_1_41' title='bbox 1015 801 1123 864; x_wconf 91' lang='lat' dir='ltr'><strong>per</strong></span> <span class='ocrx_word' id='word_1_42' title='bbox 1145 781 1445 846; x_wconf 87' lang='lat' dir='ltr'><strong>iudicium</strong></span> <span class='ocrx_word' id='word_1_43' title='bbox 1477 783 1842 864; x_wconf 77' lang='lat' dir='ltr'>practicam,</span> <span class='ocrx_word' id='word_1_44' title='bbox 1876 800 1999 864; x_wconf 90' lang='lat' dir='ltr'><strong>quo</strong></span> <span class='ocrx_word' id='word_1_45' title='bbox 2034 780 2266 862; x_wconf 87' lang='lat' dir='ltr'><strong>aliquis</strong></span> <span class='ocrx_word' id='word_1_46' title='bbox 2304 779 2634 864; x_wconf 80' lang='lat' dir='ltr'><strong>prudenter</strong></span> <span class='ocrx_word' id='word_1_47' title='bbox 2657 780 2751 843; x_wconf 90' lang='lat' dir='ltr'><strong>iu-</strong></span> 
     </span>
     <span class='ocr_line' id='line_1_6' title="bbox 282 879 2749 968; baseline 0.001 -26"><span class='ocrx_word' id='word_1_48' title='bbox 282 879 465 955; x_wconf 89' lang='lat' dir='ltr'><strong>dicat,</strong></span> <span class='ocrx_word' id='word_1_49' title='bbox 503 901 567 945; x_wconf 91' lang='lat' dir='ltr'><strong>se</strong></span> <span class='ocrx_word' id='word_1_50' title='bbox 602 901 724 947; x_wconf 91' lang='lat' dir='ltr'><strong>non</strong></span> <span class='ocrx_word' id='word_1_51' title='bbox 773 883 1036 967; x_wconf 87' lang='lat' dir='ltr'><strong>obligari</strong></span> <span class='ocrx_word' id='word_1_52' title='bbox 1067 885 1166 948; x_wconf 85' lang='lat' dir='ltr'><strong>hic</strong></span> <span class='ocrx_word' id='word_1_53' title='bbox 1198 885 1261 948; x_wconf 91' lang='lat' dir='ltr'><strong>et</strong></span> <span class='ocrx_word' id='word_1_54' title='bbox 1296 904 1458 948; x_wconf 88' lang='lat' dir='ltr'><strong>nunc</strong></span> <span class='ocrx_word' id='word_1_55' title='bbox 1487 885 1601 950; x_wconf 87' lang='lat' dir='ltr'><strong>tali</strong></span> <span class='ocrx_word' id='word_1_56' title='bbox 1636 886 1997 968; x_wconf 76' lang='grc' dir='ltr'>1110000111ος</span> <span class='ocrx_word' id='word_1_57' title='bbox 2038 882 2186 965; x_wconf 89' lang='lat' dir='ltr'><strong>quia</strong></span> <span class='ocrx_word' id='word_1_58' title='bbox 2210 901 2391 947; x_wconf 92' lang='lat' dir='ltr'><strong>nemo</strong></span> <span class='ocrx_word' id='word_1_59' title='bbox 2431 882 2749 967; x_wconf 85' lang='lat' dir='ltr'><strong>obligatur</strong></span> 
     </span>
     <span class='ocr_line' id='line_1_7' title="bbox 285 983 2752 1071; baseline 0.001 -25"><span class='ocrx_word' id='word_1_60' title='bbox 285 983 433 1067; x_wconf 87' lang='lat' dir='ltr'><strong>lege,</strong></span> <span class='ocrx_word' id='word_1_61' title='bbox 474 985 598 1049; x_wconf 89' lang='lat' dir='ltr'><strong>nisi</strong></span> <span class='ocrx_word' id='word_1_62' title='bbox 643 985 740 1049; x_wconf 91' lang='lat' dir='ltr'><strong>illi</strong></span> <span class='ocrx_word' id='word_1_63' title='bbox 787 987 871 1051; x_wconf 87' lang='lat' dir='ltr'><strong>sit</strong></span> <span class='ocrx_word' id='word_1_64' title='bbox 917 987 1291 1052; x_wconf 88' lang='lat' dir='ltr'><strong>sufficienter</strong></span> <span class='ocrx_word' id='word_1_65' title='bbox 1328 989 1677 1071; x_wconf 86' lang='lat' dir='ltr'><strong>proposita:</strong></span> <span class='ocrx_word' id='word_1_66' title='bbox 1729 988 1835 1054; x_wconf 86' lang='lat' dir='ltr'><strong>sed</strong></span> <span class='ocrx_word' id='word_1_67' title='bbox 1882 988 1989 1069; x_wconf 92' lang='lat' dir='ltr'><strong>qui</strong></span> <span class='ocrx_word' id='word_1_68' title='bbox 2037 989 2179 1070; x_wconf 90' lang='lat' dir='ltr'><strong>post</strong></span> <span class='ocrx_word' id='word_1_69' title='bbox 2223 985 2457 1051; x_wconf 85' lang='lat' dir='ltr'><strong>factam</strong></span> <span class='ocrx_word' id='word_1_70' title='bbox 2495 985 2752 1069; x_wconf 86' lang='lat' dir='ltr'><strong>diligen-</strong></span> 
     </span>
     <span class='ocr_line' id='line_1_8' title="bbox 287 1085 2751 1173; baseline 0.001 -25"><span class='ocrx_word' id='word_1_71' title='bbox 287 1085 434 1149; x_wconf 88' lang='lat' dir='ltr'><strong>tiam</strong></span> <span class='ocrx_word' id='word_1_72' title='bbox 468 1086 881 1152; x_wconf 87' lang='lat' dir='ltr'><strong>sufficientem</strong></span> <span class='ocrx_word' id='word_1_73' title='bbox 929 1088 1008 1153; x_wconf 88' lang='lat' dir='ltr'><strong>ad</strong></span> <span class='ocrx_word' id='word_1_74' title='bbox 1038 1089 1550 1173; x_wconf 86' lang='lat' dir='ltr'><strong>cognoscendum,</strong></span> <span class='ocrx_word' id='word_1_75' title='bbox 1585 1109 1663 1155; x_wconf 90' lang='lat' dir='ltr'><strong>an</strong></span> <span class='ocrx_word' id='word_1_76' title='bbox 1697 1090 1817 1154; x_wconf 89' lang='lat' dir='ltr'><strong>sibi</strong></span> <span class='ocrx_word' id='word_1_77' title='bbox 1848 1089 1933 1152; x_wconf 90' lang='lat' dir='ltr'><strong>sit</strong></span> <span class='ocrx_word' id='word_1_78' title='bbox 1962 1088 2090 1153; x_wconf 87' lang='lat' dir='ltr'><strong>tale</strong></span> <span class='ocrx_word' id='word_1_79' title='bbox 2122 1089 2520 1171; x_wconf 86' lang='lat' dir='ltr'><strong>praeceptum</strong></span> <span class='ocrx_word' id='word_1_80' title='bbox 2555 1087 2751 1169; x_wconf 90' lang='lat' dir='ltr'><strong>impo-</strong></span> 
     </span>
     <span class='ocr_line' id='line_1_9' title="bbox 286 1187 2752 1275; baseline 0.001 -26"><span class='ocrx_word' id='word_1_81' title='bbox 286 1187 491 1264; x_wconf 90' lang='lat' dir='ltr'><strong>situm,</strong></span> <span class='ocrx_word' id='word_1_82' title='bbox 528 1209 652 1254; x_wconf 93' lang='lat' dir='ltr'><strong>non</strong></span> <span class='ocrx_word' id='word_1_83' title='bbox 701 1192 910 1273; x_wconf 89' lang='lat' dir='ltr'><strong>potuit</strong></span> <span class='ocrx_word' id='word_1_84' title='bbox 954 1190 1018 1255; x_wconf 93' lang='lat' dir='ltr'><strong>id</strong></span> <span class='ocrx_word' id='word_1_85' title='bbox 1066 1191 1330 1273; x_wconf 84' lang='lat' dir='ltr'><strong>assequi,</strong></span> <span class='ocrx_word' id='word_1_86' title='bbox 1372 1211 1494 1257; x_wconf 93' lang='lat' dir='ltr'><strong>non</strong></span> <span class='ocrx_word' id='word_1_87' title='bbox 1524 1192 1713 1257; x_wconf 88' lang='lat' dir='ltr'><strong>habet</strong></span> <span class='ocrx_word' id='word_1_88' title='bbox 1744 1192 1937 1257; x_wconf 86' lang='lat' dir='ltr'><strong>talem</strong></span> <span class='ocrx_word' id='word_1_89' title='bbox 1966 1191 2167 1275; x_wconf 87' lang='lat' dir='ltr'><strong>legem</strong></span> <span class='ocrx_word' id='word_1_90' title='bbox 2215 1188 2594 1254; x_wconf 89' lang='lat' dir='ltr'><strong>sufficienter</strong></span> <span class='ocrx_word' id='word_1_91' title='bbox 2616 1206 2752 1270; x_wconf 90' lang='lat' dir='ltr'><strong>pro-</strong></span> 
     </span>
     <span class='ocr_line' id='line_1_10' title="bbox 285 1290 2751 1378; baseline 0 -25"><span class='ocrx_word' id='word_1_92' title='bbox 285 1290 580 1370; x_wconf 89' lang='lat' dir='ltr'><strong>positam:</strong></span> <span class='ocrx_word' id='word_1_93' title='bbox 610 1312 759 1377; x_wconf 88' lang='lat' dir='ltr'><strong>ergo</strong></span> <span class='ocrx_word' id='word_1_94' title='bbox 790 1293 940 1359; x_wconf 87' lang='lat' dir='ltr'><strong>licet</strong></span> <span class='ocrx_word' id='word_1_95' title='bbox 973 1293 1037 1357; x_wconf 92' lang='lat' dir='ltr'><strong>in</strong></span> <span class='ocrx_word' id='word_1_96' title='bbox 1063 1294 1337 1378; x_wconf 85' lang='lat' dir='ltr'><strong>generali</strong></span> <span class='ocrx_word' id='word_1_97' title='bbox 1376 1314 1484 1358; x_wconf 89' lang='lat' dir='ltr'><strong>seu</strong></span> <span class='ocrx_word' id='word_1_98' title='bbox 1518 1294 1897 1378; x_wconf 76' lang='lat' dir='ltr'><strong>speculative</strong></span> <span class='ocrx_word' id='word_1_99' title='bbox 1920 1295 2173 1357; x_wconf 89' lang='lat' dir='ltr'><strong>maneat</strong></span> <span class='ocrx_word' id='word_1_100' title='bbox 2203 1291 2450 1377; x_wconf 84' lang='lat' dir='ltr'><strong>dubius,</strong></span> <span class='ocrx_word' id='word_1_101' title='bbox 2485 1310 2562 1355; x_wconf 89' lang='lat' dir='ltr'><strong>an</strong></span> <span class='ocrx_word' id='word_1_102' title='bbox 2602 1290 2751 1355; x_wconf 83' lang='lat' dir='ltr'><strong>talis</strong></span> 
     </span>
     <span class='ocr_line' id='line_1_11' title="bbox 285 1392 2565 1479; baseline 0.001 -25"><span class='ocrx_word' id='word_1_103' title='bbox 285 1392 375 1455; x_wconf 85' lang='lat' dir='ltr'><strong>lex</strong></span> <span class='ocrx_word' id='word_1_104' title='bbox 405 1393 540 1457; x_wconf 85' lang='lat' dir='ltr'><strong>lata</strong></span> <span class='ocrx_word' id='word_1_105' title='bbox 580 1393 686 1469; x_wconf 90' lang='lat' dir='ltr'><strong>sit,</strong></span> <span class='ocrx_word' id='word_1_106' title='bbox 726 1395 790 1459; x_wconf 91' lang='lat' dir='ltr'><strong>in</strong></span> <span class='ocrx_word' id='word_1_107' title='bbox 824 1395 1188 1478; x_wconf 83' lang='lat' dir='ltr'><strong>particula-ri</strong></span> <span class='ocrx_word' id='word_1_108' title='bbox 1221 1399 1316 1460; x_wconf 91' lang='lat' dir='ltr'><strong>est</strong></span> <span class='ocrx_word' id='word_1_109' title='bbox 1351 1399 1577 1473; x_wconf 82' lang='grc'>0011110,</span> <span class='ocrx_word' id='word_1_110' title='bbox 1612 1415 1675 1460; x_wconf 87' lang='grc'><strong>00</strong></span> <span class='ocrx_word' id='word_1_111' title='bbox 1712 1413 1837 1462; x_wconf 87' lang='grc'>11011</span> <span class='ocrx_word' id='word_1_112' title='bbox 1876 1394 2144 1479; x_wconf 88' lang='lat' dir='ltr'><strong>obligari</strong></span> <span class='ocrx_word' id='word_1_113' title='bbox 2181 1393 2298 1458; x_wconf 88' lang='lat' dir='ltr'><strong>tali</strong></span> <span class='ocrx_word' id='word_1_114' title='bbox 2332 1394 2469 1478; x_wconf 87' lang='lat' dir='ltr'><strong>lege</strong></span> <span class='ocrx_word' id='word_1_115' title='bbox 2502 1418 2565 1456; x_wconf 85' lang='lat'><strong>».</strong></span> 
     </span>
    </p>

    <p class='ocr_par' dir='ltr' id='par_1_4' title="bbox 289 1491 2749 2500">
     <span class='ocr_line' id='line_1_12' title="bbox 373 1491 2747 1581; baseline -0 -23"><span class='ocrx_word' id='word_1_116' title='bbox 373 1491 486 1558; x_wconf 86' lang='lat' dir='ltr'><strong>Sed</strong></span> <span class='ocrx_word' id='word_1_117' title='bbox 525 1494 744 1560; x_wconf 89' lang='lat' dir='ltr'><strong>deinde</strong></span> <span class='ocrx_word' id='word_1_118' title='bbox 773 1516 906 1560; x_wconf 89' lang='lat' dir='ltr'><strong>rem</strong></span> <span class='ocrx_word' id='word_1_119' title='bbox 933 1498 1184 1562; x_wconf 86' lang='lat' dir='ltr'><strong>revocat</strong></span> <span class='ocrx_word' id='word_1_120' title='bbox 1222 1497 1299 1561; x_wconf 87' lang='lat' dir='ltr'><strong>ad</strong></span> <span class='ocrx_word' id='word_1_121' title='bbox 1330 1497 1720 1581; x_wconf 90' lang='lat' dir='ltr'><strong>principium,</strong></span> <span class='ocrx_word' id='word_1_122' title='bbox 1761 1515 1884 1579; x_wconf 95' lang='lat' dir='ltr'><strong>quo</strong></span> <span class='ocrx_word' id='word_1_123' title='bbox 1923 1498 1986 1561; x_wconf 87' lang='lat' dir='ltr'><strong>et</strong></span> <span class='ocrx_word' id='word_1_124' title='bbox 2008 1495 2246 1561; x_wconf 89' lang='lat' dir='ltr'><strong>Auctor</strong></span> <span class='ocrx_word' id='word_1_125' title='bbox 2282 1496 2491 1559; x_wconf 90' lang='lat' dir='ltr'><strong>noster</strong></span> <span class='ocrx_word' id='word_1_126' title='bbox 2522 1494 2747 1572; x_wconf 89' lang='lat' dir='ltr'><strong>utitur,</strong></span> 
     </span>
     <span class='ocr_line' id='line_1_13' title="bbox 289 1593 2749 1683; baseline 0.002 -28"><span class='ocrx_word' id='word_1_127' title='bbox 289 1593 563 1677; x_wconf 87' lang='lat' dir='ltr'><strong>inquiens</strong></span> <span class='ocrx_word' id='word_1_128' title='bbox 589 1597 771 1663; x_wconf 90' lang='lat' dir='ltr'><strong>ibid.:</strong></span> <span class='ocrx_word' id='word_1_129' title='bbox 798 1623 832 1657; x_wconf 86' lang='lat'><strong>«</strong></span> <span class='ocrx_word' id='word_1_130' title='bbox 850 1598 942 1663; x_wconf 87' lang='lat' dir='ltr'><strong>Ut</strong></span> <span class='ocrx_word' id='word_1_131' title='bbox 963 1599 1069 1680; x_wconf 91' lang='lat' dir='ltr'><strong>qui</strong></span> <span class='ocrx_word' id='word_1_132' title='bbox 1094 1599 1368 1683; x_wconf 79' lang='lat' dir='ltr'><strong>possidet</strong></span> <span class='ocrx_word' id='word_1_133' title='bbox 1391 1619 1540 1677; x_wconf 92' lang='lat' dir='ltr'><strong>rem,</strong></span> <span class='ocrx_word' id='word_1_134' title='bbox 1559 1599 1633 1663; x_wconf 91' lang='lat' dir='ltr'><strong>de</strong></span> <span class='ocrx_word' id='word_1_135' title='bbox 1657 1617 1781 1681; x_wconf 89' lang='lat' dir='ltr'><strong>qua</strong></span> <span class='ocrx_word' id='word_1_136' title='bbox 1806 1598 2074 1675; x_wconf 89' lang='lat' dir='ltr'><strong>dubitat,</strong></span> <span class='ocrx_word' id='word_1_137' title='bbox 2096 1617 2173 1662; x_wconf 90' lang='lat' dir='ltr'><strong>an</strong></span> <span class='ocrx_word' id='word_1_138' title='bbox 2200 1597 2285 1661; x_wconf 89' lang='lat' dir='ltr'><strong>sit</strong></span> <span class='ocrx_word' id='word_1_139' title='bbox 2309 1596 2529 1671; x_wconf 89' lang='lat' dir='ltr'><strong>aliena,</strong></span> <span class='ocrx_word' id='word_1_140' title='bbox 2557 1595 2749 1660; x_wconf 87' lang='lat' dir='ltr'><strong>etiam</strong></span> 
     </span>
     <span class='ocr_line' id='line_1_14' title="bbox 292 1688 2749 1771; baseline 0 -12"><span class='ocrx_word' id='word_1_141' title='bbox 292 1696 550 1771; x_wconf 87' lang='lat' dir='ltr'><strong>dubitat,</strong></span> <span class='ocrx_word' id='word_1_142' title='bbox 611 1719 689 1764; x_wconf 88' lang='lat' dir='ltr'><strong>an</strong></span> <span class='ocrx_word' id='word_1_143' title='bbox 744 1688 1127 1765; x_wconf 81' lang='lat' dir='ltr'><strong>contrectare</strong></span> <span class='ocrx_word' id='word_1_144' title='bbox 1179 1700 1278 1764; x_wconf 85' lang='lat' dir='ltr'><strong>vel</strong></span> <span class='ocrx_word' id='word_1_145' title='bbox 1325 1719 1681 1765; x_wconf 86' lang='lat' dir='ltr'><strong>consumere</strong></span> <span class='ocrx_word' id='word_1_146' title='bbox 1726 1700 1905 1763; x_wconf 84' lang='lat' dir='ltr'><strong>illam</strong></span> <span class='ocrx_word' id='word_1_147' title='bbox 1958 1699 2042 1763; x_wconf 89' lang='lat' dir='ltr'><strong>sit</strong></span> <span class='ocrx_word' id='word_1_148' title='bbox 2088 1699 2253 1763; x_wconf 88' lang='lat' dir='ltr'><strong>actio</strong></span> <span class='ocrx_word' id='word_1_149' title='bbox 2301 1697 2636 1762; x_wconf 89' lang='lat' dir='ltr'><strong>secundum</strong></span> <span class='ocrx_word' id='word_1_150' title='bbox 2683 1715 2749 1760; x_wconf 88' lang='lat' dir='ltr'><strong>se</strong></span> 
     </span>
     <span class='ocr_line' id='line_1_15' title="bbox 293 1798 2749 1885; baseline -0.001 -21"><span class='ocrx_word' id='word_1_151' title='bbox 293 1799 533 1877; x_wconf 87' lang='lat' dir='ltr'><strong>iniusta,</strong></span> <span class='ocrx_word' id='word_1_152' title='bbox 570 1804 793 1885; x_wconf 87' lang='lat' dir='ltr'><strong>utpote</strong></span> <span class='ocrx_word' id='word_1_153' title='bbox 831 1806 1046 1868; x_wconf 87' lang='lat' dir='ltr'><strong>contra</strong></span> <span class='ocrx_word' id='word_1_154' title='bbox 1075 1803 1175 1867; x_wconf 86' lang='lat' dir='ltr'><strong>ius</strong></span> <span class='ocrx_word' id='word_1_155' title='bbox 1208 1822 1279 1867; x_wconf 88' lang='lat' dir='ltr'><strong>ac</strong></span> <span class='ocrx_word' id='word_1_156' title='bbox 1316 1802 1660 1867; x_wconf 90' lang='lat' dir='ltr'><strong>dominium</strong></span> <span class='ocrx_word' id='word_1_157' title='bbox 1700 1801 1994 1867; x_wconf 89' lang='lat' dir='ltr'><strong>alterius:</strong></span> <span class='ocrx_word' id='word_1_158' title='bbox 2034 1800 2196 1865; x_wconf 92' lang='lat' dir='ltr'><strong>unde</strong></span> <span class='ocrx_word' id='word_1_159' title='bbox 2245 1801 2300 1865; x_wconf 89' lang='lat' dir='ltr'><strong>si</strong></span> <span class='ocrx_word' id='word_1_160' title='bbox 2344 1800 2521 1865; x_wconf 86' lang='lat' dir='ltr'><strong>illam</strong></span> <span class='ocrx_word' id='word_1_161' title='bbox 2566 1798 2749 1864; x_wconf 89' lang='lat' dir='ltr'><strong>alteri</strong></span> 
     </span>
     <span class='ocr_line' id='line_1_16' title="bbox 290 1901 2746 1989; baseline 0.001 -24"><span class='ocrx_word' id='word_1_162' title='bbox 290 1902 473 1981; x_wconf 85' lang='lat' dir='ltr'><strong>daret,</strong></span> <span class='ocrx_word' id='word_1_163' title='bbox 505 1904 744 1970; x_wconf 84' lang='lat' dir='ltr'><strong>vitaret</strong></span> <span class='ocrx_word' id='word_1_164' title='bbox 782 1925 959 1970; x_wconf 91' lang='lat' dir='ltr'><strong>omne</strong></span> <span class='ocrx_word' id='word_1_165' title='bbox 994 1906 1337 1988; x_wconf 88' lang='lat' dir='ltr'><strong>periculum</strong></span> <span class='ocrx_word' id='word_1_166' title='bbox 1370 1904 1605 1989; x_wconf 88' lang='lat' dir='ltr'><strong>peccati</strong></span> <span class='ocrx_word' id='word_1_167' title='bbox 1643 1908 1777 1969; x_wconf 86' lang='lat' dir='ltr'><strong>tam</strong></span> <span class='ocrx_word' id='word_1_168' title='bbox 1823 1903 2106 1968; x_wconf 86' lang='lat' dir='ltr'><strong>formalis</strong></span> <span class='ocrx_word' id='word_1_169' title='bbox 2144 1923 2334 1986; x_wconf 91' lang='lat' dir='ltr'><strong>quam</strong></span> <span class='ocrx_word' id='word_1_170' title='bbox 2381 1901 2746 1976; x_wconf 83' lang='lat' dir='ltr'><strong>materialis,</strong></span> 
     </span>
     <span class='ocr_line' id='line_1_17' title="bbox 295 2004 2743 2091; baseline 0 -24"><span class='ocrx_word' id='word_1_171' title='bbox 295 2007 361 2067; x_wconf 88' lang='lat' dir='ltr'><strong>ut</strong></span> <span class='ocrx_word' id='word_1_172' title='bbox 388 2004 474 2069; x_wconf 91' lang='lat' dir='ltr'><strong>sic</strong></span> <span class='ocrx_word' id='word_1_173' title='bbox 509 2006 716 2071; x_wconf 85' lang='lat' dir='ltr'><strong>dicam</strong></span> <span class='ocrx_word' id='word_1_174' title='bbox 763 2007 908 2089; x_wconf 89' lang='lat' dir='ltr'><strong>(hoc</strong></span> <span class='ocrx_word' id='word_1_175' title='bbox 938 2011 1034 2073; x_wconf 89' lang='lat' dir='ltr'><strong>est</strong></span> <span class='ocrx_word' id='word_1_176' title='bbox 1074 2010 1277 2072; x_wconf 75' lang='lat' dir='ltr'><strong>tene-re</strong></span> <span class='ocrx_word' id='word_1_177' title='bbox 1327 2008 1672 2091; x_wconf 58' lang='lat' dir='ltr'><strong>tutiorem:</strong></span> <span class='ocrx_word' id='word_1_178' title='bbox 1705 2025 1830 2070; x_wconf 91' lang='lat' dir='ltr'><strong>non</strong></span> <span class='ocrx_word' id='word_1_179' title='bbox 1877 2008 2086 2071; x_wconf 88' lang='lat' dir='ltr'><strong>tamen</strong></span> <span class='ocrx_word' id='word_1_180' title='bbox 2133 2006 2211 2070; x_wconf 89' lang='lat' dir='ltr'><strong>ad</strong></span> <span class='ocrx_word' id='word_1_181' title='bbox 2256 2006 2374 2070; x_wconf 90' lang='lat' dir='ltr'><strong>hoc</strong></span> <span class='ocrx_word' id='word_1_182' title='bbox 2407 2004 2743 2088; x_wconf 87' lang='lat' dir='ltr'><strong>obligatur,</strong></span> 
     </span>
     <span class='ocr_line' id='line_1_18' title="bbox 297 2106 2746 2195; baseline 0 -25"><span class='ocrx_word' id='word_1_183' title='bbox 297 2107 430 2186; x_wconf 86' lang='lat' dir='ltr'><strong>quia</strong></span> <span class='ocrx_word' id='word_1_184' title='bbox 451 2107 515 2172; x_wconf 93' lang='lat' dir='ltr'><strong>in</strong></span> <span class='ocrx_word' id='word_1_185' title='bbox 541 2109 735 2175; x_wconf 88' lang='lat' dir='ltr'><strong>dubio</strong></span> <span class='ocrx_word' id='word_1_186' title='bbox 758 2127 937 2175; x_wconf 88' lang='lat' dir='ltr'><strong>nemo</strong></span> <span class='ocrx_word' id='word_1_187' title='bbox 969 2110 1236 2195; x_wconf 87' lang='lat' dir='ltr'><strong>cogitur,</strong></span> <span class='ocrx_word' id='word_1_188' title='bbox 1263 2129 1412 2188; x_wconf 90' lang='lat' dir='ltr'><strong>rem,</strong></span> <span class='ocrx_word' id='word_1_189' title='bbox 1440 2129 1630 2192; x_wconf 86' lang='lat' dir='ltr'><strong>quam</strong></span> <span class='ocrx_word' id='word_1_190' title='bbox 1662 2109 1953 2193; x_wconf 84' lang='lat' dir='ltr'><strong>possidet,</strong></span> <span class='ocrx_word' id='word_1_191' title='bbox 1989 2108 2171 2173; x_wconf 86' lang='lat' dir='ltr'><strong>alteri</strong></span> <span class='ocrx_word' id='word_1_192' title='bbox 2201 2108 2381 2183; x_wconf 70' lang='lat' dir='ltr'><strong>dare,</strong></span> <span class='ocrx_word' id='word_1_193' title='bbox 2407 2109 2559 2172; x_wconf 90' lang='lat' dir='ltr'><strong>tunc</strong></span> <span class='ocrx_word' id='word_1_194' title='bbox 2582 2106 2746 2171; x_wconf 89' lang='lat' dir='ltr'><strong>enim</strong></span> 
     </span>
     <span class='ocr_line' id='line_1_19' title="bbox 298 2208 2747 2296; baseline 0.001 -27"><span class='ocrx_word' id='word_1_195' title='bbox 298 2226 425 2272; x_wconf 88' lang='lat' dir='ltr'><strong>cum</strong></span> <span class='ocrx_word' id='word_1_196' title='bbox 461 2211 687 2276; x_wconf 90' lang='lat' dir='ltr'><strong>melior</strong></span> <span class='ocrx_word' id='word_1_197' title='bbox 733 2212 818 2276; x_wconf 88' lang='lat' dir='ltr'><strong>sit</strong></span> <span class='ocrx_word' id='word_1_198' title='bbox 862 2212 1133 2277; x_wconf 87' lang='lat' dir='ltr'><strong>conditio</strong></span> <span class='ocrx_word' id='word_1_199' title='bbox 1175 2211 1566 2296; x_wconf 74' lang='lat' dir='ltr'><strong>possidentia,</strong></span> <span class='ocrx_word' id='word_1_200' title='bbox 1615 2213 1823 2295; x_wconf 90' lang='lat' dir='ltr'><strong>potest</strong></span> <span class='ocrx_word' id='word_1_201' title='bbox 1860 2230 1924 2275; x_wconf 88' lang='lat' dir='ltr'><strong>se</strong></span> <span class='ocrx_word' id='word_1_202' title='bbox 1960 2211 2167 2294; x_wconf 90' lang='lat' dir='ltr'><strong>ipsum</strong></span> <span class='ocrx_word' id='word_1_203' title='bbox 2214 2209 2396 2275; x_wconf 87' lang='lat' dir='ltr'><strong>alteri</strong></span> <span class='ocrx_word' id='word_1_204' title='bbox 2440 2208 2747 2292; x_wconf 85' lang='lat' dir='ltr'><strong>praeferre</strong></span> 
     </span>
     <span class='ocr_line' id='line_1_20' title="bbox 300 2310 2746 2398; baseline 0.002 -27"><span class='ocrx_word' id='word_1_205' title='bbox 300 2311 560 2393; x_wconf 85' lang='lat' dir='ltr'><strong>satisque</strong></span> <span class='ocrx_word' id='word_1_206' title='bbox 599 2315 716 2391; x_wconf 87' lang='lat' dir='ltr'><strong>est,</strong></span> <span class='ocrx_word' id='word_1_207' title='bbox 751 2315 917 2396; x_wconf 91' lang='lat' dir='ltr'><strong>quod</strong></span> <span class='ocrx_word' id='word_1_208' title='bbox 962 2316 1026 2379; x_wconf 91' lang='lat' dir='ltr'><strong>in</strong></span> <span class='ocrx_word' id='word_1_209' title='bbox 1075 2314 1440 2398; x_wconf 82' lang='lat' dir='ltr'><strong>particulari</strong></span> <span class='ocrx_word' id='word_1_210' title='bbox 1487 2315 1573 2378; x_wconf 89' lang='lat' dir='ltr'><strong>sit</strong></span> <span class='ocrx_word' id='word_1_211' title='bbox 1617 2315 1843 2391; x_wconf 86' lang='grc'>0011110,</span> <span class='ocrx_word' id='word_1_212' title='bbox 1892 2313 2051 2377; x_wconf 88' lang='grc'>110110</span> <span class='ocrx_word' id='word_1_213' title='bbox 2106 2312 2412 2377; x_wconf 87' lang='lat' dir='ltr'><strong>actionem</strong></span> <span class='ocrx_word' id='word_1_214' title='bbox 2458 2310 2578 2376; x_wconf 87' lang='lat' dir='ltr'><strong>sibi</strong></span> <span class='ocrx_word' id='word_1_215' title='bbox 2623 2328 2746 2375; x_wconf 90' lang='lat' dir='ltr'><strong>non</strong></span> 
     </span>
     <span class='ocr_line' id='line_1_21' title="bbox 301 2414 1619 2500; baseline 0.002 -24"><span class='ocrx_word' id='word_1_216' title='bbox 301 2428 417 2475; x_wconf 82' lang='lat' dir='ltr'><strong>esse</strong></span> <span class='ocrx_word' id='word_1_217' title='bbox 459 2414 766 2479; x_wconf 86' lang='lat' dir='ltr'><strong>iniustam</strong></span> <span class='ocrx_word' id='word_1_218' title='bbox 803 2435 999 2499; x_wconf 88' lang='lat' dir='ltr'><strong>neque</strong></span> <span class='ocrx_word' id='word_1_219' title='bbox 1029 2417 1520 2500; x_wconf 88' lang='lat' dir='ltr'><strong>peccaminosam</strong></span> <span class='ocrx_word' id='word_1_220' title='bbox 1559 2440 1619 2479; x_wconf 85' lang='lat'><strong>».</strong></span> 
     </span>
    </p>

    <p class='ocr_par' dir='ltr' id='par_1_5' title="bbox 298 2512 2752 3416">
     <span class='ocr_line' id='line_1_22' title="bbox 378 2512 2745 2602; baseline 0 -26"><span class='ocrx_word' id='word_1_221' title='bbox 378 2512 454 2577; x_wconf 87' lang='lat' dir='ltr'><strong>Et</strong></span> <span class='ocrx_word' id='word_1_222' title='bbox 478 2518 817 2599; x_wconf 87' lang='lat' dir='ltr'><strong>utrumque</strong></span> <span class='ocrx_word' id='word_1_223' title='bbox 849 2518 1238 2602; x_wconf 90' lang='lat' dir='ltr'><strong>principium,</strong></span> <span class='ocrx_word' id='word_1_224' title='bbox 1272 2536 1395 2601; x_wconf 92' lang='lat' dir='ltr'><strong>quo</strong></span> <span class='ocrx_word' id='word_1_225' title='bbox 1436 2517 1695 2581; x_wconf 89' lang='lat' dir='ltr'><strong>dubium</strong></span> <span class='ocrx_word' id='word_1_226' title='bbox 1725 2516 2096 2593; x_wconf 83' lang='lat' dir='ltr'><strong>resolvatur,</strong></span> <span class='ocrx_word' id='word_1_227' title='bbox 2147 2514 2234 2579; x_wconf 91' lang='lat' dir='ltr'><strong>sic</strong></span> <span class='ocrx_word' id='word_1_228' title='bbox 2280 2513 2550 2579; x_wconf 88' lang='lat' dir='ltr'><strong>breviter</strong></span> <span class='ocrx_word' id='word_1_229' title='bbox 2594 2512 2745 2576; x_wconf 88' lang='lat' dir='ltr'><strong>alibi</strong></span> 
     </span>
     <span class='ocr_line' id='line_1_23' title="bbox 301 2616 2745 2705; baseline 0.001 -28"><span class='ocrx_word' id='word_1_230' title='bbox 301 2618 576 2698; x_wconf 89' lang='lat' dir='ltr'><strong>proponit</strong></span> <span class='ocrx_word' id='word_1_231' title='bbox 606 2619 671 2683; x_wconf 92' lang='lat' dir='ltr'><strong>in</strong></span> <span class='ocrx_word' id='word_1_232' title='bbox 710 2621 770 2683; x_wconf 91' lang='lat'><strong>1.</strong></span> <span class='ocrx_word' id='word_1_233' title='bbox 807 2621 867 2684; x_wconf 83' lang='lat'><strong>2.</strong></span> <span class='ocrx_word' id='word_1_234' title='bbox 901 2623 980 2685; x_wconf 93' lang='lat' dir='ltr'><strong>tr.</strong></span> <span class='ocrx_word' id='word_1_235' title='bbox 1009 2622 1069 2686; x_wconf 87' lang='grc'><strong>3.</strong></span> <span class='ocrx_word' id='word_1_236' title='bbox 1105 2620 1260 2705; x_wconf 89' lang='lat' dir='ltr'><strong>disp.</strong></span> <span class='ocrx_word' id='word_1_237' title='bbox 1305 2622 1408 2684; x_wconf 84' lang='lat'><strong>12.</strong></span> <span class='ocrx_word' id='word_1_238' title='bbox 1445 2621 1592 2684; x_wconf 89' lang='lat' dir='ltr'><strong>sect.</strong></span> <span class='ocrx_word' id='word_1_239' title='bbox 1634 2621 1694 2683; x_wconf 90' lang='lat'><strong>5.</strong></span> <span class='ocrx_word' id='word_1_240' title='bbox 1728 2639 1789 2682; x_wconf 90' lang='lat' dir='ltr'><strong>n.</strong></span> <span class='ocrx_word' id='word_1_241' title='bbox 1832 2620 1922 2683; x_wconf 83' lang='lat'><strong>7.:</strong></span> <span class='ocrx_word' id='word_1_242' title='bbox 1978 2644 2015 2677; x_wconf 83' lang='lat'><strong>‹&lt;</strong></span> <span class='ocrx_word' id='word_1_243' title='bbox 2061 2616 2241 2683; x_wconf 85' lang='lat' dir='ltr'><strong>Circa</strong></span> <span class='ocrx_word' id='word_1_244' title='bbox 2286 2617 2545 2683; x_wconf 88' lang='lat' dir='ltr'><strong>dubium</strong></span> <span class='ocrx_word' id='word_1_245' title='bbox 2589 2616 2745 2682; x_wconf 88' lang='lat' dir='ltr'><strong>iuris</strong></span> 
     </span>
     <span class='ocr_line' id='line_1_24' title="bbox 301 2718 2747 2806; baseline 0.002 -28"><span class='ocrx_word' id='word_1_246' title='bbox 301 2719 388 2780; x_wconf 83' lang='lat' dir='ltr'><strong>est</strong></span> <span class='ocrx_word' id='word_1_247' title='bbox 440 2718 901 2798; x_wconf 82' lang='lat' dir='ltr'><strong>advertendum,</strong></span> <span class='ocrx_word' id='word_1_248' title='bbox 951 2722 1139 2788; x_wconf 89' lang='lat' dir='ltr'><strong>variis</strong></span> <span class='ocrx_word' id='word_1_249' title='bbox 1184 2722 1384 2788; x_wconf 89' lang='lat' dir='ltr'><strong>modis</strong></span> <span class='ocrx_word' id='word_1_250' title='bbox 1432 2741 1609 2806; x_wconf 88' lang='lat' dir='ltr'><strong>posse</strong></span> <span class='ocrx_word' id='word_1_251' title='bbox 1645 2722 2036 2806; x_wconf 88' lang='lat' dir='ltr'><strong>contingere:</strong></span> <span class='ocrx_word' id='word_1_252' title='bbox 2090 2722 2156 2785; x_wconf 87' lang='lat'><strong>1⁰</strong></span> <span class='ocrx_word' id='word_1_253' title='bbox 2187 2721 2337 2803; x_wconf 87' lang='lat' dir='ltr'><strong>quia</strong></span> <span class='ocrx_word' id='word_1_254' title='bbox 2381 2718 2747 2803; x_wconf 89' lang='lat' dir='ltr'><strong>simpliciter</strong></span> 
     </span>
     <span class='ocr_line' id='line_1_25' title="bbox 300 2816 2744 2909; baseline 0.002 -30"><span class='ocrx_word' id='word_1_255' title='bbox 300 2816 703 2899; x_wconf 85' lang='lat' dir='ltr'><strong>dubitatur...,</strong></span> <span class='ocrx_word' id='word_1_256' title='bbox 755 2842 833 2887; x_wconf 91' lang='lat' dir='ltr'><strong>an</strong></span> <span class='ocrx_word' id='word_1_257' title='bbox 881 2825 965 2888; x_wconf 91' lang='lat' dir='ltr'><strong>sit</strong></span> <span class='ocrx_word' id='word_1_258' title='bbox 1009 2825 1142 2889; x_wconf 88' lang='lat' dir='ltr'><strong>lata</strong></span> <span class='ocrx_word' id='word_1_259' title='bbox 1186 2826 1283 2889; x_wconf 85' lang='lat' dir='ltr'><strong>lex</strong></span> <span class='ocrx_word' id='word_1_260' title='bbox 1313 2844 1518 2889; x_wconf 89' lang='lat' dir='ltr'><strong>necne.</strong></span> <span class='ocrx_word' id='word_1_261' title='bbox 1556 2824 1642 2888; x_wconf 87' lang='lat' dir='ltr'><strong>Et</strong></span> <span class='ocrx_word' id='word_1_262' title='bbox 1677 2826 1829 2889; x_wconf 89' lang='lat' dir='ltr'><strong>tunc</strong></span> <span class='ocrx_word' id='word_1_263' title='bbox 1871 2823 2178 2909; x_wconf 86' lang='lat' dir='ltr'><strong>generalis</strong></span> <span class='ocrx_word' id='word_1_264' title='bbox 2224 2822 2443 2908; x_wconf 85' lang='lat' dir='ltr'><strong>regula</strong></span> <span class='ocrx_word' id='word_1_265' title='bbox 2483 2824 2578 2887; x_wconf 88' lang='lat' dir='ltr'><strong>est</strong></span> <span class='ocrx_word' id='word_1_266' title='bbox 2620 2841 2744 2887; x_wconf 92' lang='lat' dir='ltr'><strong>non</strong></span> 
     </span>
     <span class='ocr_line' id='line_1_26' title="bbox 302 2920 2752 3010; baseline 0.001 -27"><span class='ocrx_word' id='word_1_267' title='bbox 302 2920 582 3006; x_wconf 87' lang='lat' dir='ltr'><strong>obligare.</strong></span> <span class='ocrx_word' id='word_1_268' title='bbox 631 2925 825 2990; x_wconf 84' lang='lat' dir='ltr'><strong>Ratio</strong></span> <span class='ocrx_word' id='word_1_269' title='bbox 864 2927 991 3009; x_wconf 90' lang='lat' dir='ltr'><strong>peti</strong></span> <span class='ocrx_word' id='word_1_270' title='bbox 1021 2928 1228 3010; x_wconf 88' lang='lat' dir='ltr'><strong>potest</strong></span> <span class='ocrx_word' id='word_1_271' title='bbox 1259 2947 1330 2992; x_wconf 83' lang='lat' dir='ltr'><strong>ex</strong></span> <span class='ocrx_word' id='word_1_272' title='bbox 1359 2928 1469 2993; x_wconf 86' lang='lat' dir='ltr'><strong>illo</strong></span> <span class='ocrx_word' id='word_1_273' title='bbox 1501 2926 1823 3010; x_wconf 90' lang='lat' dir='ltr'><strong>principio,</strong></span> <span class='ocrx_word' id='word_1_274' title='bbox 1857 2925 2024 3009; x_wconf 93' lang='lat' dir='ltr'><strong>quod</strong></span> <span class='ocrx_word' id='word_1_275' title='bbox 2062 2926 2135 2988; x_wconf 78' lang='lat' dir='ltr'><strong>in</strong></span> <span class='ocrx_word' id='word_1_276' title='bbox 2166 2924 2376 2988; x_wconf 76' lang='lat' dir='ltr'><strong>dubiis</strong></span> <span class='ocrx_word' id='word_1_277' title='bbox 2406 2923 2627 2987; x_wconf 77' lang='lat' dir='ltr'><strong>melior</strong></span> <span class='ocrx_word' id='word_1_278' title='bbox 2657 2928 2752 2987; x_wconf 83' lang='lat' dir='ltr'><strong>est</strong></span> 
     </span>
     <span class='ocr_line' id='line_1_27' title="bbox 299 3022 2748 3105; baseline 0.004 -24"><span class='ocrx_word' id='word_1_279' title='bbox 299 3022 558 3088; x_wconf 77' lang='lat' dir='ltr'><strong>conditio</strong></span> <span class='ocrx_word' id='word_1_280' title='bbox 589 3027 1018 3105; x_wconf 72' lang='lat' dir='ltr'><strong>possidentis:</strong></span> <span class='ocrx_word' id='word_1_281' title='bbox 1065 3029 1250 3094; x_wconf 92' lang='lat' dir='ltr'><strong>homo</strong></span> <span class='ocrx_word' id='word_1_282' title='bbox 1290 3032 1501 3094; x_wconf 89' lang='grc'>01110111</span> <span class='ocrx_word' id='word_1_283' title='bbox 1532 3029 1808 3093; x_wconf 88' lang='grc'>0011111101</span> <span class='ocrx_word' id='word_1_284' title='bbox 1836 3027 2194 3092; x_wconf 86' lang='lat' dir='ltr'><strong>libertatem</strong></span> <span class='ocrx_word' id='word_1_285' title='bbox 2224 3045 2424 3102; x_wconf 88' lang='lat' dir='ltr'><strong>suam,</strong></span> <span class='ocrx_word' id='word_1_286' title='bbox 2459 3025 2557 3089; x_wconf 85' lang='lat' dir='ltr'><strong>vel</strong></span> <span class='ocrx_word' id='word_1_287' title='bbox 2584 3025 2748 3090; x_wconf 89' lang='lat' dir='ltr'><strong>certe</strong></span> 
     </span>
     <span class='ocr_line' id='line_1_28' title="bbox 299 3124 2750 3210; baseline 0.001 -25"><span class='ocrx_word' id='word_1_288' title='bbox 299 3141 367 3185; x_wconf 82' lang='lat' dir='ltr'><strong>ex</strong></span> <span class='ocrx_word' id='word_1_289' title='bbox 403 3124 529 3203; x_wconf 89' lang='lat' dir='ltr'><strong>illo,</strong></span> <span class='ocrx_word' id='word_1_290' title='bbox 567 3127 737 3209; x_wconf 86' lang='lat' dir='ltr'><strong>quod</strong></span> <span class='ocrx_word' id='word_1_291' title='bbox 775 3128 840 3192; x_wconf 90' lang='lat' dir='ltr'><strong>in</strong></span> <span class='ocrx_word' id='word_1_292' title='bbox 862 3130 1124 3194; x_wconf 90' lang='lat' dir='ltr'><strong>materia</strong></span> <span class='ocrx_word' id='word_1_293' title='bbox 1160 3131 1505 3197; x_wconf 89' lang='lat' dir='ltr'><strong>notandum</strong></span> <span class='ocrx_word' id='word_1_294' title='bbox 1545 3132 1661 3204; x_wconf 90' lang='lat' dir='ltr'><strong>est,</strong></span> <span class='ocrx_word' id='word_1_295' title='bbox 1695 3128 1863 3210; x_wconf 89' lang='lat' dir='ltr'><strong>quod</strong></span> <span class='ocrx_word' id='word_1_296' title='bbox 1897 3128 1995 3191; x_wconf 91' lang='grc'><strong>101</strong></span> <span class='ocrx_word' id='word_1_297' title='bbox 2042 3144 2165 3189; x_wconf 88' lang='grc'>11011</span> <span class='ocrx_word' id='word_1_298' title='bbox 2206 3126 2466 3208; x_wconf 87' lang='lat' dir='ltr'><strong>obligat,</strong></span> <span class='ocrx_word' id='word_1_299' title='bbox 2498 3125 2620 3188; x_wconf 87' lang='lat' dir='ltr'><strong>nisi</strong></span> <span class='ocrx_word' id='word_1_300' title='bbox 2665 3126 2750 3188; x_wconf 87' lang='lat' dir='ltr'><strong>sit</strong></span> 
     </span>
     <span class='ocr_line' id='line_1_29' title="bbox 299 3224 2750 3315; baseline 0.002 -31"><span class='ocrx_word' id='word_1_301' title='bbox 299 3224 664 3293; x_wconf 87' lang='lat' dir='ltr'><strong>sufficienter</strong></span> <span class='ocrx_word' id='word_1_302' title='bbox 700 3231 1135 3315; x_wconf 87' lang='lat' dir='ltr'><strong>promulgata:</strong></span> <span class='ocrx_word' id='word_1_303' title='bbox 1185 3232 1459 3315; x_wconf 88' lang='lat' dir='ltr'><strong>quandiu</strong></span> <span class='ocrx_word' id='word_1_304' title='bbox 1515 3232 1725 3294; x_wconf 91' lang='lat' dir='ltr'><strong>autem</strong></span> <span class='ocrx_word' id='word_1_305' title='bbox 1772 3225 2230 3291; x_wconf 79' lang='lat' dir='ltr'><strong>rationabiliter</strong></span> <span class='ocrx_word' id='word_1_306' title='bbox 2276 3224 2620 3300; x_wconf 86' lang='lat' dir='ltr'><strong>dubitatur,</strong></span> <span class='ocrx_word' id='word_1_307' title='bbox 2671 3244 2750 3289; x_wconf 87' lang='lat' dir='ltr'><strong>an</strong></span> 
     </span>
     <span class='ocr_line' id='line_1_30' title="bbox 298 3323 1799 3416; baseline 0.004 -31"><span class='ocrx_word' id='word_1_308' title='bbox 298 3323 428 3388; x_wconf 84' lang='lat' dir='ltr'><strong>lata</strong></span> <span class='ocrx_word' id='word_1_309' title='bbox 460 3328 556 3404; x_wconf 87' lang='lat' dir='ltr'><strong>sit,</strong></span> <span class='ocrx_word' id='word_1_310' title='bbox 587 3349 714 3395; x_wconf 90' lang='lat' dir='ltr'><strong>non</strong></span> <span class='ocrx_word' id='word_1_311' title='bbox 747 3333 847 3395; x_wconf 83' lang='lat' dir='ltr'><strong>est</strong></span> <span class='ocrx_word' id='word_1_312' title='bbox 893 3333 1264 3399; x_wconf 89' lang='lat' dir='ltr'><strong>sufficienter</strong></span> <span class='ocrx_word' id='word_1_313' title='bbox 1301 3331 1704 3416; x_wconf 88' lang='lat' dir='ltr'><strong>promulgata</strong></span> <span class='ocrx_word' id='word_1_314' title='bbox 1737 3354 1799 3391; x_wconf 87' lang='lat'><strong>».</strong></span> 
     </span>
    </p>

    <p class='ocr_par' dir='ltr' id='par_1_6' title="bbox 297 3428 2757 3718">
     <span class='ocr_line' id='line_1_31' title="bbox 381 3428 2757 3516; baseline 0 -24"><span class='ocrx_word' id='word_1_315' title='bbox 381 3428 614 3495; x_wconf 86' lang='lat' dir='ltr'><strong>Auctor</strong></span> <span class='ocrx_word' id='word_1_316' title='bbox 636 3451 851 3515; x_wconf 91' lang='lat' dir='ltr'><strong>porro,</strong></span> <span class='ocrx_word' id='word_1_317' title='bbox 883 3434 979 3497; x_wconf 90' lang='lat' dir='ltr'><strong>uti</strong></span> <span class='ocrx_word' id='word_1_318' title='bbox 1002 3437 1194 3516; x_wconf 87' lang='lat' dir='ltr'><strong>patet,</strong></span> <span class='ocrx_word' id='word_1_319' title='bbox 1221 3455 1293 3500; x_wconf 84' lang='lat' dir='ltr'><strong>ex</strong></span> <span class='ocrx_word' id='word_1_320' title='bbox 1323 3434 1565 3499; x_wconf 90' lang='lat' dir='ltr'><strong>duobus</strong></span> <span class='ocrx_word' id='word_1_321' title='bbox 1588 3432 1724 3496; x_wconf 88' lang='lat' dir='ltr'><strong>heic</strong></span> <span class='ocrx_word' id='word_1_322' title='bbox 1753 3430 1970 3495; x_wconf 89' lang='lat' dir='ltr'><strong>relatis</strong></span> <span class='ocrx_word' id='word_1_323' title='bbox 1985 3428 2322 3511; x_wconf 79' lang='lat' dir='ltr'><strong>principiis,</strong></span> <span class='ocrx_word' id='word_1_324' title='bbox 2357 3428 2757 3511; x_wconf 87' lang='lat' dir='ltr'><strong>amplectitur</strong></span> 
     </span>
     <span class='ocr_line' id='line_1_32' title="bbox 297 3529 2753 3619; baseline 0.001 -27"><span class='ocrx_word' id='word_1_325' title='bbox 297 3529 502 3608; x_wconf 86' lang='lat' dir='ltr'><strong>potius</strong></span> <span class='ocrx_word' id='word_1_326' title='bbox 533 3533 877 3598; x_wconf 87' lang='lat' dir='ltr'><strong>secundum</strong></span> <span class='ocrx_word' id='word_1_327' title='bbox 907 3535 1292 3619; x_wconf 88' lang='lat' dir='ltr'><strong>principium,</strong></span> <span class='ocrx_word' id='word_1_328' title='bbox 1326 3534 1491 3619; x_wconf 91' lang='lat' dir='ltr'><strong>quod</strong></span> <span class='ocrx_word' id='word_1_329' title='bbox 1521 3534 1736 3599; x_wconf 88' lang='lat' dir='ltr'><strong>dicunt</strong></span> <span class='ocrx_word' id='word_1_330' title='bbox 1758 3529 2200 3613; x_wconf 52' lang='lat' dir='ltr'><strong>possessionis,</strong></span> <span class='ocrx_word' id='word_1_331' title='bbox 2239 3549 2430 3612; x_wconf 90' lang='lat' dir='ltr'><strong>quam</strong></span> <span class='ocrx_word' id='word_1_332' title='bbox 2460 3531 2753 3613; x_wconf 90' lang='lat' dir='ltr'><strong>primum.</strong></span> 
     </span>
     <span class='ocr_line' id='line_1_33' title="bbox 297 3626 2001 3718; baseline 0.003 -26"><span class='ocrx_word' id='word_1_333' title='bbox 297 3627 485 3696; x_wconf 88' lang='lat' dir='ltr'><strong>Cuius</strong></span> <span class='ocrx_word' id='word_1_334' title='bbox 521 3626 622 3700; x_wconf 72' lang='lat' dir='ltr'><strong>rei&#39;</strong></span> <span class='ocrx_word' id='word_1_335' title='bbox 645 3654 961 3718; x_wconf 86' lang='lat' dir='ltr'><strong>quaenam</strong></span> <span class='ocrx_word' id='word_1_336' title='bbox 998 3639 1080 3702; x_wconf 90' lang='lat' dir='ltr'><strong>sit</strong></span> <span class='ocrx_word' id='word_1_337' title='bbox 1112 3658 1318 3717; x_wconf 87' lang='grc'>001100,</span> <span class='ocrx_word' id='word_1_338' title='bbox 1352 3638 1608 3703; x_wconf 85' lang='lat' dir='ltr'><strong>inferius</strong></span> <span class='ocrx_word' id='word_1_339' title='bbox 1632 3636 2001 3701; x_wconf 88' lang='lat' dir='ltr'><strong>videbimus.</strong></span> 
     </span>
    </p>

    <p class='ocr_par' dir='ltr' id='par_1_7' title="bbox 297 3729 2756 4126">
     <span class='ocr_line' id='line_1_34' title="bbox 380 3729 2756 3824; baseline 0 -23"><span class='ocrx_word' id='word_1_340' title='bbox 380 3729 519 3804; x_wconf 82' lang='grc'>211.</span> <span class='ocrx_word' id='word_1_341' title='bbox 559 3736 802 3802; x_wconf 85' lang='lat' dir='ltr'><strong>Verum</strong></span> <span class='ocrx_word' id='word_1_342' title='bbox 835 3741 1115 3819; x_wconf 85' lang='lat' dir='ltr'><strong>quaestio</strong></span> <span class='ocrx_word' id='word_1_343' title='bbox 1154 3760 1285 3807; x_wconf 87' lang='lat' dir='ltr'><strong>esse</strong></span> <span class='ocrx_word' id='word_1_344' title='bbox 1315 3742 1542 3824; x_wconf 86' lang='lat' dir='ltr'><strong>potest,</strong></span> <span class='ocrx_word' id='word_1_345' title='bbox 1578 3759 1655 3802; x_wconf 85' lang='lat' dir='ltr'><strong>an</strong></span> <span class='ocrx_word' id='word_1_346' title='bbox 1695 3741 1839 3822; x_wconf 88' lang='lat' dir='ltr'><strong>apte</strong></span> <span class='ocrx_word' id='word_1_347' title='bbox 1877 3737 2181 3821; x_wconf 83' lang='lat' dir='ltr'><strong>seligatur</strong></span> <span class='ocrx_word' id='word_1_348' title='bbox 2214 3734 2587 3818; x_wconf 90' lang='lat' dir='ltr'><strong>principium</strong></span> <span class='ocrx_word' id='word_1_349' title='bbox 2619 3755 2756 3820; x_wconf 88' lang='lat' dir='ltr'><strong>pos·</strong></span> 
     </span>
     <span class='ocr_line' id='line_1_35' title="bbox 297 3838 2754 3926; baseline -0.001 -24"><span class='ocrx_word' id='word_1_350' title='bbox 297 3838 612 3916; x_wconf 72' lang='lat' dir='ltr'><strong>sessionis;</strong></span> <span class='ocrx_word' id='word_1_351' title='bbox 640 3841 876 3923; x_wconf 86' lang='lat' dir='ltr'><strong>quippe</strong></span> <span class='ocrx_word' id='word_1_352' title='bbox 922 3846 1088 3920; x_wconf 90' lang='lat' dir='ltr'><strong>sunt,</strong></span> <span class='ocrx_word' id='word_1_353' title='bbox 1127 3845 1235 3926; x_wconf 88' lang='lat' dir='ltr'><strong>qui</strong></span> <span class='ocrx_word' id='word_1_354' title='bbox 1266 3845 1570 3919; x_wconf 91' lang='lat' dir='ltr'><strong>dubitent,</strong></span> <span class='ocrx_word' id='word_1_355' title='bbox 1606 3862 1683 3906; x_wconf 86' lang='lat' dir='ltr'><strong>an</strong></span> <span class='ocrx_word' id='word_1_356' title='bbox 1723 3840 2026 3907; x_wconf 87' lang='lat' dir='ltr'><strong>eiusmodi</strong></span> <span class='ocrx_word' id='word_1_357' title='bbox 2057 3839 2448 3922; x_wconf 90' lang='lat' dir='ltr'><strong>principium,</strong></span> <span class='ocrx_word' id='word_1_358' title='bbox 2487 3838 2651 3901; x_wconf 91' lang='lat' dir='ltr'><strong>sicut</strong></span> <span class='ocrx_word' id='word_1_359' title='bbox 2682 3855 2754 3900; x_wconf 86' lang='lat' dir='ltr'><strong>ex</strong></span> 
     </span>
     <span class='ocr_line' id='line_1_36' title="bbox 299 3938 2755 4019; baseline 0.001 -21"><span class='ocrx_word' id='word_1_360' title='bbox 299 3940 569 4006; x_wconf 89' lang='lat' dir='ltr'><strong>omnium</strong></span> <span class='ocrx_word' id='word_1_361' title='bbox 614 3943 1018 4008; x_wconf 82' lang='lat' dir='ltr'><strong>consensione</strong></span> <span class='ocrx_word' id='word_1_362' title='bbox 1064 3946 1231 4011; x_wconf 87' lang='lat' dir='ltr'><strong>valet</strong></span> <span class='ocrx_word' id='word_1_363' title='bbox 1259 3947 1323 4011; x_wconf 91' lang='lat' dir='ltr'><strong>in</strong></span> <span class='ocrx_word' id='word_1_364' title='bbox 1360 3945 1625 4009; x_wconf 85' lang='lat' dir='ltr'><strong>materia</strong></span> <span class='ocrx_word' id='word_1_365' title='bbox 1655 3944 1958 4019; x_wconf 70' lang='lat' dir='ltr'><strong>iustitiae,</strong></span> <span class='ocrx_word' id='word_1_366' title='bbox 1992 3941 2084 4004; x_wconf 89' lang='lat' dir='ltr'><strong>ita</strong></span> <span class='ocrx_word' id='word_1_367' title='bbox 2115 3938 2306 4003; x_wconf 86' lang='lat' dir='ltr'><strong>etiam</strong></span> <span class='ocrx_word' id='word_1_368' title='bbox 2340 3938 2548 4003; x_wconf 85' lang='lat' dir='ltr'><strong>valeat</strong></span> <span class='ocrx_word' id='word_1_369' title='bbox 2581 3939 2755 4001; x_wconf 79' lang='lat' dir='ltr'><strong>extra</strong></span> 
     </span>
     <span class='ocr_line' id='line_1_37' title="bbox 297 4039 2671 4126; baseline -0 -24"><span class='ocrx_word' id='word_1_370' title='bbox 297 4039 569 4106; x_wconf 59' lang='lat' dir='ltr'><strong>iustitiae</strong></span> <span class='ocrx_word' id='word_1_371' title='bbox 599 4045 967 4109; x_wconf 85' lang='lat' dir='ltr'><strong>materiam:</strong></span> <span class='ocrx_word' id='word_1_372' title='bbox 1007 4065 1129 4126; x_wconf 91' lang='lat' dir='ltr'><strong>qua</strong></span> <span class='ocrx_word' id='word_1_373' title='bbox 1160 4048 1232 4112; x_wconf 90' lang='lat' dir='ltr'><strong>de</strong></span> <span class='ocrx_word' id='word_1_374' title='bbox 1262 4068 1327 4111; x_wconf 90' lang='lat' dir='ltr'><strong>re</strong></span> <span class='ocrx_word' id='word_1_375' title='bbox 1357 4050 1568 4111; x_wconf 90' lang='lat' dir='ltr'><strong>tamen</strong></span> <span class='ocrx_word' id='word_1_376' title='bbox 1592 4046 1830 4111; x_wconf 87' lang='lat' dir='ltr'><strong>Auctor</strong></span> <span class='ocrx_word' id='word_1_377' title='bbox 1865 4043 2111 4107; x_wconf 91' lang='lat' dir='ltr'><strong>nullum</strong></span> <span class='ocrx_word' id='word_1_378' title='bbox 2148 4039 2409 4104; x_wconf 90' lang='lat' dir='ltr'><strong>dubium</strong></span> <span class='ocrx_word' id='word_1_379' title='bbox 2439 4040 2671 4103; x_wconf 86' lang='lat' dir='ltr'><strong>movet.</strong></span> 
     </span>
    </p>

    <p class='ocr_par' dir='ltr' id='par_1_8' title="bbox 296 4139 2759 4536">
     <span class='ocr_line' id='line_1_38' title="bbox 380 4139 2755 4232; baseline -0.001 -25"><span class='ocrx_word' id='word_1_380' title='bbox 380 4142 463 4206; x_wconf 89' lang='lat' dir='ltr'><strong>Et</strong></span> <span class='ocrx_word' id='word_1_381' title='bbox 493 4143 722 4210; x_wconf 85' lang='lat' dir='ltr'><strong>diceres</strong></span> <span class='ocrx_word' id='word_1_382' title='bbox 763 4144 947 4222; x_wconf 88' lang='lat' dir='ltr'><strong>forte,</strong></span> <span class='ocrx_word' id='word_1_383' title='bbox 978 4146 1099 4210; x_wconf 89' lang='lat' dir='ltr'><strong>huc</strong></span> <span class='ocrx_word' id='word_1_384' title='bbox 1135 4152 1407 4232; x_wconf 84' lang='lat' dir='ltr'><strong>spectare</strong></span> <span class='ocrx_word' id='word_1_385' title='bbox 1439 4146 1604 4229; x_wconf 91' lang='lat' dir='ltr'><strong>quod</strong></span> <span class='ocrx_word' id='word_1_386' title='bbox 1637 4147 1729 4211; x_wconf 88' lang='lat' dir='ltr'><strong>ait</strong></span> <span class='ocrx_word' id='word_1_387' title='bbox 1762 4145 1988 4211; x_wconf 87' lang='lat' dir='ltr'><strong>Suarez</strong></span> <span class='ocrx_word' id='word_1_388' title='bbox 2028 4141 2103 4204; x_wconf 79' lang='lat' dir='ltr'><strong>de</strong></span> <span class='ocrx_word' id='word_1_389' title='bbox 2150 4139 2414 4205; x_wconf 66' lang='lat' dir='ltr'><strong>Gens-ur.</strong></span> <span class='ocrx_word' id='word_1_390' title='bbox 2449 4139 2606 4223; x_wconf 91' lang='lat' dir='ltr'><strong>disp.</strong></span> <span class='ocrx_word' id='word_1_391' title='bbox 2646 4140 2755 4204; x_wconf 85' lang='lat'><strong>40.</strong></span> 
     </span>
     <span class='ocr_line' id='line_1_39' title="bbox 296 4242 2756 4331; baseline -0 -24"><span class='ocrx_word' id='word_1_392' title='bbox 296 4247 438 4308; x_wconf 83' lang='lat' dir='ltr'><strong>sect.</strong></span> <span class='ocrx_word' id='word_1_393' title='bbox 478 4246 536 4308; x_wconf 86' lang='lat'><strong>5.</strong></span> <span class='ocrx_word' id='word_1_394' title='bbox 567 4266 629 4311; x_wconf 90' lang='lat' dir='ltr'><strong>n.</strong></span> <span class='ocrx_word' id='word_1_395' title='bbox 673 4247 822 4310; x_wconf 84' lang='lat'>15.:</span> <span class='ocrx_word' id='word_1_396' title='bbox 866 4270 900 4302; x_wconf 89' lang='lat'><strong>«</strong></span> <span class='ocrx_word' id='word_1_397' title='bbox 939 4244 1112 4325; x_wconf 84' lang='lat' dir='ltr'><strong>Quod</strong></span> <span class='ocrx_word' id='word_1_398' title='bbox 1149 4268 1293 4315; x_wconf 84' lang='lat' dir='ltr'><strong>vero</strong></span> <span class='ocrx_word' id='word_1_399' title='bbox 1340 4250 1554 4313; x_wconf 84' lang='lat' dir='ltr'><strong>dicunt</strong></span> <span class='ocrx_word' id='word_1_400' title='bbox 1600 4249 1816 4331; x_wconf 90' lang='lat' dir='ltr'><strong>aliqui,</strong></span> <span class='ocrx_word' id='word_1_401' title='bbox 1864 4248 1980 4311; x_wconf 92' lang='lat' dir='ltr'><strong>hoc</strong></span> <span class='ocrx_word' id='word_1_402' title='bbox 2027 4243 2230 4309; x_wconf 88' lang='lat' dir='ltr'><strong>solum</strong></span> <span class='ocrx_word' id='word_1_403' title='bbox 2276 4243 2502 4306; x_wconf 87' lang='lat' dir='ltr'><strong>habere</strong></span> <span class='ocrx_word' id='word_1_404' title='bbox 2546 4242 2756 4306; x_wconf 91' lang='lat' dir='ltr'><strong>locum</strong></span> 
     </span>
     <span class='ocr_line' id='line_1_40' title="bbox 297 4343 2759 4423; baseline 0.001 -18"><span class='ocrx_word' id='word_1_405' title='bbox 297 4343 356 4407; x_wconf 91' lang='lat' dir='ltr'><strong>in</strong></span> <span class='ocrx_word' id='word_1_406' title='bbox 407 4348 674 4411; x_wconf 85' lang='lat' dir='ltr'><strong>materia</strong></span> <span class='ocrx_word' id='word_1_407' title='bbox 711 4346 1019 4420; x_wconf 85' lang='lat' dir='ltr'><strong>iustitiae,</strong></span> <span class='ocrx_word' id='word_1_408' title='bbox 1051 4369 1172 4414; x_wconf 92' lang='lat' dir='ltr'><strong>non</strong></span> <span class='ocrx_word' id='word_1_409' title='bbox 1218 4370 1362 4416; x_wconf 86' lang='lat' dir='ltr'><strong>vero</strong></span> <span class='ocrx_word' id='word_1_410' title='bbox 1412 4351 1678 4414; x_wconf 89' lang='lat' dir='ltr'><strong>aliarum</strong></span> <span class='ocrx_word' id='word_1_411' title='bbox 1725 4350 2056 4423; x_wconf 84' lang='lat' dir='ltr'><strong>virtutum,</strong></span> <span class='ocrx_word' id='word_1_412' title='bbox 2094 4343 2330 4423; x_wconf 76' lang='lat' dir='ltr'><strong>falsum</strong></span> <span class='ocrx_word' id='word_1_413' title='bbox 2374 4348 2469 4408; x_wconf 83' lang='lat' dir='ltr'><strong>est</strong></span> <span class='ocrx_word' id='word_1_414' title='bbox 2511 4345 2575 4410; x_wconf 90' lang='lat' dir='ltr'><strong>et</strong></span> <span class='ocrx_word' id='word_1_415' title='bbox 2628 4345 2759 4409; x_wconf 88' lang='grc'>01110</span> 
     </span>
     <span class='ocr_line' id='line_1_41' title="bbox 298 4444 2759 4536; baseline 0.001 -28"><span class='ocrx_word' id='word_1_416' title='bbox 298 4444 696 4514; x_wconf 86' lang='lat' dir='ltr'><strong>fundamento</strong></span> <span class='ocrx_word' id='word_1_417' title='bbox 747 4448 990 4511; x_wconf 89' lang='lat' dir='ltr'><strong>dictum</strong></span> <span class='ocrx_word' id='word_1_418' title='bbox 1026 4473 1087 4512; x_wconf 79' lang='grc'>».</span> <span class='ocrx_word' id='word_1_419' title='bbox 1125 4451 1206 4515; x_wconf 87' lang='lat' dir='ltr'><strong>Et</strong></span> <span class='ocrx_word' id='word_1_420' title='bbox 1254 4452 1512 4536; x_wconf 87' lang='lat' dir='ltr'><strong>allegari</strong></span> <span class='ocrx_word' id='word_1_421' title='bbox 1557 4453 1722 4515; x_wconf 89' lang='lat' dir='ltr'><strong>hunc</strong></span> <span class='ocrx_word' id='word_1_422' title='bbox 1766 4452 1974 4516; x_wconf 89' lang='lat' dir='ltr'><strong>locum</strong></span> <span class='ocrx_word' id='word_1_423' title='bbox 2022 4446 2198 4511; x_wconf 79' lang='lat' dir='ltr'><strong>video</strong></span> <span class='ocrx_word' id='word_1_424' title='bbox 2232 4465 2269 4510; x_wconf 88' lang='lat' dir='ltr'><strong>a</strong></span> <span class='ocrx_word' id='word_1_425' title='bbox 2308 4445 2492 4512; x_wconf 82' lang='lat' dir='ltr'><strong>Croix</strong></span> <span class='ocrx_word' id='word_1_426' title='bbox 2537 4446 2646 4512; x_wconf 88' lang='lat' dir='ltr'><strong>lib.</strong></span> <span class='ocrx_word' id='word_1_427' title='bbox 2699 4447 2759 4511; x_wconf 91' lang='lat'><strong>1.</strong></span> 
     </span>
    </p>
   </div>
   <div class='ocr_carea' id='block_1_3' title="bbox 297 4548 2762 4720">
    <p class='ocr_par' dir='ltr' id='par_1_9' title="bbox 297 4548 2762 4720">
     <span class='ocr_line' id='line_1_42' title="bbox 297 4548 2762 4638; baseline 0 -28"><span class='ocrx_word' id='word_1_428' title='bbox 297 4567 351 4611; x_wconf 91' lang='grc'><strong>11.</strong></span> <span class='ocrx_word' id='word_1_429' title='bbox 374 4551 527 4612; x_wconf 83' lang='lat'><strong>502.</strong></span> <span class='ocrx_word' id='word_1_430' title='bbox 547 4548 662 4615; x_wconf 84' lang='lat' dir='ltr'><strong>Sed</strong></span> <span class='ocrx_word' id='word_1_431' title='bbox 687 4549 925 4614; x_wconf 87' lang='lat' dir='ltr'><strong>Suarez</strong></span> <span class='ocrx_word' id='word_1_432' title='bbox 956 4550 1041 4614; x_wconf 86' lang='lat' dir='ltr'><strong>ibi</strong></span> <span class='ocrx_word' id='word_1_433' title='bbox 1055 4571 1178 4617; x_wconf 93' lang='lat' dir='ltr'><strong>non</strong></span> <span class='ocrx_word' id='word_1_434' title='bbox 1210 4556 1342 4618; x_wconf 90' lang='lat' dir='ltr'><strong>tam</strong></span> <span class='ocrx_word' id='word_1_435' title='bbox 1367 4553 1439 4618; x_wconf 93' lang='lat' dir='ltr'><strong>de</strong></span> <span class='ocrx_word' id='word_1_436' title='bbox 1463 4555 1580 4618; x_wconf 93' lang='grc'>1100</span> <span class='ocrx_word' id='word_1_437' title='bbox 1603 4554 1904 4638; x_wconf 87' lang='lat' dir='ltr'><strong>principio</strong></span> <span class='ocrx_word' id='word_1_438' title='bbox 1937 4548 2361 4634; x_wconf 76' lang='lat' dir='ltr'><strong>possessioniS,</strong></span> <span class='ocrx_word' id='word_1_439' title='bbox 2389 4548 2543 4633; x_wconf 84' lang='lat' dir='ltr'><strong>agit,</strong></span> <span class='ocrx_word' id='word_1_440' title='bbox 2570 4567 2762 4629; x_wconf 91' lang='lat' dir='ltr'><strong>quam</strong></span> 
     </span>
     <span class='ocr_line' id='line_1_43' title="bbox 455 4662 2601 4720; baseline 0.007 -14"><span class='ocrx_word' id='word_1_441' title='bbox 455 4665 739 4720; x_wconf 57' lang='lat' dir='ltr'><strong>Batauum,</strong></span> <span class='ocrx_word' id='word_1_442' title='bbox 769 4663 947 4709; x_wconf 68' lang='lat' dir='ltr'><strong>Horat.</strong></span> <span class='ocrx_word' id='word_1_443' title='bbox 975 4664 1124 4710; x_wconf 83' lang='lat' dir='ltr'><strong>Tomo</strong></span> <span class='ocrx_word' id='word_1_444' title='bbox 1150 4668 1192 4711; x_wconf 93' lang='lat'><strong>1.</strong></span> <span class='ocrx_word' id='word_1_445' title='bbox 2547 4662 2601 4704; x_wconf 72' lang='lat'><strong>¹6</strong></span> 
     </span>
    </p>
   </div>
  </div>
 </body>
</html>
