3529 5158
1195 613 1863 703 TRACTATUS
1922 617 2070 702 IV.
2502 646 2537 682 ·

1354 791 1464 854 DE
1511 789 1903 857 PECCATIS

1435 1197 1707 1264 CAPUT
1755 1202 1805 1264 I.

966 1359 1074 1404 DE
1153 1358 1605 1406 PECCATO
1689 1362 1783 1406 IN
1862 1362 2285 1411 GENERE.

1491 1607 1652 1669 DUB.
1703 1608 1752 1670 Ι.

1297 1743 1466 1825 Quid
1506 1745 1594 1807 sit
1623 1750 1970 1825 peecatum.

500 1917 533 1965 Ι.
569 1916 611 1966 l.
643 1915 933 1979 Respondeo
968 1915 1007 1966 l.
1035 1912 1123 1965 Est
1151 1912 1475 1978 transgressio
1503 1913 1623 1977 legis
1649 1913 1775 1975 sive,
1795 1921 1847 1967 ul
1872 1914 1941 1968 ait
1965 1917 2144 1979 Tollit„
2174 1923 2249 1969 est
2278 1916 2583 1970 voluntarius
2631 1931 2859 1972 recessus

395 2013 420 2051 a
459 2002 628 2062 regula
666 1997 846 2062 divina,
875 2012 963 2064 per
1000 2012 1144 2063 quam
1172 2002 1388 2062 regulam
1417 1997 1707 2062 intelligitur
1743 2006 2075 2065 praeceptum,
2107 2007 2203 2054 tam
2244 2004 2462 2055 naturale
2500 2009 2550 2055 et
2577 2005 2857 2066 humanum,

392 2098 538 2149 quam
577 2081 814 2145 divinum,
843 2098 930 2150 per
956 2097 1204 2137 recessum
1241 2081 1532 2146 intelligitur
1558 2090 1697 2136 actus
1728 2087 1807 2137 vel
1844 2083 1952 2137 eius
1978 2084 2196 2150 omissio,
2223 2085 2306 2152 qui
2336 2085 2398 2139 sit
2438 2102 2535 2140 non
2565 2094 2747 2140 tantum
2778 2102 2859 2140 vo-

393 2166 648 2233 luntariuS,
675 2170 760 2220 sed
800 2166 944 2221 etiam
985 2166 1123 2230 liber,
1152 2182 1262 2220 cum
1289 2165 1449 2233 aliqua
1487 2167 1664 2220 actuali
1702 2167 2012 2222 advertentia
2041 2169 2281 2237 malitiae;
2311 2174 2439 2237 quod
2482 2173 2625 2233 addo,
2655 2170 2764 2237 quia
2806 2178 2858 2224 ut

391 2254 534 2305 docet
573 2254 791 2304 Sancuez
837 2253 881 2303 l.
907 2253 1048 2307 Mor.
1076 2267 1118 2304 c.
1162 2254 1237 2305 16.
1266 2267 1374 2304 euni
1416 2254 1642 2318 vasquez
1681 2255 1729 2306 d.
1757 2257 1807 2306 2.
1837 2270 1917 2319 qu.
1946 2270 1991 2322 p.
2024 2257 2073 2307 3.
2099 2270 2146 2308 n.
2175 2258 2223 2309 3.
2253 2263 2302 2309 et
2338 2259 2412 2308 12.
2432 2264 2524 2309 etc.
2555 2272 2649 2309 non
2676 2254 2855 2309 sufficit

392 2340 452 2391 ad
491 2345 654 2391 actum
682 2335 1070 2404 peccaminosum
1097 2336 1300 2389 libertas
1326 2344 1374 2389 et
1413 2338 1718 2390 advertentis
1745 2338 1951 2404 quaevis
1976 2337 2202 2393 virtualis
2231 2342 2306 2393 vel
2336 2339 2727 2406 interpretativa,
2758 2354 2852 2406 qua

393 2423 578 2478 scilicet
597 2423 711 2489 quis
729 2425 985 2477 advertere
1012 2430 1199 2489 poterat
1217 2429 1267 2476 et
1285 2424 1511 2485 debebat,
1534 2437 1621 2476 nec
1648 2439 1980 2491 quaecumque
2000 2425 2220 2489 actualis,
2244 2440 2339 2493 qua
2365 2425 2555 2479 scilicet
2578 2425 2856 2479 intellectus

395 2509 610 2563 rationes
635 2506 878 2562 commodi
898 2516 946 2561 et
972 2507 1267 2562 incommodi
1288 2507 1338 2560 in
1364 2508 1560 2561 obiecto
1589 2511 1835 2563 attendat:
1865 2512 1950 2563 sed
1978 2509 2259 2576 requiritur,
2290 2516 2342 2563 ut
2367 2512 2593 2564 advertat
2619 2511 2849 2564 moralem

301 2666 305 2670 .
392 2593 629 2649 malitiam
658 2593 854 2656 obiecti,
883 2602 934 2647 ut
961 2596 1132 2647 saltem
1158 2596 1218 2646 de
1258 2608 1316 2647 ea
1354 2593 1554 2647 dubium
1598 2598 1671 2647 vel
1714 2599 1998 2661 scrupulum
2026 2595 2285 2662 concipiat.
2315 2596 2459 2649 Ratio
2493 2603 2582 2660 est,
2610 2595 2723 2661 quia
2750 2595 2855 2649 sine

387 2681 480 2735 ista
519 2680 825 2733 advertentia
855 2694 948 2732 non
976 2688 1050 2733 est
1077 2678 1420 2740 voluntarium,
1448 2694 1557 2732 cum
1584 2695 1678 2732 uon
1706 2679 1768 2732 sit
1796 2679 2069 2748 cognitum
2103 2680 2213 2746 quia
2241 2680 2454 2747 quandiu
2483 2680 2594 2734 talis
2620 2679 2851 2743 cogitatio

389 2764 661 2820 intellectui
701 2778 794 2817 non
831 2763 1063 2824 occurrit,
1107 2779 1202 2816 non
1243 2771 1317 2816 est
1356 2764 1602 2817 sufficiens
1643 2764 1929 2831 principium
1972 2764 2274 2819 deliberandi
2314 2769 2374 2819 (le
2415 2765 2614 2828 malitia,
2647 2764 2856 2832 ideoque

391 2866 477 2905 nec
517 2849 723 2903 libertas
762 2864 816 2901 ac
856 2848 1053 2915 proinde
1086 2863 1174 2902 nec
1199 2850 1340 2914 culpa
1367 2858 1415 2902 el
1444 2856 1673 2902 censetur
1699 2850 1781 2904 illa
1811 2849 2166 2904 inadvertentia
2198 2852 2434 2905 naturalis
2470 2860 2520 2905 et
2557 2850 2858 2905 invincibilis

387 2934 593 2990 oblivio.
621 2933 770 2988 Addit
809 2941 965 2987 tamen
990 2936 1186 2987 Tanner
1222 2936 1271 2987 d.
1301 2936 1348 2987 4.
1376 2933 1442 2988 de
1470 2936 1582 2989 Pec.
1615 2937 1663 2987 d.
1692 2938 1741 2988 5.
1770 2950 1815 2999 q,
1850 2938 1899 2988 ὃ.
1931 2937 2046 2988 dul).
2076 2939 2125 2988 5.
2156 2952 2199 2988 n.
2235 2939 2352 2990 106.
2380 2951 2476 2990 non
2503 2951 2613 2990 esse
2640 2949 2857 2999 necesse,

390 3028 441 3075 ut
479 3018 810 3074 consideratio
848 3018 931 3073 illa
971 3026 1177 3083 maneat,
1206 3026 1316 3072 actu
1352 3021 1469 3073 dum
1511 3026 1762 3086 peccatum
1803 3021 1978 3082 durat3
2006 3023 2092 3073 sed
2132 3020 2252 3073 satis
2290 3035 2415 3083 esse,
2450 3027 2499 3073 ut
2535 3025 2611 3072 vel
2638 3025 2748 3072 actu
2780 3021 2859 3072 vel

389 3105 571 3160 virtute
599 3112 806 3169 maneat,
829 3103 895 3157 ita
918 3111 966 3157 ut
994 3120 1102 3158 eum
1131 3119 1184 3157 ea
1215 3108 1290 3157 vel
1320 3109 1458 3156 actus
1486 3103 1673 3170 peccati
1701 3103 1843 3156 luerit
1875 3102 2131 3155 inchoatus
2166 3106 2239 3155 vel
2270 3107 2441 3155 saltem
2470 3117 2613 3156 causa
2643 3104 2772 3165 data,
2802 3109 2854 3154 ut

391 3194 443 3243 tlt
461 3188 511 3244 in
533 3189 688 3253 ebri0,
712 3189 795 3256 qui
817 3197 999 3255 peceat,
1019 3205 1112 3242 non
1136 3188 1185 3241 vi
1213 3187 1469 3254 presentiS,
1496 3190 1580 3240 sed
1611 3185 1899 3252 praeteritae
1928 3185 2312 3239 deliberationis
2338 3188 2401 3237 V.
2422 3187 2558 3238 Bald.
2582 3188 2612 3238 l.
2647 3187 2752 3238 l.d.
2772 3188 2855 3238 36.

391 3275 579 3328 Verum
619 3273 936 3328 Recentiores
974 3271 1295 3326 communiter
1335 3273 1528 3336 docent,
1560 3275 1718 3333 talem,
1753 3286 1801 3323 v.
1828 3284 1902 3333 gr.
1943 3270 2148 3333 ebrium,
2190 3285 2284 3323 non
2326 3284 2523 3336 peccare
2566 3268 2850 3331 formaliter,

394 3362 590 3424 quando
629 3374 719 3412 usu
762 3356 965 3411 rationis
1001 3363 1135 3412 caret
1151 3372 1166 3423 ;
1194 3359 1279 3410 sed
1305 3355 1537 3409 malitiam
1565 3369 1751 3416 eorum,
1784 3369 1907 3420 quae
1936 3361 2048 3407 tunc
2074 3357 2212 3419 fiunt,
2240 3354 2547 3408 contraxisse
2585 3360 2714 3418 ante,
2741 3356 2856 3406 dum

396 3442 685 3509 praevidens
724 3445 922 3505 malum,
942 3444 1072 3508 quod
1100 3440 1452 3495 commissurus
1489 3445 1607 3504 erat,
1632 3438 1741 3492 eius
1779 3453 1975 3493 causam
2014 3438 2148 3492 dedit
2187 3439 2433 3506 aiuntque,
2460 3440 2577 3493 dum
2607 3438 2722 3504 quis
2746 3443 2856 3491 actu

393 3535 577 3594 peccat,
604 3542 803 3595 semper
840 3543 949 3583 esse
987 3542 1042 3581 ac
1082 3541 1280 3580 manere
1318 3523 1672 3580 advertentiam
1705 3522 1914 3589 aliquam
1942 3522 2155 3577 malitiae
2182 3530 2377 3578 tenuem
2406 3526 2485 3578 vel
2510 3527 2778 3589 contusam,
2806 3529 2859 3576 ut

391 3627 436 3668 v.
465 3616 594 3680 apud
621 3614 810 3678 Schol.3
843 3628 950 3666 nam
988 3612 1036 3666 in
1075 3611 1247 3666 ordine
1288 3613 1345 3663 ad
1385 3610 1590 3676 praxim,
1622 3625 1793 3676 parum
1834 3612 2000 3674 refert,
2028 3609 2262 3663 utrolibet
2304 3612 2449 3663 modo
2489 3608 2724 3675 loquariS.

477 3737 641 3812 481.
705 3742 797 3804 Ea
843 3761 1000 3822 quae
1047 3741 1368 3822 disputata
1430 3740 1578 3802 sunt
1632 3737 1696 3801 in
1744 3736 2048 3800 Tractatu
2111 3735 2184 3800 de
2231 3735 2500 3799 Actibus
2545 3734 2859 3808 humanis,

390 3846 630 3910 abunde
678 3844 1017 3918 sufficiunt,
1054 3846 1127 3907 ut
1173 3841 1498 3906 manifeste
1555 3838 1862 3903 elucescat
1893 3839 2056 3903 ratio
2091 3858 2307 3902 eorum
2355 3836 2652 3910 omnium,
2703 3855 2862 3916 quae

388 3949 627 4013 Auctor
658 3948 777 4012 hoc
810 3946 947 4010 loeo
977 3946 1106 4010 fuse
1139 3947 1203 4009 et
1240 3944 1403 4008 clare
1434 3942 1684 4006 disserit
1715 3942 1789 4005 de
1816 3941 2063 4020 peccati
2092 3941 2338 4003 natura.
2372 3937 2688 4002 Nonnulla
2713 3956 2860 4020 ergo

388 4050 639 4114 tantum
691 4047 1008 4123 addemus,
1076 4049 1147 4110 ut
1201 4047 1382 4110 facile
1440 4063 1805 4129 praecavere
1869 4041 2122 4125 possitis
2187 4041 2503 4123 opiniones
2559 4039 2864 4120 quasdam

390 4154 582 4217 etiam
605 4169 815 4215 reeens
848 4151 1141 4225 invectae,
1170 4169 1329 4233 quae
1353 4167 1426 4212 eo
1452 4146 1656 4231 magis
1679 4146 1933 4229 possent
1957 4163 2191 4219 nocere,
2220 4161 2343 4224 quo
2369 4142 2572 4227 magis
2604 4141 2862 4206 subdole

393 4253 818 4319 insinuantur.

482 4358 676 4421 Iuvat
721 4355 938 4434 itaque
983 4355 1350 4436 perpendere
1395 4355 1714 4419 notionem
1759 4351 1997 4435 peccati
2042 4350 2107 4413 in
2156 4349 2383 4414 scholis
2430 4348 2748 4424 traditam,
2791 4350 2866 4412 ut

395 4460 695 4524 eaveatur
724 4474 940 4520 eorum
971 4455 1239 4534 fallacia,
1274 4458 1383 4538 qui
1414 4458 1572 4521 hane
1604 4455 1921 4519 notionem
1952 4471 2232 4536 perverse
2265 4453 2695 4535 proponenteS,
2722 4451 2864 4514 sub-

396 4561 621 4626 inferre
651 4558 861 4623 eonati
893 4560 1039 4622 sunt
1070 4558 1420 4623 doctrinam
1456 4559 1529 4623 de
1569 4557 1837 4641 peccatis
1876 4553 2237 4621 necessariis
2260 4555 2366 4634 (ef.
2394 4554 2723 4638 epistolam
2750 4554 2854 4616 37.
