<?xml version="1.0" encoding="UTF-8"?>
<!DOCTYPE html PUBLIC "-//W3C//DTD XHTML 1.0 Transitional//EN"
    "http://www.w3.org/TR/xhtml1/DTD/xhtml1-transitional.dtd">
<html xmlns="http://www.w3.org/1999/xhtml" xml:lang="en" lang="en">
 <head>
  <title>
</title>
<meta http-equiv="Content-Type" content="text/html;charset=utf-8" />
  <meta name='ocr-system' content='tesseract 3.04.00' />
  <meta name='ocr-capabilities' content='ocr_page ocr_carea ocr_par ocr_line ocrx_word'/>
</head>
<body>
  <div class='ocr_page' id='page_1' title='image "./opustheologicum00palmgoog_0539.png"; bbox 0 0 3529 5158; ppageno 0'>
   <div class='ocr_carea' id='block_1_1' title="bbox 745 335 3219 405">
    <p class='ocr_par' dir='ltr' id='par_1_1' title="bbox 745 335 3219 405">
     <span class='ocr_line' id='line_1_1' title="bbox 745 335 3219 405; baseline -0.001 -11"><span class='ocrx_word' id='word_1_1' title='bbox 745 338 858 394; x_wconf 80' lang='lat'>446</span> <span class='ocrx_word' id='word_1_2' title='bbox 1414 349 1631 391; x_wconf 65' lang='lat' dir='ltr'>ruer.</span> <span class='ocrx_word' id='word_1_3' title='bbox 1670 351 1761 390; x_wconf 88' lang='lat'>111.</span> <span class='ocrx_word' id='word_1_4' title='bbox 1802 349 1888 388; x_wconf 78' lang='lat' dir='ltr'>nn</span> <span class='ocrx_word' id='word_1_5' title='bbox 1924 347 2205 391; x_wconf 74' lang='lat' dir='ltr'>nmmos,</span> <span class='ocrx_word' id='word_1_6' title='bbox 2244 347 2443 389; x_wconf 65' lang='lat' dir='ltr'>outrr</span> <span class='ocrx_word' id='word_1_7' title='bbox 2479 349 2562 390; x_wconf 79' lang='lat' dir='ltr'>vr.</span> <span class='ocrx_word' id='word_1_8' title='bbox 3074 335 3219 405; x_wconf 74' lang='lat'>[4681</span> 
     </span>
    </p>
   </div>
   <div class='ocr_carea' id='block_1_2' title="bbox 750 444 3244 4333">
    <p class='ocr_par' dir='ltr' id='par_1_2' title="bbox 752 444 3222 635">
     <span class='ocr_line' id='line_1_2' title="bbox 752 444 3222 535; baseline -0.002 -19"><span class='ocrx_word' id='word_1_9' title='bbox 752 450 1020 535; x_wconf 87' lang='lat' dir='ltr'>pretatio</span> <span class='ocrx_word' id='word_1_10' title='bbox 1070 448 1264 514; x_wconf 89' lang='lat' dir='ltr'>etiam</span> <span class='ocrx_word' id='word_1_11' title='bbox 1295 452 1420 530; x_wconf 84' lang='lat' dir='ltr'>qua</span> <span class='ocrx_word' id='word_1_12' title='bbox 1444 448 1620 531; x_wconf 84' lang='lat' dir='ltr'>parte</span> <span class='ocrx_word' id='word_1_13' title='bbox 1655 446 1869 530; x_wconf 84' lang='lat' dir='ltr'>gravis</span> <span class='ocrx_word' id='word_1_14' title='bbox 1905 446 2060 524; x_wconf 89' lang='lat' dir='ltr'>erat,</span> <span class='ocrx_word' id='word_1_15' title='bbox 2099 446 2173 509; x_wconf 91' lang='lat' dir='ltr'>ut</span> <span class='ocrx_word' id='word_1_16' title='bbox 2195 444 2510 527; x_wconf 89' lang='lat' dir='ltr'>quaelibet</span> <span class='ocrx_word' id='word_1_17' title='bbox 2539 445 2852 523; x_wconf 89' lang='lat' dir='ltr'>beneficia,</span> <span class='ocrx_word' id='word_1_18' title='bbox 2878 445 3222 531; x_wconf 86' lang='lat' dir='ltr'>dignitates</span> 
     </span>
     <span class='ocr_line' id='line_1_3' title="bbox 752 547 2740 635; baseline -0.003 -18"><span class='ocrx_word' id='word_1_19' title='bbox 752 572 999 635; x_wconf 88' lang='lat' dir='ltr'>quoque</span> <span class='ocrx_word' id='word_1_20' title='bbox 1038 553 1101 616; x_wconf 91' lang='lat' dir='ltr'>et</span> <span class='ocrx_word' id='word_1_21' title='bbox 1136 550 1597 634; x_wconf 87' lang='lat' dir='ltr'>praeposituras</span> <span class='ocrx_word' id='word_1_22' title='bbox 1629 568 1719 613; x_wconf 84' lang='lat' dir='ltr'>ex.</span> <span class='ocrx_word' id='word_1_23' title='bbox 1747 568 1843 632; x_wconf 90' lang='lat' dir='ltr'>gr.</span> <span class='ocrx_word' id='word_1_24' title='bbox 1876 549 2166 613; x_wconf 87' lang='lat' dir='ltr'>vacantes</span> <span class='ocrx_word' id='word_1_25' title='bbox 2211 547 2740 630; x_wconf 76' lang='lat' dir='ltr'>complecteretur.</span> 
     </span>
    </p>

    <p class='ocr_par' dir='ltr' id='par_1_3' title="bbox 750 648 3226 941">
     <span class='ocr_line' id='line_1_4' title="bbox 923 648 3221 734; baseline -0.001 -17"><span class='ocrx_word' id='word_1_26' title='bbox 923 655 994 717; x_wconf 85' lang='lat'>3⁰</span> <span class='ocrx_word' id='word_1_27' title='bbox 1026 652 1285 734; x_wconf 85' lang='lat' dir='ltr'>Quando</span> <span class='ocrx_word' id='word_1_28' title='bbox 1316 651 1655 727; x_wconf 79' lang='lat' dir='ltr'>dubitetur,</span> <span class='ocrx_word' id='word_1_29' title='bbox 1690 668 1815 733; x_wconf 90' lang='lat' dir='ltr'>quo</span> <span class='ocrx_word' id='word_1_30' title='bbox 1847 650 2057 732; x_wconf 89' lang='lat' dir='ltr'>potius</span> <span class='ocrx_word' id='word_1_31' title='bbox 2080 651 2318 733; x_wconf 76' lang='lat' dir='ltr'>spectet</span> <span class='ocrx_word' id='word_1_32' title='bbox 2350 648 2678 733; x_wconf 82' lang='lat' dir='ltr'>dispositio</span> <span class='ocrx_word' id='word_1_33' title='bbox 2709 669 2788 714; x_wconf 88' lang='lat' dir='ltr'>an</span> <span class='ocrx_word' id='word_1_34' title='bbox 2823 650 2888 713; x_wconf 91' lang='lat' dir='ltr'>in</span> <span class='ocrx_word' id='word_1_35' title='bbox 2920 649 3221 727; x_wconf 82' lang='lat' dir='ltr'>favorem,</span> 
     </span>
     <span class='ocr_line' id='line_1_5' title="bbox 751 752 3226 837; baseline -0.003 -15"><span class='ocrx_word' id='word_1_36' title='bbox 751 775 832 822; x_wconf 88' lang='lat' dir='ltr'>an</span> <span class='ocrx_word' id='word_1_37' title='bbox 863 755 928 821; x_wconf 92' lang='lat' dir='ltr'>in</span> <span class='ocrx_word' id='word_1_38' title='bbox 960 756 1199 831; x_wconf 75' lang='lat' dir='ltr'>odium3</span> <span class='ocrx_word' id='word_1_39' title='bbox 1228 757 1378 819; x_wconf 90' lang='lat' dir='ltr'>tunc</span> <span class='ocrx_word' id='word_1_40' title='bbox 1415 752 1759 819; x_wconf 85' lang='lat' dir='ltr'>attenditur</span> <span class='ocrx_word' id='word_1_41' title='bbox 1794 752 1997 837; x_wconf 89' lang='lat' dir='ltr'>magis</span> <span class='ocrx_word' id='word_1_42' title='bbox 2028 752 2206 817; x_wconf 84' lang='lat' dir='ltr'>favor</span> <span class='ocrx_word' id='word_1_43' title='bbox 2239 771 2430 834; x_wconf 88' lang='lat' dir='ltr'>quam</span> <span class='ocrx_word' id='word_1_44' title='bbox 2477 752 2723 828; x_wconf 78' lang='lat' dir='ltr'>odium3</span> <span class='ocrx_word' id='word_1_45' title='bbox 2772 753 2922 834; x_wconf 89' lang='lat' dir='ltr'>quia</span> <span class='ocrx_word' id='word_1_46' title='bbox 2981 772 3226 832; x_wconf 73' lang='lat' dir='ltr'>semper</span> 
     </span>
     <span class='ocr_line' id='line_1_6' title="bbox 750 854 2997 941; baseline -0.002 -18"><span class='ocrx_word' id='word_1_47' title='bbox 750 860 824 923; x_wconf 80' lang='lat' dir='ltr'>in</span> <span class='ocrx_word' id='word_1_48' title='bbox 875 858 1086 923; x_wconf 77' lang='lat' dir='ltr'>dubiis</span> <span class='ocrx_word' id='word_1_49' title='bbox 1132 859 1501 941; x_wconf 70' lang='lat' dir='ltr'>beniyniora</span> <span class='ocrx_word' id='word_1_50' title='bbox 1535 855 1958 938; x_wconf 76' lang='lat' dir='ltr'>pracferenda</span> <span class='ocrx_word' id='word_1_51' title='bbox 1986 859 2140 920; x_wconf 75' lang='lat' dir='ltr'>sunt</span> <span class='ocrx_word' id='word_1_52' title='bbox 2170 856 2213 920; x_wconf 93' lang='lat' dir='ltr'>l.</span> <span class='ocrx_word' id='word_1_53' title='bbox 2256 857 2358 919; x_wconf 83' lang='lat'>57.</span> <span class='ocrx_word' id='word_1_54' title='bbox 2387 857 2531 941; x_wconf 85' lang='lat' dir='ltr'>Dig.</span> <span class='ocrx_word' id='word_1_55' title='bbox 2565 854 2640 919; x_wconf 82' lang='lat' dir='ltr'>de</span> <span class='ocrx_word' id='word_1_56' title='bbox 2676 855 2835 938; x_wconf 75' lang='lat' dir='ltr'>Rcy.</span> <span class='ocrx_word' id='word_1_57' title='bbox 2870 856 2997 919; x_wconf 69' lang='grc' dir='ltr'>ίαν.</span> 
     </span>
    </p>

    <p class='ocr_par' dir='ltr' id='par_1_4' title="bbox 752 957 3229 1461">
     <span class='ocr_line' id='line_1_7' title="bbox 933 957 3222 1045; baseline -0.001 -19"><span class='ocrx_word' id='word_1_58' title='bbox 933 964 1003 1026; x_wconf 86' lang='lat'>4⁰</span> <span class='ocrx_word' id='word_1_59' title='bbox 1029 964 1101 1027; x_wconf 90' lang='lat' dir='ltr'>ln</span> <span class='ocrx_word' id='word_1_60' title='bbox 1123 962 1433 1028; x_wconf 86' lang='lat' dir='ltr'>beneficiis</span> <span class='ocrx_word' id='word_1_61' title='bbox 1464 961 1823 1045; x_wconf 89' lang='lat' dir='ltr'>plenissima</span> <span class='ocrx_word' id='word_1_62' title='bbox 1846 962 1942 1024; x_wconf 88' lang='lat' dir='ltr'>est</span> <span class='ocrx_word' id='word_1_63' title='bbox 1971 960 2402 1043; x_wconf 84' lang='lat' dir='ltr'>interpretatio</span> <span class='ocrx_word' id='word_1_64' title='bbox 2433 959 2712 1024; x_wconf 85' lang='lat' dir='ltr'>facienda</span> <span class='ocrx_word' id='word_1_65' title='bbox 2734 978 2786 1024; x_wconf 89' lang='lat' dir='ltr'>c.</span> <span class='ocrx_word' id='word_1_66' title='bbox 2815 957 2976 1023; x_wconf 81' lang='lat' dir='ltr'>Cum</span> <span class='ocrx_word' id='word_1_67' title='bbox 2989 958 3222 1037; x_wconf 67' lang='lat' dir='ltr'>dilecti,</span> 
     </span>
     <span class='ocr_line' id='line_1_8' title="bbox 752 1065 3227 1152; baseline -0.002 -17"><span class='ocrx_word' id='word_1_68' title='bbox 752 1070 830 1135; x_wconf 82' lang='lat' dir='ltr'>de</span> <span class='ocrx_word' id='word_1_69' title='bbox 867 1071 1114 1135; x_wconf 56' lang='lat' dir='ltr'>donat:</span> <span class='ocrx_word' id='word_1_70' title='bbox 1153 1095 1190 1130; x_wconf 63' lang='grc' dir='ltr'><strong><em>α</em></strong></span> <span class='ocrx_word' id='word_1_71' title='bbox 1221 1072 1293 1134; x_wconf 92' lang='lat' dir='ltr'>In</span> <span class='ocrx_word' id='word_1_72' title='bbox 1324 1070 1746 1135; x_wconf 86' lang='lat' dir='ltr'>contractibus</span> <span class='ocrx_word' id='word_1_73' title='bbox 1778 1070 1977 1152; x_wconf 88' lang='lat' dir='ltr'>plena,</span> <span class='ocrx_word' id='word_1_74' title='bbox 2010 1068 2075 1131; x_wconf 90' lang='lat' dir='ltr'>in</span> <span class='ocrx_word' id='word_1_75' title='bbox 2106 1067 2499 1132; x_wconf 85' lang='lat' dir='ltr'>testamentis</span> <span class='ocrx_word' id='word_1_76' title='bbox 2534 1067 2791 1150; x_wconf 86' lang='lat' dir='ltr'>plenior,</span> <span class='ocrx_word' id='word_1_77' title='bbox 2816 1068 2880 1132; x_wconf 90' lang='lat' dir='ltr'>in</span> <span class='ocrx_word' id='word_1_78' title='bbox 2913 1065 3227 1131; x_wconf 85' lang='lat' dir='ltr'>beneficiis</span> 
     </span>
     <span class='ocr_line' id='line_1_9' title="bbox 753 1167 3229 1257; baseline -0.002 -19"><span class='ocrx_word' id='word_1_79' title='bbox 753 1194 1000 1257; x_wconf 89' lang='lat' dir='ltr'>quoque</span> <span class='ocrx_word' id='word_1_80' title='bbox 1039 1173 1401 1257; x_wconf 90' lang='lat' dir='ltr'>plenissima</span> <span class='ocrx_word' id='word_1_81' title='bbox 1454 1174 1551 1236; x_wconf 88' lang='lat' dir='ltr'>est</span> <span class='ocrx_word' id='word_1_82' title='bbox 1597 1171 2030 1254; x_wconf 81' lang='lat' dir='ltr'>interpretatio</span> <span class='ocrx_word' id='word_1_83' title='bbox 2077 1169 2356 1234; x_wconf 86' lang='lat' dir='ltr'>facienda</span> <span class='ocrx_word' id='word_1_84' title='bbox 2394 1194 2456 1233; x_wconf 60' lang='grc' dir='ltr'>ι.</span> <span class='ocrx_word' id='word_1_85' title='bbox 2500 1167 2814 1250; x_wconf 73' lang='lat' dir='ltr'>Beneficii</span> <span class='ocrx_word' id='word_1_86' title='bbox 2859 1172 3076 1233; x_wconf 83' lang='lat' dir='ltr'>autem</span> <span class='ocrx_word' id='word_1_87' title='bbox 3122 1186 3229 1232; x_wconf 91' lang='lat' dir='ltr'>no-</span> 
     </span>
     <span class='ocr_line' id='line_1_10' title="bbox 753 1272 3227 1358; baseline -0.003 -18"><span class='ocrx_word' id='word_1_88' title='bbox 753 1277 922 1340; x_wconf 91' lang='lat' dir='ltr'>mine</span> <span class='ocrx_word' id='word_1_89' title='bbox 966 1276 1103 1340; x_wconf 90' lang='lat' dir='ltr'>heic</span> <span class='ocrx_word' id='word_1_90' title='bbox 1147 1277 1324 1340; x_wconf 83' lang='lat' dir='ltr'>venit</span> <span class='ocrx_word' id='word_1_91' title='bbox 1355 1276 1520 1358; x_wconf 89' lang='lat' dir='ltr'>quod</span> <span class='ocrx_word' id='word_1_92' title='bbox 1568 1293 1640 1340; x_wconf 85' lang='lat' dir='ltr'>ex</span> <span class='ocrx_word' id='word_1_93' title='bbox 1685 1274 2066 1339; x_wconf 85' lang='lat' dir='ltr'>liberalitate</span> <span class='ocrx_word' id='word_1_94' title='bbox 2095 1272 2398 1356; x_wconf 88' lang='lat' dir='ltr'>Principis</span> <span class='ocrx_word' id='word_1_95' title='bbox 2430 1272 2616 1337; x_wconf 90' lang='lat' dir='ltr'>alicui</span> <span class='ocrx_word' id='word_1_96' title='bbox 2647 1272 3008 1337; x_wconf 81' lang='lat' dir='ltr'>conceditur</span> <span class='ocrx_word' id='word_1_97' title='bbox 3028 1289 3227 1353; x_wconf 87' lang='lat' dir='ltr'>neque</span> 
     </span>
     <span class='ocr_line' id='line_1_11' title="bbox 755 1375 3021 1461; baseline -0.002 -18"><span class='ocrx_word' id='word_1_98' title='bbox 755 1380 854 1443; x_wconf 88' lang='lat' dir='ltr'>est</span> <span class='ocrx_word' id='word_1_99' title='bbox 883 1397 957 1442; x_wconf 81' lang='lat' dir='ltr'>ex</span> <span class='ocrx_word' id='word_1_100' title='bbox 993 1376 1303 1461; x_wconf 78' lang='lat' dir='ltr'>exigentia</span> <span class='ocrx_word' id='word_1_101' title='bbox 1350 1376 1506 1440; x_wconf 88' lang='lat' dir='ltr'>iuris</span> <span class='ocrx_word' id='word_1_102' title='bbox 1538 1376 1885 1441; x_wconf 90' lang='lat' dir='ltr'>communis</span> <span class='ocrx_word' id='word_1_103' title='bbox 1916 1395 2113 1457; x_wconf 90' lang='lat' dir='ltr'>neque</span> <span class='ocrx_word' id='word_1_104' title='bbox 2148 1377 2245 1440; x_wconf 88' lang='lat' dir='ltr'>est</span> <span class='ocrx_word' id='word_1_105' title='bbox 2274 1376 2491 1440; x_wconf 89' lang='lat' dir='ltr'>contra</span> <span class='ocrx_word' id='word_1_106' title='bbox 2526 1375 2625 1438; x_wconf 88' lang='lat' dir='ltr'>ius</span> <span class='ocrx_word' id='word_1_107' title='bbox 2671 1393 3021 1439; x_wconf 90' lang='lat' dir='ltr'>commune.</span> 
     </span>
    </p>

    <p class='ocr_par' dir='ltr' id='par_1_5' title="bbox 756 1475 3231 2178">
     <span class='ocr_line' id='line_1_12' title="bbox 846 1475 3228 1562; baseline -0.001 -19"><span class='ocrx_word' id='word_1_108' title='bbox 846 1480 1262 1562; x_wconf 83' lang='lat' dir='ltr'>Excipiuntur</span> <span class='ocrx_word' id='word_1_109' title='bbox 1291 1479 1590 1562; x_wconf 87' lang='lat' dir='ltr'>rescripta</span> <span class='ocrx_word' id='word_1_110' title='bbox 1628 1477 1705 1542; x_wconf 86' lang='lat' dir='ltr'>ad</span> <span class='ocrx_word' id='word_1_111' title='bbox 1737 1477 2068 1542; x_wconf 90' lang='lat' dir='ltr'>obtinenda</span> <span class='ocrx_word' id='word_1_112' title='bbox 2113 1477 2405 1542; x_wconf 90' lang='lat' dir='ltr'>beneficia</span> <span class='ocrx_word' id='word_1_113' title='bbox 2451 1478 2892 1542; x_wconf 87' lang='lat' dir='ltr'>ecclesiastica:</span> <span class='ocrx_word' id='word_1_114' title='bbox 2944 1495 2995 1541; x_wconf 91' lang='lat' dir='ltr'>c.</span> <span class='ocrx_word' id='word_1_115' title='bbox 3040 1480 3104 1541; x_wconf 85' lang='lat'>4.</span> <span class='ocrx_word' id='word_1_116' title='bbox 3153 1475 3228 1538; x_wconf 76' lang='lat' dir='ltr'>de</span> 
     </span>
     <span class='ocr_line' id='line_1_13' title="bbox 756 1580 3231 1667; baseline 0.001 -22"><span class='ocrx_word' id='word_1_117' title='bbox 756 1581 1160 1646; x_wconf 64' lang='lat' dir='ltr'>praebendis</span> <span class='ocrx_word' id='word_1_118' title='bbox 1203 1582 1267 1645; x_wconf 88' lang='lat' dir='ltr'>in</span> <span class='ocrx_word' id='word_1_119' title='bbox 1306 1581 1366 1644; x_wconf 88' lang='grc'>6.</span> <span class='ocrx_word' id='word_1_120' title='bbox 1401 1606 1437 1640; x_wconf 67' lang='grc' dir='ltr'><em>α</em></span> <span class='ocrx_word' id='word_1_121' title='bbox 1475 1580 1773 1660; x_wconf 73' lang='lat' dir='ltr'>Quamvis</span> <span class='ocrx_word' id='word_1_122' title='bbox 1812 1581 2169 1663; x_wconf 90' lang='lat' dir='ltr'>plenissima</span> <span class='ocrx_word' id='word_1_123' title='bbox 2198 1580 2283 1645; x_wconf 90' lang='lat' dir='ltr'>sit</span> <span class='ocrx_word' id='word_1_124' title='bbox 2321 1581 2477 1644; x_wconf 88' lang='lat' dir='ltr'>alias</span> <span class='ocrx_word' id='word_1_125' title='bbox 2501 1581 2565 1644; x_wconf 92' lang='lat' dir='ltr'>in</span> <span class='ocrx_word' id='word_1_126' title='bbox 2590 1580 2898 1646; x_wconf 89' lang='lat' dir='ltr'>beneficiis</span> <span class='ocrx_word' id='word_1_127' title='bbox 2930 1582 3231 1667; x_wconf 86' lang='lat' dir='ltr'>interpre—</span> 
     </span>
     <span class='ocr_line' id='line_1_14' title="bbox 758 1682 3225 1767; baseline 0.001 -17"><span class='ocrx_word' id='word_1_128' title='bbox 758 1686 918 1750; x_wconf 83' lang='lat' dir='ltr'>tatio</span> <span class='ocrx_word' id='word_1_129' title='bbox 965 1684 1261 1763; x_wconf 85' lang='lat' dir='ltr'>facienda‚</span> <span class='ocrx_word' id='word_1_130' title='bbox 1299 1684 1548 1748; x_wconf 87' lang='lat' dir='ltr'>litterae</span> <span class='ocrx_word' id='word_1_131' title='bbox 1586 1684 1794 1748; x_wconf 87' lang='lat' dir='ltr'>tamen</span> <span class='ocrx_word' id='word_1_132' title='bbox 1840 1702 2024 1765; x_wconf 91' lang='lat' dir='ltr'>super</span> <span class='ocrx_word' id='word_1_133' title='bbox 2071 1682 2415 1747; x_wconf 86' lang='lat' dir='ltr'>obtinendis</span> <span class='ocrx_word' id='word_1_134' title='bbox 2466 1682 2775 1748; x_wconf 86' lang='lat' dir='ltr'>beneficiis</span> <span class='ocrx_word' id='word_1_135' title='bbox 2828 1684 3225 1767; x_wconf 82' lang='lat' dir='ltr'>impetratae,</span> 
     </span>
     <span class='ocr_line' id='line_1_15' title="bbox 757 1784 3229 1869; baseline 0 -16"><span class='ocrx_word' id='word_1_136' title='bbox 757 1788 1000 1863; x_wconf 89' lang='lat' dir='ltr'>debent,</span> <span class='ocrx_word' id='word_1_137' title='bbox 1041 1807 1188 1852; x_wconf 91' lang='lat' dir='ltr'>cum</span> <span class='ocrx_word' id='word_1_138' title='bbox 1225 1787 1353 1850; x_wconf 92' lang='lat' dir='ltr'>sint</span> <span class='ocrx_word' id='word_1_139' title='bbox 1396 1786 1785 1861; x_wconf 86' lang='lat' dir='ltr'>ambitiosae,</span> <span class='ocrx_word' id='word_1_140' title='bbox 1826 1784 2210 1869; x_wconf 78' lang='lat' dir='ltr'>restringi».</span> <span class='ocrx_word' id='word_1_141' title='bbox 2246 1784 2369 1849; x_wconf 89' lang='lat' dir='ltr'>Ubi</span> <span class='ocrx_word' id='word_1_142' title='bbox 2414 1786 2480 1849; x_wconf 89' lang='lat' dir='ltr'>et</span> <span class='ocrx_word' id='word_1_143' title='bbox 2523 1804 2777 1851; x_wconf 88' lang='lat' dir='ltr'>causam</span> <span class='ocrx_word' id='word_1_144' title='bbox 2822 1786 3229 1855; x_wconf 85' lang='lat' dir='ltr'>limitationis</span> 
     </span>
     <span class='ocr_line' id='line_1_16' title="bbox 759 1887 3226 1973; baseline 0 -18"><span class='ocrx_word' id='word_1_145' title='bbox 759 1891 977 1955; x_wconf 88' lang='lat' dir='ltr'>habes:</span> <span class='ocrx_word' id='word_1_146' title='bbox 1015 1909 1155 1953; x_wconf 80' lang='lat' dir='ltr'>cum</span> <span class='ocrx_word' id='word_1_147' title='bbox 1198 1889 1333 1952; x_wconf 78' lang='lat' dir='ltr'>sint</span> <span class='ocrx_word' id='word_1_148' title='bbox 1363 1887 1729 1951; x_wconf 75' lang='lat' dir='ltr'>ambitiosae</span> <span class='ocrx_word' id='word_1_149' title='bbox 1759 1887 2016 1970; x_wconf 84' lang='lat' dir='ltr'>(quibus</span> <span class='ocrx_word' id='word_1_150' title='bbox 2046 1887 2338 1951; x_wconf 88' lang='lat' dir='ltr'>nimirum</span> <span class='ocrx_word' id='word_1_151' title='bbox 2370 1887 2548 1952; x_wconf 82' lang='lat' dir='ltr'>favor</span> <span class='ocrx_word' id='word_1_152' title='bbox 2577 1890 2641 1952; x_wconf 88' lang='lat' dir='ltr'>et</span> <span class='ocrx_word' id='word_1_153' title='bbox 2671 1888 2878 1971; x_wconf 87' lang='lat' dir='ltr'>gratia</span> <span class='ocrx_word' id='word_1_154' title='bbox 2909 1892 3226 1973; x_wconf 89' lang='lat' dir='ltr'>captatur,</span> 
     </span>
     <span class='ocr_line' id='line_1_17' title="bbox 757 1989 3229 2074; baseline 0.001 -19"><span class='ocrx_word' id='word_1_155' title='bbox 757 1992 824 2056; x_wconf 90' lang='lat' dir='ltr'>in</span> <span class='ocrx_word' id='word_1_156' title='bbox 871 1990 1318 2074; x_wconf 87' lang='lat' dir='ltr'>praeiudicium</span> <span class='ocrx_word' id='word_1_157' title='bbox 1361 2008 1595 2067; x_wconf 89' lang='lat' dir='ltr'>eorum,</span> <span class='ocrx_word' id='word_1_158' title='bbox 1628 1990 1737 2071; x_wconf 90' lang='lat' dir='ltr'>qui</span> <span class='ocrx_word' id='word_1_159' title='bbox 1774 1990 1934 2054; x_wconf 84' lang='lat' dir='ltr'>forte</span> <span class='ocrx_word' id='word_1_160' title='bbox 1972 1989 2099 2053; x_wconf 87' lang='lat' dir='ltr'>sint</span> <span class='ocrx_word' id='word_1_161' title='bbox 2142 1989 2472 2073; x_wconf 86' lang='lat' dir='ltr'>digniores,</span> <span class='ocrx_word' id='word_1_162' title='bbox 2504 1992 2581 2054; x_wconf 89' lang='lat' dir='ltr'>ut</span> <span class='ocrx_word' id='word_1_163' title='bbox 2624 1990 2850 2057; x_wconf 88' lang='lat' dir='ltr'>idcirco</span> <span class='ocrx_word' id='word_1_164' title='bbox 2897 1994 2965 2057; x_wconf 90' lang='lat' dir='ltr'>et</span> <span class='ocrx_word' id='word_1_165' title='bbox 3011 1996 3229 2058; x_wconf 88' lang='lat' dir='ltr'>contra</span> 
     </span>
     <span class='ocr_line' id='line_1_18' title="bbox 760 2090 2923 2178; baseline 0.001 -22"><span class='ocrx_word' id='word_1_166' title='bbox 760 2093 860 2158; x_wconf 88' lang='lat' dir='ltr'>ius</span> <span class='ocrx_word' id='word_1_167' title='bbox 898 2112 1031 2158; x_wconf 90' lang='lat' dir='ltr'>esse</span> <span class='ocrx_word' id='word_1_168' title='bbox 1078 2092 1450 2176; x_wconf 82' lang='lat' dir='ltr'>videantur).</span> <span class='ocrx_word' id='word_1_169' title='bbox 1488 2092 1642 2156; x_wconf 89' lang='lat' dir='ltr'>Vide</span> <span class='ocrx_word' id='word_1_170' title='bbox 1673 2091 1901 2156; x_wconf 90' lang='lat' dir='ltr'>ibidem</span> <span class='ocrx_word' id='word_1_171' title='bbox 1934 2091 2120 2155; x_wconf 90' lang='lat' dir='ltr'>huius</span> <span class='ocrx_word' id='word_1_172' title='bbox 2158 2090 2580 2174; x_wconf 84' lang='lat' dir='ltr'>dispositionis</span> <span class='ocrx_word' id='word_1_173' title='bbox 2625 2095 2923 2178; x_wconf 82' lang='lat' dir='ltr'>exempla.</span> 
     </span>
    </p>

    <p class='ocr_par' dir='ltr' id='par_1_6' title="bbox 757 2194 3231 2792">
     <span class='ocr_line' id='line_1_19' title="bbox 942 2194 3231 2281; baseline 0.001 -22"><span class='ocrx_word' id='word_1_174' title='bbox 942 2196 1017 2259; x_wconf 81' lang='lat'>6⁴¹</span> <span class='ocrx_word' id='word_1_175' title='bbox 1055 2198 1316 2279; x_wconf 89' lang='lat' dir='ltr'>Propter</span> <span class='ocrx_word' id='word_1_176' title='bbox 1373 2197 1572 2261; x_wconf 86' lang='lat' dir='ltr'>solam</span> <span class='ocrx_word' id='word_1_177' title='bbox 1612 2194 2085 2260; x_wconf 88' lang='lat' dir='ltr'>similitudinem</span> <span class='ocrx_word' id='word_1_178' title='bbox 2147 2194 2245 2259; x_wconf 80' lang='lat' dir='ltr'>vel</span> <span class='ocrx_word' id='word_1_179' title='bbox 2307 2195 2638 2277; x_wconf 88' lang='lat' dir='ltr'>paritatem</span> <span class='ocrx_word' id='word_1_180' title='bbox 2693 2197 2958 2261; x_wconf 88' lang='lat' dir='ltr'>rationis</span> <span class='ocrx_word' id='word_1_181' title='bbox 3013 2199 3231 2281; x_wconf 87' lang='lat' dir='ltr'>nequit</span> 
     </span>
     <span class='ocr_line' id='line_1_20' title="bbox 761 2296 3231 2385; baseline -0 -20"><span class='ocrx_word' id='word_1_182' title='bbox 761 2300 1056 2383; x_wconf 89' lang='lat' dir='ltr'>ampliari</span> <span class='ocrx_word' id='word_1_183' title='bbox 1094 2300 1189 2364; x_wconf 86' lang='lat' dir='ltr'>lex</span> <span class='ocrx_word' id='word_1_184' title='bbox 1223 2298 1300 2363; x_wconf 89' lang='lat' dir='ltr'>ad</span> <span class='ocrx_word' id='word_1_185' title='bbox 1332 2318 1547 2364; x_wconf 86' lang='lat' dir='ltr'>casum</span> <span class='ocrx_word' id='word_1_186' title='bbox 1593 2299 1860 2363; x_wconf 88' lang='lat' dir='ltr'>similem</span> <span class='ocrx_word' id='word_1_187' title='bbox 1891 2298 2064 2361; x_wconf 88' lang='lat' dir='ltr'>nullo</span> <span class='ocrx_word' id='word_1_188' title='bbox 2100 2296 2285 2361; x_wconf 92' lang='lat' dir='ltr'>modo</span> <span class='ocrx_word' id='word_1_189' title='bbox 2322 2297 2829 2380; x_wconf 91' lang='lat' dir='ltr'>comprehensum</span> <span class='ocrx_word' id='word_1_190' title='bbox 2876 2299 2999 2362; x_wconf 87' lang='lat' dir='ltr'>sub</span> <span class='ocrx_word' id='word_1_191' title='bbox 3044 2302 3231 2385; x_wconf 86' lang='lat' dir='ltr'>signi-</span> 
     </span>
     <span class='ocr_line' id='line_1_21' title="bbox 760 2400 3231 2483; baseline 0 -16"><span class='ocrx_word' id='word_1_192' title='bbox 760 2402 1052 2467; x_wconf 88' lang='lat' dir='ltr'>ficatione</span> <span class='ocrx_word' id='word_1_193' title='bbox 1101 2401 1448 2466; x_wconf 80' lang='lat' dir='ltr'>verborum.</span> <span class='ocrx_word' id='word_1_194' title='bbox 1506 2402 1676 2466; x_wconf 88' lang='lat' dir='ltr'>Haec</span> <span class='ocrx_word' id='word_1_195' title='bbox 1728 2403 1891 2465; x_wconf 90' lang='lat' dir='ltr'>esset</span> <span class='ocrx_word' id='word_1_196' title='bbox 1936 2418 2149 2482; x_wconf 88' lang='lat' dir='ltr'>reapse</span> <span class='ocrx_word' id='word_1_197' title='bbox 2194 2401 2513 2463; x_wconf 73' lang='lat' dir='ltr'>extensiva</span> <span class='ocrx_word' id='word_1_198' title='bbox 2566 2400 3032 2483; x_wconf 82' lang='lat' dir='ltr'>interpretatio;</span> <span class='ocrx_word' id='word_1_199' title='bbox 3085 2422 3231 2468; x_wconf 86' lang='lat' dir='ltr'>sane</span> 
     </span>
     <span class='ocr_line' id='line_1_22' title="bbox 762 2501 3227 2590; baseline 0.001 -22"><span class='ocrx_word' id='word_1_200' title='bbox 762 2505 929 2569; x_wconf 91' lang='lat' dir='ltr'>ratio</span> <span class='ocrx_word' id='word_1_201' title='bbox 962 2504 1119 2590; x_wconf 87' lang='lat' dir='ltr'>legis</span> <span class='ocrx_word' id='word_1_202' title='bbox 1151 2522 1274 2569; x_wconf 89' lang='lat' dir='ltr'>non</span> <span class='ocrx_word' id='word_1_203' title='bbox 1313 2503 1409 2567; x_wconf 89' lang='lat' dir='ltr'>est</span> <span class='ocrx_word' id='word_1_204' title='bbox 1430 2503 1528 2567; x_wconf 76' lang='lat' dir='ltr'>lex</span> <span class='ocrx_word' id='word_1_205' title='bbox 1563 2522 1760 2587; x_wconf 86' lang='lat' dir='ltr'>neque</span> <span class='ocrx_word' id='word_1_206' title='bbox 1807 2521 1877 2567; x_wconf 83' lang='lat' dir='ltr'>ex</span> <span class='ocrx_word' id='word_1_207' title='bbox 1909 2520 1999 2579; x_wconf 89' lang='grc' dir='ltr'>6ο,</span> <span class='ocrx_word' id='word_1_208' title='bbox 2038 2502 2205 2585; x_wconf 89' lang='lat' dir='ltr'>quod</span> <span class='ocrx_word' id='word_1_209' title='bbox 2252 2501 2486 2585; x_wconf 89' lang='lat' dir='ltr'>aliquid</span> <span class='ocrx_word' id='word_1_210' title='bbox 2532 2501 2858 2586; x_wconf 87' lang='lat' dir='ltr'>legislator</span> <span class='ocrx_word' id='word_1_211' title='bbox 2905 2505 3227 2590; x_wconf 84' lang='lat' dir='ltr'>praecipit,</span> 
     </span>
     <span class='ocr_line' id='line_1_23' title="bbox 757 2605 3230 2691; baseline 0.001 -19"><span class='ocrx_word' id='word_1_212' title='bbox 757 2626 1137 2688; x_wconf 88' lang='lat' dir='ltr'>consequens</span> <span class='ocrx_word' id='word_1_213' title='bbox 1189 2609 1284 2671; x_wconf 90' lang='lat' dir='ltr'>est</span> <span class='ocrx_word' id='word_1_214' title='bbox 1320 2607 1665 2690; x_wconf 88' lang='lat' dir='ltr'>praecipere</span> <span class='ocrx_word' id='word_1_215' title='bbox 1711 2624 1958 2688; x_wconf 90' lang='lat' dir='ltr'>quoque</span> <span class='ocrx_word' id='word_1_216' title='bbox 2004 2606 2211 2670; x_wconf 87' lang='lat' dir='ltr'>omnia</span> <span class='ocrx_word' id='word_1_217' title='bbox 2258 2605 2513 2670; x_wconf 86' lang='lat' dir='ltr'>similia.</span> <span class='ocrx_word' id='word_1_218' title='bbox 2564 2606 2742 2687; x_wconf 90' lang='lat' dir='ltr'>atqui</span> <span class='ocrx_word' id='word_1_219' title='bbox 2791 2605 3230 2691; x_wconf 88' lang='lat' dir='ltr'>interpretatio</span> 
     </span>
     <span class='ocr_line' id='line_1_24' title="bbox 762 2708 1907 2792; baseline -0.001 -18"><span class='ocrx_word' id='word_1_220' title='bbox 762 2710 1082 2775; x_wconf 80' lang='lat' dir='ltr'>extensiva</span> <span class='ocrx_word' id='word_1_221' title='bbox 1129 2708 1324 2773; x_wconf 90' lang='lat' dir='ltr'>solius</span> <span class='ocrx_word' id='word_1_222' title='bbox 1370 2710 1465 2774; x_wconf 90' lang='lat' dir='ltr'>est</span> <span class='ocrx_word' id='word_1_223' title='bbox 1509 2709 1907 2792; x_wconf 85' lang='lat' dir='ltr'>legislatoris.</span> 
     </span>
    </p>

    <p class='ocr_par' dir='ltr' id='par_1_7' title="bbox 755 2811 3237 3489">
     <span class='ocr_line' id='line_1_25' title="bbox 946 2811 3227 2896; baseline 0.002 -21"><span class='ocrx_word' id='word_1_224' title='bbox 946 2812 1015 2875; x_wconf 69' lang='lat'>7⁸</span> <span class='ocrx_word' id='word_1_225' title='bbox 1059 2812 1150 2876; x_wconf 82' lang='lat' dir='ltr'>Ex</span> <span class='ocrx_word' id='word_1_226' title='bbox 1195 2811 1520 2877; x_wconf 90' lang='lat' dir='ltr'>identitate</span> <span class='ocrx_word' id='word_1_227' title='bbox 1565 2815 1776 2875; x_wconf 89' lang='lat' dir='ltr'>tamen</span> <span class='ocrx_word' id='word_1_228' title='bbox 1822 2812 2083 2876; x_wconf 88' lang='lat' dir='ltr'>rationis</span> <span class='ocrx_word' id='word_1_229' title='bbox 2128 2811 2350 2877; x_wconf 85' lang='lat' dir='ltr'>merito</span> <span class='ocrx_word' id='word_1_230' title='bbox 2384 2812 2721 2896; x_wconf 87' lang='lat' dir='ltr'>ampliatur</span> <span class='ocrx_word' id='word_1_231' title='bbox 2744 2813 2841 2879; x_wconf 85' lang='lat' dir='ltr'>lex</span> <span class='ocrx_word' id='word_1_232' title='bbox 2875 2814 2958 2878; x_wconf 85' lang='lat' dir='ltr'>ad</span> <span class='ocrx_word' id='word_1_233' title='bbox 2995 2834 3227 2892; x_wconf 85' lang='lat' dir='ltr'>casum,</span> 
     </span>
     <span class='ocr_line' id='line_1_26' title="bbox 761 2913 3229 2997; baseline 0.001 -17"><span class='ocrx_word' id='word_1_234' title='bbox 761 2932 885 2980; x_wconf 91' lang='lat' dir='ltr'>non</span> <span class='ocrx_word' id='word_1_235' title='bbox 934 2915 1440 2997; x_wconf 88' lang='lat' dir='ltr'>comprehensum</span> <span class='ocrx_word' id='word_1_236' title='bbox 1487 2913 1687 2978; x_wconf 87' lang='lat' dir='ltr'>verbis</span> <span class='ocrx_word' id='word_1_237' title='bbox 1733 2913 1912 2997; x_wconf 82' lang='lat' dir='ltr'>legiS,</span> <span class='ocrx_word' id='word_1_238' title='bbox 1960 2914 2067 2995; x_wconf 89' lang='lat' dir='ltr'>qui</span> <span class='ocrx_word' id='word_1_239' title='bbox 2115 2915 2322 2978; x_wconf 85' lang='lat' dir='ltr'>tamen</span> <span class='ocrx_word' id='word_1_240' title='bbox 2368 2915 2581 2980; x_wconf 88' lang='lat' dir='ltr'>subest</span> <span class='ocrx_word' id='word_1_241' title='bbox 2617 2915 2711 2979; x_wconf 91' lang='lat' dir='ltr'>illi</span> <span class='ocrx_word' id='word_1_242' title='bbox 2743 2915 2945 2981; x_wconf 89' lang='lat' dir='ltr'>eidem</span> <span class='ocrx_word' id='word_1_243' title='bbox 2979 2918 3229 2994; x_wconf 88' lang='lat' dir='ltr'>rationi,</span> 
     </span>
     <span class='ocr_line' id='line_1_27' title="bbox 761 3015 3235 3104; baseline 0.002 -23"><span class='ocrx_word' id='word_1_244' title='bbox 761 3017 1009 3100; x_wconf 88' lang='lat' dir='ltr'>quando</span> <span class='ocrx_word' id='word_1_245' title='bbox 1057 3017 1292 3082; x_wconf 87' lang='lat' dir='ltr'>scilicet</span> <span class='ocrx_word' id='word_1_246' title='bbox 1335 3016 1706 3080; x_wconf 89' lang='lat' dir='ltr'>rationabile</span> <span class='ocrx_word' id='word_1_247' title='bbox 1736 3016 1905 3080; x_wconf 89' lang='lat' dir='ltr'>haud</span> <span class='ocrx_word' id='word_1_248' title='bbox 1936 3017 2049 3090; x_wconf 88' lang='lat' dir='ltr'>est,</span> <span class='ocrx_word' id='word_1_249' title='bbox 2081 3015 2147 3079; x_wconf 94' lang='lat' dir='ltr'>id</span> <span class='ocrx_word' id='word_1_250' title='bbox 2177 3018 2435 3101; x_wconf 85' lang='lat' dir='ltr'>exigere,</span> <span class='ocrx_word' id='word_1_251' title='bbox 2469 3018 2634 3100; x_wconf 91' lang='lat' dir='ltr'>quod</span> <span class='ocrx_word' id='word_1_252' title='bbox 2680 3022 3085 3104; x_wconf 86' lang='lat' dir='ltr'>praeceptum</span> <span class='ocrx_word' id='word_1_253' title='bbox 3113 3021 3235 3087; x_wconf 86' lang='lat' dir='ltr'>dis-</span> 
     </span>
     <span class='ocr_line' id='line_1_28' title="bbox 759 3117 3235 3207; baseline 0.002 -22"><span class='ocrx_word' id='word_1_254' title='bbox 759 3122 923 3185; x_wconf 90' lang='lat' dir='ltr'>serte</span> <span class='ocrx_word' id='word_1_255' title='bbox 955 3122 1067 3197; x_wconf 91' lang='lat' dir='ltr'>est,</span> <span class='ocrx_word' id='word_1_256' title='bbox 1103 3119 1223 3184; x_wconf 89' lang='lat' dir='ltr'>nisi</span> <span class='ocrx_word' id='word_1_257' title='bbox 1269 3122 1332 3184; x_wconf 92' lang='lat' dir='ltr'>et</span> <span class='ocrx_word' id='word_1_258' title='bbox 1379 3120 1495 3184; x_wconf 90' lang='lat' dir='ltr'>hoc</span> <span class='ocrx_word' id='word_1_259' title='bbox 1527 3119 1840 3203; x_wconf 84' lang='lat' dir='ltr'>exigatur:</span> <span class='ocrx_word' id='word_1_260' title='bbox 1875 3117 2121 3200; x_wconf 86' lang='lat' dir='ltr'>quando</span> <span class='ocrx_word' id='word_1_261' title='bbox 2153 3138 2370 3202; x_wconf 92' lang='lat' dir='ltr'>nempe</span> <span class='ocrx_word' id='word_1_262' title='bbox 2406 3120 2628 3185; x_wconf 88' lang='lat' dir='ltr'>merito</span> <span class='ocrx_word' id='word_1_263' title='bbox 2674 3124 2995 3203; x_wconf 87' lang='lat' dir='ltr'>praesumi</span> <span class='ocrx_word' id='word_1_264' title='bbox 3024 3127 3235 3207; x_wconf 85' lang='lat' dir='ltr'>potest</span> 
     </span>
     <span class='ocr_line' id='line_1_29' title="bbox 755 3221 3237 3307; baseline 0.002 -19"><span class='ocrx_word' id='word_1_265' title='bbox 755 3224 954 3289; x_wconf 87' lang='lat' dir='ltr'>talem</span> <span class='ocrx_word' id='word_1_266' title='bbox 1001 3242 1132 3288; x_wconf 87' lang='lat' dir='ltr'>esse</span> <span class='ocrx_word' id='word_1_267' title='bbox 1179 3223 1571 3288; x_wconf 87' lang='lat' dir='ltr'>voluntatem</span> <span class='ocrx_word' id='word_1_268' title='bbox 1617 3221 2016 3307; x_wconf 85' lang='lat' dir='ltr'>legislatoris.</span> <span class='ocrx_word' id='word_1_269' title='bbox 2052 3222 2151 3286; x_wconf 88' lang='lat' dir='ltr'>lta</span> <span class='ocrx_word' id='word_1_270' title='bbox 2181 3222 2234 3285; x_wconf 92' lang='lat' dir='ltr'>si</span> <span class='ocrx_word' id='word_1_271' title='bbox 2267 3240 2463 3304; x_wconf 88' lang='lat' dir='ltr'>poena</span> <span class='ocrx_word' id='word_1_272' title='bbox 2509 3223 2718 3305; x_wconf 90' lang='lat' dir='ltr'>aliqua</span> <span class='ocrx_word' id='word_1_273' title='bbox 2766 3226 3110 3291; x_wconf 82' lang='lat' dir='ltr'>uxoricidio</span> <span class='ocrx_word' id='word_1_274' title='bbox 3135 3227 3237 3292; x_wconf 87' lang='lat' dir='ltr'>de-</span> 
     </span>
     <span class='ocr_line' id='line_1_30' title="bbox 759 3324 3231 3413; baseline 0.003 -25"><span class='ocrx_word' id='word_1_275' title='bbox 759 3326 930 3390; x_wconf 89' lang='lat' dir='ltr'>creta</span> <span class='ocrx_word' id='word_1_276' title='bbox 979 3326 1092 3400; x_wconf 88' lang='lat' dir='ltr'>est,</span> <span class='ocrx_word' id='word_1_277' title='bbox 1145 3343 1281 3388; x_wconf 89' lang='lat' dir='ltr'>eam</span> <span class='ocrx_word' id='word_1_278' title='bbox 1329 3326 1393 3389; x_wconf 91' lang='lat' dir='ltr'>et</span> <span class='ocrx_word' id='word_1_279' title='bbox 1441 3343 1595 3389; x_wconf 77' lang='lat' dir='ltr'>uxor</span> <span class='ocrx_word' id='word_1_280' title='bbox 1643 3325 1935 3402; x_wconf 88' lang='lat' dir='ltr'>incurret,</span> <span class='ocrx_word' id='word_1_281' title='bbox 1984 3325 2039 3389; x_wconf 89' lang='lat' dir='ltr'>si</span> <span class='ocrx_word' id='word_1_282' title='bbox 2088 3325 2291 3389; x_wconf 85' lang='lat' dir='ltr'>virum</span> <span class='ocrx_word' id='word_1_283' title='bbox 2338 3324 2643 3390; x_wconf 88' lang='lat' dir='ltr'>occiderit.</span> <span class='ocrx_word' id='word_1_284' title='bbox 2677 3324 2771 3390; x_wconf 86' lang='lat' dir='ltr'>Cf.</span> <span class='ocrx_word' id='word_1_285' title='bbox 2822 3327 3152 3413; x_wconf 82' lang='lat' dir='ltr'>Laymann</span> <span class='ocrx_word' id='word_1_286' title='bbox 3190 3331 3231 3394; x_wconf 91' lang='lat' dir='ltr'>l.</span> 
     </span>
     <span class='ocr_line' id='line_1_31' title="bbox 759 3426 1038 3489; baseline -0.004 0"><span class='ocrx_word' id='word_1_287' title='bbox 759 3445 812 3489; x_wconf 93' lang='lat' dir='ltr'>c.</span> <span class='ocrx_word' id='word_1_288' title='bbox 839 3446 898 3488; x_wconf 91' lang='lat' dir='ltr'>n.</span> <span class='ocrx_word' id='word_1_289' title='bbox 937 3426 1038 3489; x_wconf 87' lang='lat' dir='ltr'>lo.</span> 
     </span>
    </p>

    <p class='ocr_par' dir='ltr' id='par_1_8' title="bbox 757 3527 3244 4333">
     <span class='ocr_line' id='line_1_32' title="bbox 851 3527 3233 3613; baseline 0.004 -23"><span class='ocrx_word' id='word_1_290' title='bbox 851 3527 922 3590; x_wconf 85' lang='lat' dir='ltr'>ld</span> <span class='ocrx_word' id='word_1_291' title='bbox 973 3527 1214 3591; x_wconf 89' lang='lat' dir='ltr'>obtinet</span> <span class='ocrx_word' id='word_1_292' title='bbox 1258 3529 1321 3590; x_wconf 89' lang='lat' dir='ltr'>in</span> <span class='ocrx_word' id='word_1_293' title='bbox 1373 3527 1589 3609; x_wconf 89' lang='lat' dir='ltr'>primis</span> <span class='ocrx_word' id='word_1_294' title='bbox 1637 3529 1697 3593; x_wconf 90' lang='lat' dir='ltr'>in</span> <span class='ocrx_word' id='word_1_295' title='bbox 1746 3530 2152 3602; x_wconf 85' lang='lat' dir='ltr'>correlativis‚</span> <span class='ocrx_word' id='word_1_296' title='bbox 2199 3531 2261 3592; x_wconf 90' lang='lat' dir='ltr'>in</span> <span class='ocrx_word' id='word_1_297' title='bbox 2321 3530 2760 3613; x_wconf 87' lang='lat' dir='ltr'>aequiparatis,</span> <span class='ocrx_word' id='word_1_298' title='bbox 2809 3531 2875 3596; x_wconf 92' lang='lat' dir='ltr'>in</span> <span class='ocrx_word' id='word_1_299' title='bbox 2921 3536 3233 3599; x_wconf 83' lang='lat' dir='ltr'>connexis.</span> 
     </span>
     <span class='ocr_line' id='line_1_33' title="bbox 761 3627 3236 3721; baseline 0.004 -28"><span class='ocrx_word' id='word_1_300' title='bbox 761 3627 1148 3694; x_wconf 85' lang='lat' dir='ltr'>Correlativa</span> <span class='ocrx_word' id='word_1_301' title='bbox 1196 3631 1345 3713; x_wconf 91' lang='lat' dir='ltr'>quid</span> <span class='ocrx_word' id='word_1_302' title='bbox 1392 3632 1520 3696; x_wconf 89' lang='lat' dir='ltr'>sint</span> <span class='ocrx_word' id='word_1_303' title='bbox 1568 3651 1748 3698; x_wconf 91' lang='lat' dir='ltr'>nemo</span> <span class='ocrx_word' id='word_1_304' title='bbox 1796 3634 2079 3717; x_wconf 87' lang='lat' dir='ltr'>ignorat:</span> <span class='ocrx_word' id='word_1_305' title='bbox 2127 3634 2530 3716; x_wconf 87' lang='lat' dir='ltr'>aequiparata</span> <span class='ocrx_word' id='word_1_306' title='bbox 2590 3654 2661 3699; x_wconf 90' lang='lat' dir='ltr'>ea</span> <span class='ocrx_word' id='word_1_307' title='bbox 2708 3635 3026 3714; x_wconf 87' lang='lat' dir='ltr'>dicuntur,</span> <span class='ocrx_word' id='word_1_308' title='bbox 3076 3659 3236 3721; x_wconf 85' lang='lat' dir='ltr'>quae</span> 
     </span>
     <span class='ocr_line' id='line_1_34' title="bbox 760 3730 3238 3818; baseline 0.005 -24"><span class='ocrx_word' id='word_1_309' title='bbox 760 3730 908 3795; x_wconf 89' lang='lat' dir='ltr'>licet</span> <span class='ocrx_word' id='word_1_310' title='bbox 955 3730 1301 3810; x_wconf 89' lang='lat' dir='ltr'>dissimilia,</span> <span class='ocrx_word' id='word_1_311' title='bbox 1356 3734 1418 3798; x_wconf 89' lang='lat' dir='ltr'>in</span> <span class='ocrx_word' id='word_1_312' title='bbox 1471 3734 1714 3818; x_wconf 87' lang='lat' dir='ltr'>legibus</span> <span class='ocrx_word' id='word_1_313' title='bbox 1763 3734 1975 3800; x_wconf 90' lang='lat' dir='ltr'>eodem</span> <span class='ocrx_word' id='word_1_314' title='bbox 2023 3735 2155 3799; x_wconf 86' lang='lat' dir='ltr'>iure</span> <span class='ocrx_word' id='word_1_315' title='bbox 2184 3737 2527 3812; x_wconf 87' lang='lat' dir='ltr'>censentur,</span> <span class='ocrx_word' id='word_1_316' title='bbox 2561 3739 2634 3800; x_wconf 92' lang='lat' dir='ltr'>ut</span> <span class='ocrx_word' id='word_1_317' title='bbox 2664 3737 2728 3801; x_wconf 91' lang='lat' dir='ltr'>in</span> <span class='ocrx_word' id='word_1_318' title='bbox 2775 3738 3090 3804; x_wconf 88' lang='lat' dir='ltr'>beneficiis</span> <span class='ocrx_word' id='word_1_319' title='bbox 3121 3741 3238 3805; x_wconf 88' lang='grc'>616-</span> 
     </span>
     <span class='ocr_line' id='line_1_35' title="bbox 759 3833 3239 3920; baseline 0.005 -24"><span class='ocrx_word' id='word_1_320' title='bbox 759 3833 909 3907; x_wconf 85' lang='grc'>6116,</span> <span class='ocrx_word' id='word_1_321' title='bbox 961 3836 1402 3916; x_wconf 87' lang='lat' dir='ltr'>praesentatio‚</span> <span class='ocrx_word' id='word_1_322' title='bbox 1453 3837 1828 3919; x_wconf 87' lang='lat' dir='ltr'>postulatio:</span> <span class='ocrx_word' id='word_1_323' title='bbox 1877 3856 2145 3902; x_wconf 85' lang='lat' dir='ltr'>connexa</span> <span class='ocrx_word' id='word_1_324' title='bbox 2190 3839 2355 3913; x_wconf 89' lang='lat' dir='ltr'>sunt,</span> <span class='ocrx_word' id='word_1_325' title='bbox 2406 3857 2672 3920; x_wconf 90' lang='lat' dir='ltr'>quorum</span> <span class='ocrx_word' id='word_1_326' title='bbox 2718 3860 2914 3907; x_wconf 88' lang='lat' dir='ltr'>unum</span> <span class='ocrx_word' id='word_1_327' title='bbox 2971 3844 3105 3908; x_wconf 89' lang='lat' dir='ltr'>sine</span> <span class='ocrx_word' id='word_1_328' title='bbox 3152 3845 3239 3909; x_wconf 88' lang='grc'>61-</span> 
     </span>
     <span class='ocr_line' id='line_1_36' title="bbox 761 3938 3241 4023; baseline 0.004 -21"><span class='ocrx_word' id='word_1_329' title='bbox 761 3938 897 4002; x_wconf 92' lang='lat' dir='ltr'>tero</span> <span class='ocrx_word' id='word_1_330' title='bbox 947 3938 1114 4001; x_wconf 86' lang='lat' dir='ltr'>stare</span> <span class='ocrx_word' id='word_1_331' title='bbox 1165 3940 1401 4020; x_wconf 88' lang='lat' dir='ltr'>nequit,</span> <span class='ocrx_word' id='word_1_332' title='bbox 1451 3941 1525 4004; x_wconf 91' lang='lat' dir='ltr'>ut</span> <span class='ocrx_word' id='word_1_333' title='bbox 1570 3941 1623 4003; x_wconf 89' lang='lat' dir='ltr'>si</span> <span class='ocrx_word' id='word_1_334' title='bbox 1656 3940 1757 4003; x_wconf 89' lang='lat' dir='ltr'>cui</span> <span class='ocrx_word' id='word_1_335' title='bbox 1788 3940 2175 4023; x_wconf 88' lang='lat' dir='ltr'>permittitur</span> <span class='ocrx_word' id='word_1_336' title='bbox 2204 3941 2481 4023; x_wconf 89' lang='lat' dir='ltr'>tempore</span> <span class='ocrx_word' id='word_1_337' title='bbox 2510 3941 2825 4006; x_wconf 85' lang='lat' dir='ltr'>interdicti</span> <span class='ocrx_word' id='word_1_338' title='bbox 2862 3964 3113 4011; x_wconf 89' lang='lat' dir='ltr'>sacrum</span> <span class='ocrx_word' id='word_1_339' title='bbox 3152 3947 3241 4011; x_wconf 85' lang='lat' dir='ltr'>fa-</span> 
     </span>
     <span class='ocr_line' id='line_1_37' title="bbox 757 4039 3241 4132; baseline 0.004 -29"><span class='ocrx_word' id='word_1_340' title='bbox 757 4058 915 4115; x_wconf 88' lang='lat' dir='ltr'>cere,</span> <span class='ocrx_word' id='word_1_341' title='bbox 950 4039 1007 4103; x_wconf 91' lang='grc'>61</span> <span class='ocrx_word' id='word_1_342' title='bbox 1044 4039 1401 4105; x_wconf 88' lang='lat' dir='ltr'>ministrare</span> <span class='ocrx_word' id='word_1_343' title='bbox 1426 4041 1522 4106; x_wconf 86' lang='lat' dir='ltr'>fas</span> <span class='ocrx_word' id='word_1_344' title='bbox 1555 4043 1670 4116; x_wconf 88' lang='lat' dir='ltr'>est,</span> <span class='ocrx_word' id='word_1_345' title='bbox 1707 4042 1760 4106; x_wconf 89' lang='lat' dir='ltr'>si</span> <span class='ocrx_word' id='word_1_346' title='bbox 1794 4041 1895 4105; x_wconf 89' lang='lat' dir='ltr'>cui</span> <span class='ocrx_word' id='word_1_347' title='bbox 1931 4041 2315 4124; x_wconf 85' lang='lat' dir='ltr'>permittitur</span> <span class='ocrx_word' id='word_1_348' title='bbox 2360 4042 2604 4109; x_wconf 91' lang='lat' dir='ltr'>ordines</span> <span class='ocrx_word' id='word_1_349' title='bbox 2647 4062 2858 4110; x_wconf 89' lang='lat' dir='ltr'>sacros</span> <span class='ocrx_word' id='word_1_350' title='bbox 2904 4049 3241 4132; x_wconf 84' lang='lat' dir='ltr'>suscipere,</span> 
     </span>
     <span class='ocr_line' id='line_1_38' title="bbox 761 4142 3244 4228; baseline 0.004 -23"><span class='ocrx_word' id='word_1_351' title='bbox 761 4142 1162 4224; x_wconf 88' lang='lat' dir='ltr'>permittitur</span> <span class='ocrx_word' id='word_1_352' title='bbox 1193 4144 1257 4206; x_wconf 88' lang='lat' dir='ltr'>et</span> <span class='ocrx_word' id='word_1_353' title='bbox 1280 4143 1642 4208; x_wconf 90' lang='lat' dir='ltr'>beneficium</span> <span class='ocrx_word' id='word_1_354' title='bbox 1677 4145 1900 4208; x_wconf 89' lang='lat' dir='ltr'>saltem</span> <span class='ocrx_word' id='word_1_355' title='bbox 1932 4144 2190 4228; x_wconf 82' lang='lat' dir='ltr'>simplex</span> <span class='ocrx_word' id='word_1_356' title='bbox 2227 4145 2519 4212; x_wconf 88' lang='lat' dir='ltr'>obtinere.</span> <span class='ocrx_word' id='word_1_357' title='bbox 2554 4144 2647 4209; x_wconf 85' lang='lat' dir='ltr'>cf.</span> <span class='ocrx_word' id='word_1_358' title='bbox 2683 4144 2957 4213; x_wconf 84' lang='lat' dir='ltr'>Sanchez</span> <span class='ocrx_word' id='word_1_359' title='bbox 2984 4148 3059 4212; x_wconf 78' lang='lat' dir='ltr'>de</span> <span class='ocrx_word' id='word_1_360' title='bbox 3093 4150 3244 4215; x_wconf 77' lang='grc' dir='ltr'>Μα-</span> 
     </span>
     <span class='ocr_line' id='line_1_39' title="bbox 761 4244 3243 4333; baseline 0.004 -26"><span class='ocrx_word' id='word_1_361' title='bbox 761 4244 930 4307; x_wconf 60' lang='lat' dir='ltr'>bren.</span> <span class='ocrx_word' id='word_1_362' title='bbox 979 4244 1021 4308; x_wconf 92' lang='grc'>1.</span> <span class='ocrx_word' id='word_1_363' title='bbox 1075 4245 1134 4308; x_wconf 82' lang='grc'>8.</span> <span class='ocrx_word' id='word_1_364' title='bbox 1184 4264 1243 4308; x_wconf 91' lang='lat' dir='ltr'>n.</span> <span class='ocrx_word' id='word_1_365' title='bbox 1299 4246 1354 4308; x_wconf 91' lang='lat'>1.</span> <span class='ocrx_word' id='word_1_366' title='bbox 1406 4247 1470 4308; x_wconf 90' lang='grc'>61</span> <span class='ocrx_word' id='word_1_367' title='bbox 1516 4245 1590 4309; x_wconf 87' lang='lat' dir='ltr'>cf.</span> <span class='ocrx_word' id='word_1_368' title='bbox 1640 4246 2007 4311; x_wconf 83' lang='lat' dir='ltr'>d’Annibale</span> <span class='ocrx_word' id='word_1_369' title='bbox 2051 4247 2093 4310; x_wconf 94' lang='grc'>1.</span> <span class='ocrx_word' id='word_1_370' title='bbox 2143 4267 2194 4311; x_wconf 89' lang='grc'>6.</span> <span class='ocrx_word' id='word_1_371' title='bbox 2244 4268 2302 4311; x_wconf 93' lang='lat' dir='ltr'>n.</span> <span class='ocrx_word' id='word_1_372' title='bbox 2359 4248 2502 4312; x_wconf 82' lang='lat'>186.</span> <span class='ocrx_word' id='word_1_373' title='bbox 2552 4248 2963 4333; x_wconf 81' lang='lat' dir='ltr'>Excipiuntur</span> <span class='ocrx_word' id='word_1_374' title='bbox 3027 4255 3243 4318; x_wconf 62' lang='lat' dir='ltr'>mmen</span> 
     </span>
    </p>
   </div>
   <div class='ocr_carea' id='block_1_3' title="bbox 761 4345 3249 4529">
    <p class='ocr_par' dir='ltr' id='par_1_9' title="bbox 761 4345 3249 4529">
     <span class='ocr_line' id='line_1_40' title="bbox 761 4345 3249 4438; baseline 0.006 -30"><span class='ocrx_word' id='word_1_375' title='bbox 761 4345 995 4423; x_wconf 91' lang='lat' dir='ltr'>odiosa,</span> <span class='ocrx_word' id='word_1_376' title='bbox 1048 4346 1168 4410; x_wconf 91' lang='lat' dir='ltr'>nisi</span> <span class='ocrx_word' id='word_1_377' title='bbox 1215 4349 1505 4411; x_wconf 85' lang='lat' dir='ltr'>constans</span> <span class='ocrx_word' id='word_1_378' title='bbox 1552 4350 1896 4413; x_wconf 91' lang='lat' dir='ltr'>communis</span> <span class='ocrx_word' id='word_1_379' title='bbox 1943 4350 2373 4433; x_wconf 83' lang='lat' dir='ltr'>interpretatio</span> <span class='ocrx_word' id='word_1_380' title='bbox 2428 4351 2526 4416; x_wconf 87' lang='lat' dir='ltr'>vel</span> <span class='ocrx_word' id='word_1_381' title='bbox 2560 4352 2895 4418; x_wconf 88' lang='lat' dir='ltr'>manifesta</span> <span class='ocrx_word' id='word_1_382' title='bbox 2951 4357 3249 4438; x_wconf 81' lang='lat' dir='ltr'>aequitas</span> 
     </span>
     <span class='ocr_line' id='line_1_41' title="bbox 764 4449 1794 4529; baseline 0.006 -19"><span class='ocrx_word' id='word_1_383' title='bbox 764 4449 1190 4529; x_wconf 81' lang='lat' dir='ltr'>exceptionem</span> <span class='ocrx_word' id='word_1_384' title='bbox 1224 4449 1588 4515; x_wconf 86' lang='lat' dir='ltr'>refellerent.</span> <span class='ocrx_word' id='word_1_385' title='bbox 1641 4451 1794 4516; x_wconf 92' lang='lat' dir='ltr'>Ibid.</span> 
     </span>
    </p>
   </div>
   <div class='ocr_carea' id='block_1_4' title="bbox 3482 963 3485 1529">
    <p class='ocr_par' dir='ltr' id='par_1_10' title="bbox 3482 963 3485 1529">
     <span class='ocr_line' id='line_1_42' title="bbox 3482 963 3485 1529; baseline 0 0"><span class='ocrx_word' id='word_1_386' title='bbox 3482 963 3485 1529; x_wconf 95' lang='lat' dir='ltr'> </span> 
     </span>
    </p>
   </div>
  </div>
 </body>
</html>
