3529 5158
343 330 447 431 [84]
906 372 1224 414 PRINOEPIA
1262 374 1695 417 monnau-Ans.
1734 376 2064 420 omae-run.
2102 377 2265 418 nnus
2748 367 2816 419 81

340 468 498 532 circa
529 467 699 549 quod
731 470 911 533 aetus
942 472 1260 534 versatur:
1300 469 1567 549 for-male
1601 472 1910 537 obiectum
1950 475 2044 538 est
2089 474 2246 537 illud
2293 474 2476 550 idem,
2512 474 2614 539 sed
2661 495 2818 556 qua-

340 573 519 635 tenus
545 570 763 635 subest
786 570 1040 653 regulae
1066 572 1414 637 honestatis
1437 574 1632 638 relate
1657 575 1735 638 ad
1760 578 2048 659 agentem
2073 576 2202 640 sive
2227 579 2415 659 prout
2439 598 2582 640 cum
2608 578 2820 642 adver-

342 671 538 736 tentia
576 670 657 735 ad
688 689 975 735 normam
1012 672 1365 738 honestatis
1398 675 1736 758 attingitur
1784 677 1862 739 ab
1910 681 2133 761 agente
2162 677 2253 757 (n.
2282 679 2437 760 82).
2473 677 2572 742 Sic
2619 681 2818 744 mate-

340 773 490 836 riale
522 772 836 836 obiectum
870 772 1025 836 furti
1059 777 1154 838 est
1186 775 1422 839 ablatio
1455 775 1545 840 rei
1578 776 1842 853 alienae3
1884 778 2144 842 formale
2177 782 2272 843 est
2319 780 2532 843 eadem
2580 781 2814 845 ablatio

341 874 602 937 scienter
632 876 696 938 et
726 873 916 937 libere
947 874 1134 938 facta.
1165 874 1229 938 Si
1261 876 1413 940 haee
1446 877 1609 941 ratio
1652 879 1874 962 agendi
1906 878 2085 955 desit,
2120 880 2309 945 habes
2344 883 2581 945 furtum
2621 886 2815 947 mate-

341 976 489 1040 riale
538 978 812 1054 tantum,
853 976 952 1040 vel
996 976 1242 1055 melius,
1278 978 1523 1043 nullum
1570 981 1814 1063 proprie
1861 980 2098 1047 dictum
2144 982 2404 1048 furtum.

447 1153 569 1205 Llll.
596 1152 786 1205 Bonum
825 1152 904 1205 vel
943 1154 1120 1206 malum
1160 1150 1350 1206 dicetur
1389 1152 1633 1207 obiectum
1676 1155 1830 1219 (quod
1857 1154 1987 1209 idem
2027 1158 2127 1210 tere
2158 1159 2289 1210 valet
2314 1160 2374 1210 de
2401 1160 2496 1210 11ηο
2524 1165 2570 1211 et
2602 1159 2806 1212 circum-

341 1234 553 1300 stantiis)
580 1241 729 1302 prout
757 1235 1028 1289 honestatis
1068 1237 1265 1300 regulae
1300 1244 1676 1291 consentaneum
1716 1244 1790 1291 est
1829 1240 1909 1292 vel
1947 1238 2326 1294 dissentaneum.
2353 1240 2406 1292 Si
2445 1247 2619 1294 neutro
2659 1244 2805 1295 modo

342 1333 392 1371 se
428 1320 598 1380 hahet,
637 1317 817 1372 dicitur
855 1317 1156 1372 indifferens.

444 1402 651 1456 Bonitas
686 1409 849 1457 autem
888 1405 968 1457 vel
1005 1403 1187 1457 malitia
1228 1420 1523 1460 rxrnixsaca
1560 1405 1755 1471 dieitur,
1782 1406 1824 1461 si
1864 1423 1924 1461 ex
1963 1408 2069 1475 ipsa
2108 1409 2182 1462 rei
2220 1418 2392 1464 natura
2430 1417 2576 1477 atque
2614 1410 2803 1464 ordinis

341 1487 582 1552 exigentia
621 1487 841 1541 oriatur:
869 1501 1196 1551 0113133001,
1223 1490 1265 1542 si
1303 1505 1365 1543 ex
1404 1492 1508 1544 sola
1548 1492 1654 1555 lege
1691 1491 1905 1558 positiva
1943 1501 2191 1558 exsurgat.

446 1572 672 1638 Denique
709 1572 965 1626 intrinseca
1004 1572 1185 1627 obiecti
1224 1573 1407 1628 malitia
1448 1577 1526 1629 vel
1564 1583 1801 1642 repugnat
1839 1578 2001 1631 ordini
2039 1582 2266 1634 absolute
2304 1580 2576 1633 necessario
2623 1588 2670 1633 et
2697 1589 2808 1634 tuuc

345 1660 401 1709 ab
438 1657 634 1710 obiecto
674 1656 863 1720 seiungi
902 1672 1144 1723 nunquam
1188 1666 1364 1724 potest,
1404 1661 1485 1713 vel
1524 1666 1761 1724 repugnat
1802 1662 1962 1714 solum
2004 1662 2183 1723 ordini,
2223 1663 2305 1729 qui
2343 1664 2538 1716 divinae
2577 1665 2809 1731 potestati

344 1740 515 1808 subsit,
554 1747 604 1795 et
643 1740 714 1794 sie
753 1740 951 1808 poterit,
997 1743 1103 1795 Deo
1143 1744 1356 1806 volente,
1395 1744 1620 1796 (10110010.

429 1875 555 1949 84.
596 1879 868 1945 Adverte
913 1879 1282 1947 divisionem
1327 1882 1487 1946 hanc
1533 1882 1598 1946 in
1644 1885 1897 1962 1101111111,
1946 1886 2184 1949 malum
2230 1888 2295 1950 et
2338 1886 2687 1952 indifferens
2733 1888 2807 1951 de

343 1983 582 2048 obiecto
616 1981 739 2047 dici
777 2002 884 2048 seu
917 2002 1047 2049 esse
1081 1984 1470 2048 obiectivam.
1499 1984 1679 2064 Quod
1711 1989 1953 2068 spectat
1984 1987 2062 2051 ad
2092 1988 2441 2053 indifferens
2475 1990 2803 2067 obiectum,

340 2106 387 2149 s.
422 2086 699 2151 Thomas
735 2086 792 2149 1.
821 2087 881 2149 2.
908 2104 967 2168 q.
1000 2087 1101 2149 18.
1130 2105 1184 2150 a.
1214 2086 1274 2150 8.
1306 2085 1464 2150 illud
1511 2106 1641 2152 esse
1688 2088 1858 2165 dicit,
1909 2090 2072 2170 quod
2118 2090 2180 2154 in
2230 2110 2294 2154 se
2341 2092 2494 2155 nihil
2542 2092 2804 2157 includit

339 2188 651 2271 pertinens
684 2187 762 2252 ad
796 2186 1070 2252 ordinem
1115 2187 1396 2265 rationis,
1432 2189 1666 2254 scilicet
1714 2193 1965 2273 propter
1994 2192 2159 2274 quod
2191 2195 2304 2257 aut
2347 2194 2803 2259 rationabiliter

340 2292 674 2373 appetatur
720 2292 833 2354 aut
876 2289 1333 2355 rationabiliter
1378 2290 1677 2374 fugiatur.

422 2391 688 2456 Bonitas
720 2391 846 2456 alia
878 2393 972 2456 est
1006 2391 1369 2465 intrinseca,
1405 2391 1529 2456 alia
1560 2394 1932 2458 extrinseca.
1967 2392 2285 2474 Quaedam
2315 2397 2478 2460 enim
2511 2417 2631 2461 non
2663 2398 2800 2462 ideo

338 2492 497 2558 bona
530 2494 699 2569 sunt,
732 2492 880 2574 quia
928 2492 1414 2575 praecipiuntur,
1449 2494 1553 2558 sed
1583 2494 1721 2560 ideo
1771 2496 2250 2579 praecipiuntur,
2286 2498 2434 2579 quia
2464 2500 2625 2563 bona
2656 2501 2802 2563 311111

339 2597 401 2659 01
435 2594 639 2659 ordini
688 2595 1028 2660 necessario
1076 2614 1364 2660 consona.
1418 2595 1518 2660 Sic
1564 2597 1812 2662 dilectio
1860 2599 1995 2676 Dei,
2044 2600 2362 2665 restitutio
2409 2602 2496 2665 101
2544 2601 2799 2680 alienae,

339 2697 570 2762 solutio
619 2697 835 2762 debiti.

425 2799 669 2864 Pariter
714 2798 1020 2881 quaedam
1067 2818 1189 2864 non
1236 2799 1373 2864 ideo
1420 2801 1590 2865 mala
1636 2804 1803 2879 sunt,
1854 2803 2002 2885 quia
2049 2805 2470 2886 prohibentur,
2513 2808 2618 2871 sed
2664 2808 2800 2873 ideo

340 2907 763 2988 prohibentur,
798 2906 946 2988 quia
993 2908 1140 2970 sunt
1185 2907 1352 2970 mala
1399 2909 1462 2971 et
1508 2909 1848 2974 necessarIO
1884 2909 2083 2975 ordini
2130 2915 2562 2996 repugnantia,
2599 2913 2796 2977 ordini

340 3008 594 3086 seilicet,
645 3008 755 3090 qui
801 3028 872 3072 ex
916 3027 1122 3072 rerum
1169 3007 1412 3073 naturis
1444 3011 1739 3094 exsurgit.
1790 3012 1891 3074 Ita
1938 3012 2341 3094 blasphemia,
2389 3015 2798 3092 mendacium,

340 3110 680 3192 periurium
711 3111 827 3175 etc.

423 3213 598 3278 Haec
630 3212 921 3276 dicuntur
955 3211 1286 3275 intrinsece
1318 3213 1479 3276 bona
1528 3212 1624 3275 vel
1669 3212 1857 3275 mala.
1891 3212 2266 3275 Eaetrinsece
2299 3213 2459 3276 bona
2508 3215 2604 3276 vel
2637 3216 2803 3278 mala

338 3313 649 3391 dicuntur,
675 3313 923 3395 quando
954 3314 1018 3378 in
1043 3333 1105 3378 se
1136 3315 1417 3396 spectata
1441 3313 1653 3376 haberi
1677 3314 1938 3393 possunt
1963 3314 2035 3375 ut
2057 3311 2484 3390 indifferentia,
2512 3314 2616 3378 sed
2641 3315 2803 3378 bona

339 3416 516 3494 fiunt,
544 3417 696 3498 quia
726 3416 1188 3500 praecipiuntur
1219 3417 1331 3479 aut
1355 3414 1544 3491 mala,
1571 3414 1718 3495 quia
1745 3413 2167 3495 prohibentur.
2195 3415 2296 3479 Ita
2321 3435 2538 3480 vacare
2565 3418 2642 3481 ab
2667 3435 2804 3500 ope-

339 3518 508 3584 ribus
557 3518 886 3583 servilibus
922 3516 1019 3582 die
1051 3516 1315 3593 sabbati,
1352 3516 1587 3580 oblatio
1628 3515 1778 3579 salis
1810 3515 1873 3579 in
1905 3517 2185 3597 quolibet
2231 3517 2528 3584 sacrificio
2579 3520 2802 3584 veteris

338 3621 513 3706 legis,
549 3623 651 3687 Ita
682 3621 984 3687 ieiunium
1014 3622 1077 3685 in
1111 3620 1322 3702 aliquo
1361 3618 1688 3704 pervigilio
1727 3621 1792 3684 et
1823 3620 2199 3685 abstinentia
2232 3622 2309 3686 ab
2342 3622 2550 3704 aliquo
2585 3624 2740 3688 01110.

426 3723 671 3807 Duplex
705 3726 917 3788 autem
964 3722 1110 3787 ordo
1159 3721 1467 3804 distingui
1512 3721 1711 3797 debet,
1746 3740 2013 3803 quorum
2062 3724 2219 3788 alter
2266 3724 2359 3788 ita
2407 3725 2702 3789 fundatur
2739 3726 2803 3789 in

338 3826 580 3890 naturis
615 3845 842 3901 rerum,
876 3827 950 3889 ut
979 3826 1225 3888 mutare
1272 3842 1416 3888 eum
1464 3843 1538 3888 ne
1577 3824 1746 3887 Deus
1793 3824 2042 3905 quidem
2089 3826 2317 3889 valeat.
2352 3826 2668 3891 Eiusmodi
2710 3830 2805 3891 est

341 3949 396 3993 1.
420 3949 514 4013 gr.
543 3928 847 3993 subiectio
880 3930 1198 3992 creaturae
1230 3926 1309 3990 ad
1341 3923 1697 3991 Creatorem
1730 3929 1917 4008 atque
1949 3926 2100 3991 adeo
2134 3927 2412 3991 debitum
2460 3928 2799 3991 servitutis.

340 4031 500 4096 Hinc
547 4031 987 4113 blasphemiae,
1030 4029 1298 4112 periuria
1337 4030 1452 4093 etc.
1486 4048 1610 4094 non
1658 4032 1920 4111 possunt
1964 4047 2088 4092 11011
2135 4047 2266 4093 0330
2311 4030 2479 4092 mala
2525 4031 2588 4093 et
2635 4029 2802 4093 Deus

339 4152 400 4197 se
445 4134 655 4216 ipsum
703 4133 979 4216 negaret,
1029 4133 1083 4196 si
1132 4130 1405 4196 ordinem
1453 4131 1616 4194 hunc
1661 4131 2016 4196 inverteret.

424 4237 603 4301 Alter
637 4235 787 4300 ordo
818 4237 931 4312 est,
966 4235 1075 4317 qui
1106 4235 1319 4299 subest
1350 4233 1593 4299 divinae
1626 4234 1928 4317 potestati
1960 4236 2209 4317 propter
2239 4234 2602 4311 dominium,
2637 4235 2803 4316 quod

342 4338 525 4404 habet
549 4339 722 4403 Deus
766 4337 834 4402 in
880 4337 1199 4402 universas
1246 4338 1561 4401 creaturas
1608 4339 1797 4417 atque
1845 4337 1995 4402 adeo
2044 4356 2186 4400 eum
2233 4355 2351 4401 non
2401 4336 2486 4402 sit
2518 4338 2803 4402 absolute

341 4442 736 4517 necessarius,
772 4441 979 4523 potest
1009 4441 1177 4504 Deus
1215 4439 1396 4503 illum
1442 4439 1797 4503 immutare.
1831 4438 1932 4501 Ita
1978 4457 2120 4502 cum
2151 4439 2319 4503 Deus
2366 4439 2450 4503 sit
2497 4438 2802 4502 Dominus

343 4544 618 4608 omnium
641 4561 851 4606 rerum
882 4543 946 4606 et
981 4542 1150 4606 vitae
1181 4541 1525 4616 hominum,
1554 4542 1760 4623 potest
1795 4541 2032 4605 auferre
2066 4541 2142 4605 ab
2176 4540 2384 4623 aliquo
2417 4541 2667 4606 homine
2700 4540 2802 4604 do-

497 4666 782 4716 Bsnnmmu,
812 4663 982 4708 Horat.
1014 4663 1163 4706 Tomo
1191 4662 1232 4704 Ι.
2614 4660 2642 4701 6
