3529 5158
332 372 443 448 [16]
1156 384 1532 429 vonumAmx
1567 386 1974 433 mna-mouns
2727 380 2796 433 13

334 484 410 548 ab
439 482 793 547 amentibus
837 483 936 546 vel
969 483 1047 546 ab
1078 482 1440 559 infantibus,
1468 503 1608 547 cum
1656 485 1956 551 iudicium
1987 488 2248 553 rationis
2281 492 2394 553 aut
2425 489 2792 573 impeditum

333 583 413 649 sit
457 586 573 649 aut
617 582 895 649 nondum
940 584 1073 648 eius
1121 586 1400 667 potestas
1447 586 1780 667 acquisita.

417 686 766 752 Naturalis
810 706 974 764 vere,
1022 687 1232 769 potius
1277 706 1466 768 quam
1513 694 1872 771 spontanea,
1921 692 2150 756 dicitur
2198 694 2380 769 actio,
2436 694 2546 758 ubi
2594 695 2792 759 omnis

335 789 603 875 cognitio
652 788 831 864 desit,
864 807 987 854 non
1033 789 1237 854 solum
1266 788 1331 853 in
1376 790 1473 868 iis,
1500 810 1659 872 quae
1704 794 1983 875 qualibet
2029 796 2328 860 facultate
2361 797 2790 881 cognoscendi,

333 892 519 957 etiam
580 891 960 974 imperfecta,
1009 894 1259 955 carent:
1309 892 1411 956 sed
1474 895 1539 956 et
1582 894 1645 957 in
1695 896 1961 972 homine,
2011 898 2073 960 in
2123 916 2249 978 quo
2311 899 2518 982 plures
2581 902 2793 963 motus

333 996 575 1059 exstant
619 1012 785 1057 mere
828 993 1164 1070 naturaleS,
1198 993 1545 1059 cuiusmodi
1590 999 1737 1060 sunt
1785 1001 1962 1062 actus
2012 999 2254 1064 vitales,

433 1096 761 1161 Naturalis
816 1097 1025 1159 tamen
1079 1095 1307 1159 dicitur
1360 1097 1485 1161 alio
1541 1116 1721 1162 sensu
1786 1101 2064 1182 operatio
2119 1102 2452 1183 quaelibet,
2503 1122 2661 1184 quae
2709 1103 2793 1167 sit

333 1197 662 1263 conformis
692 1197 989 1279 cuiusque
1034 1198 1122 1261 rei
1166 1200 1455 1263 naturae:
1489 1200 1776 1280 quocirca
1807 1204 1871 1265 et
1901 1205 2111 1267 motus
2142 1202 2520 1268 deliberatus
2553 1204 2793 1269 dicetur

333 1300 573 1365 homini
618 1299 949 1364 naturalis.

975 1496 1032 1578 ξ.
1069 1497 1128 1559 2.
1162 1494 1265 1560 Dc
1309 1496 1656 1561 voluntarii
1684 1500 2164 1578 partitionibus.

432 1669 653 1750 Quoad
710 1670 1047 1735 voluntarii
1093 1671 1458 1754 partitiones
1513 1674 2004 1755 praenotandum
2065 1677 2131 1737 1⁰
2178 1675 2334 1740 alios
2389 1678 2527 1740 DD.
2586 1678 2792 1759 plures

333 1773 570 1850 habere,
606 1772 764 1838 alios
794 1771 1113 1856 pauciores
1158 1774 1552 1856 partitiones:
1588 1772 1657 1837 2⁰
1689 1793 1793 1839 eos
1840 1775 2077 1841 differre
2107 1780 2181 1840 ut
2226 1778 2568 1860 plurimum
2601 1780 2795 1844 etiam

333 1875 395 1940 in
425 1875 724 1941 tradenda
768 1876 1020 1941 notione
1050 1875 1381 1940 earundem
1427 1876 1859 1958 partitionum.
1893 1878 2187 1960 Aliquam
2235 1882 2448 1944 autem
2496 1880 2795 1963 adoptare

332 2000 571 2047 necesse
614 1984 730 2059 est,
779 1985 852 2047 ut
897 1984 1135 2046 certum
1189 1982 1351 2046 inter
1392 2000 1506 2046 nos
1560 1982 1663 2058 sit,
1712 2000 1898 2064 quem
1944 2003 2193 2048 sensum
2239 1987 2425 2050 verba
2473 1987 2785 2051 habeant:

331 2085 814 2150 communiorem
861 2088 1071 2150 autem
1103 2085 1166 2149 et
1211 2086 1764 2170 congruentiorem,
1801 2089 1985 2170 prout
2030 2088 2207 2152 nobis
2254 2088 2458 2153 visum
2508 2092 2621 2165 est,
2657 2109 2792 2172 par-

335 2186 525 2252 tiendi
570 2186 876 2253 rationem
923 2186 1243 2271 elegimus.

439 2318 569 2370 vm.
597 2313 946 2370 voluntarium
973 2313 1285 2380 distinguitur
1313 2316 1363 2382 a)
1385 2312 1434 2368 in
1460 2329 1799 2368 necessarimm
1825 2320 1874 2368 et
1917 2330 2144 2369 1100111111.
2177 2318 2328 2370 Actus
2369 2316 2634 2371 necessarii
2660 2324 2790 2384 sunt,

332 2404 391 2456 nd
418 2416 547 2469 quos
571 2403 801 2456 voluntas
827 2399 898 2454 sic
919 2404 1073 2453 fertur
1110 2407 1166 2453 ut
1202 2399 1450 2453 abstinere
1474 2402 1536 2452 ab
1560 2397 1624 2452 iis
1647 2414 1743 2452 non
1777 2399 1932 2465 possit
1943 2415 1957 2465 ;
1997 2402 2128 2465 quod
2168 2408 2328 2453 tamen
2366 2400 2416 2454 in
2452 2401 2649 2455 homine
2688 2401 2789 2454 vin·

334 2492 452 2554 tore,
475 2485 565 2552 qui
596 2491 711 2550 agat
747 2483 825 2538 sui
862 2498 1078 2551 compos,
1106 2486 1266 2550 quoad
1292 2497 1366 2546 es,
1397 2498 1524 2549 quae
1560 2491 1674 2538 sunt
1711 2485 1773 2537 ad
1812 2487 1971 2547 finem,
2001 2498 2244 2550 nunquam
2284 2483 2446 2539 evenit
2480 2490 2623 2551 atque
2662 2488 2787 2539 adeo

331 2574 449 2626 haec
486 2568 666 2625 divisio
705 2567 865 2624 omitti
889 2568 1034 2622 etiam
1072 2570 1215 2622 solet.
1242 2567 1407 2622 Liberi
1445 2574 1575 2633 sunt,
1623 2569 1683 2622 ad
1721 2583 1846 2635 quos
1883 2568 1949 2623 ita
1990 2572 2144 2623 fertur
2183 2569 2426 2635 voluntas,
2460 2575 2511 2624 nt
2551 2568 2781 2637 expedita

336 2663 496 2709 tamen
534 2653 580 2708 ei
619 2658 867 2707 remancat
906 2655 1111 2706 facultas
1149 2653 1212 2705 ad
1249 2666 1334 2705 eos
1374 2668 1467 2705 non
1508 2654 1776 2721 ponendos

427 2754 525 2829 15.
559 2756 735 2838 Quod
780 2756 923 2834 dixi,
957 2756 1116 2821 hanc
1161 2755 1560 2840 partitionem
1592 2755 1802 2821 omitti
1847 2757 2059 2832 solere,
2093 2757 2255 2822 ratio
2303 2758 2642 2823 manifesta
2676 2759 2789 2824 est.

419 2859 630 2926 Sermo
680 2862 775 2923 est
805 2859 968 2924 enim
1013 2878 1136 2923 non
1181 2858 1253 2923 de
1301 2862 1464 2937 actU,
1492 2878 1614 2942 quo
1663 2858 1846 2924 finem
1895 2861 2183 2925 volumus
2232 2864 2345 2925 aut
2390 2861 2791 2938 intendimuS,

329 2963 433 3029 sed
478 2964 552 3028 de
602 2962 863 3040 actibus,
898 2960 1003 3044 qui
1052 2964 1375 3026 versantur
1420 2962 1580 3026 circa
1625 2962 1847 3036 media,
1875 2963 2100 3045 quibus
2147 2962 2331 3028 finem
2380 2965 2791 3046 assequimur.

330 3067 519 3131 Porro
569 3065 731 3129 circa
776 3064 961 3128 finem
1008 3062 1222 3146 utique
1267 3063 1439 3129 nulla
1485 3065 1579 3128 est
1624 3066 2002 3129 consultatio
2051 3065 2178 3130 sive
2225 3066 2614 3140 deliberatiO,
2664 3067 2797 3148 qui-

332 3187 597 3250 cumque
643 3165 894 3230 tandem
949 3163 1032 3229 sit
1079 3163 1258 3229 finis:
1307 3168 1373 3229 at
1418 3168 1659 3248 praeter
1704 3166 1889 3229 finem
1937 3171 2000 3230 et
2046 3167 2293 3246 quidem
2353 3168 2792 3244 necessarium,

332 3270 487 3334 nihil
533 3270 651 3346 est,
686 3268 763 3332 ad
809 3267 973 3349 quod
1020 3267 1357 3332 necessario
1392 3267 1683 3331 voluntas
1730 3267 1982 3329 seratur.
2017 3266 2181 3348 Ergo
2229 3266 2442 3329 nullus
2475 3268 2569 3329 est
2616 3269 2795 3330 actus

334 3371 680 3437 voluntatis
728 3370 1103 3435 necessarius
1148 3368 1307 3432 circa
1352 3367 1553 3431 media
1602 3366 1678 3432 ad
1724 3367 1908 3430 finem
1955 3369 2017 3430 et
2062 3365 2307 3443 idcirce,
2342 3387 2482 3431 cum
2537 3367 2795 3434 scientia

334 3473 587 3539 moralis
621 3475 898 3538 versetur
921 3472 1080 3537 circa
1113 3474 1288 3536 actus
1321 3470 1400 3535 ad
1429 3470 1632 3546 finem,
1668 3468 1776 3550 qui
1809 3467 2146 3533 voluntarii
2176 3468 2264 3532 ita
2299 3472 2446 3534 sunt
2477 3472 2552 3534 ut
2584 3469 2795 3536 nullus

340 3575 423 3639 sit
466 3574 860 3653 necessariuS,
895 3594 1117 3639 nomen
1162 3570 1500 3637 voluntarii
1533 3571 1594 3635 in
1629 3591 1690 3635 re
1736 3571 1959 3636 morali
1991 3571 2361 3655 supponitur
2409 3591 2647 3656 semper
2687 3593 2795 3657 pro

336 3676 524 3742 libero
572 3682 637 3743 et
682 3696 803 3742 non
850 3675 1190 3742 voluntarii
1236 3693 1344 3759 pro
1392 3694 1513 3739 non
1560 3674 1772 3752 libero,
1809 3677 1880 3739 ut
1926 3674 2054 3739 iam
2097 3675 2477 3740 monuimus,

443 3794 492 3850 b)
523 3795 575 3846 ln
603 3805 899 3845 venri-:erun
927 3798 975 3844 et
1004 3805 1370 3844 IMPERFECTUM.
1400 3789 1611 3843 Prinmm
1637 3789 1834 3852 dicitur,
1863 3792 1992 3854 quod
2019 3791 2160 3857 plena
2200 3789 2479 3845 intellectus
2517 3790 2796 3856 cognitione

346 3879 397 3929 m
421 3892 475 3930 ac
501 3879 756 3931 voluntate
797 3889 998 3943 prorsus
1024 3875 1195 3928 libera.
1223 3875 1461 3936 Alterum,
1487 3876 1615 3939 quod
1643 3889 1703 3926 ex
1730 3872 2006 3937 cognitione
2033 3873 2312 3939 imperfecta
2342 3882 2390 3928 et
2417 3889 2480 3928 ex
2518 3875 2783 3941 semiplena

342 3960 692 4016 deliberatione
725 3958 961 4028 procedit,
989 3959 1062 4014 uti
1087 3958 1324 4024 contingit
1354 3959 1405 4012 in
1431 3958 1698 4028 repentinis
1723 3958 1914 4012 eventis
1940 3966 2023 4011 aut
2049 3958 2097 4011 in
2124 3973 2296 4023 magno
2318 3958 2464 4011 animi
2493 3967 2626 4011 motu
2649 3973 2696 4010 v.
2718 3974 2792 4022 gr.

346 4045 393 4099 in
427 4046 689 4113 zelotypis.

428 4154 526 4228 18.
562 4157 776 4238 Quoad
809 4158 968 4223 hanc
998 4157 1396 4241 partitionem
1428 4156 1757 4221 secundam
1788 4154 2053 4219 maxime
2093 4155 2462 4232 attenditur,
2500 4174 2578 4219 an
2609 4155 2792 4238 plena

344 4263 401 4325 et
443 4262 713 4344 perfecta
760 4260 843 4325 sit
888 4260 1160 4345 cognitio
1210 4263 1395 4343 atque
1444 4259 1595 4324 adeo
1642 4257 2000 4322 deliberatio
2049 4258 2336 4322 rationis,

442 4363 504 4427 Si
548 4382 621 4428 ea
670 4363 946 4448 cognitio
1004 4364 1167 4428 adsit
1223 4381 1294 4427 ac
1348 4361 1778 4427 deliberationi
1835 4360 1931 4424 illi
1989 4361 2163 4425 locus
2220 4361 2322 4437 sit,
2373 4362 2801 4426 voluntarium

346 4462 573 4529 dicetur
604 4464 944 4549 perfectum
977 4467 1039 4529 et
1070 4465 1369 4530 eiusmodi
1402 4465 1647 4547 quidem
1681 4462 1956 4548 cognitio
1988 4463 2324 4544 requiritur
2358 4463 2432 4527 ad
2477 4465 2800 4546 peccatum

348 4566 623 4641 mortale,
650 4566 797 4631 licet
828 4566 905 4631 ad
937 4586 1073 4630 eam
1104 4567 1603 4632 deliberationem
1635 4585 1758 4631 non
1791 4567 2062 4629 multum
2097 4565 2391 4648 temporis
2423 4564 2796 4646 requiratur,

348 4686 480 4732 cum
511 4669 827 4733 celerrime
859 4688 930 4732 ac
978 4669 1169 4734 veluti
1214 4669 1394 4734 unico
1441 4669 1704 4732 instanti
1734 4669 1866 4732 fieri
1912 4669 1972 4733 id
2005 4669 2218 4752 possit.
2268 4667 2422 4730 Hcic
2452 4686 2573 4730 non
2607 4663 2804 4730 habet
