3529 5158
332 346 471 421 [538]
544 359 929 401 onnam-Ario
968 360 1211 402 monosA
1250 360 1374 402 cua
1412 356 1753 399 racemum.
1795 354 2046 403 QUANDO
2085 355 2195 395 nsr
2231 356 2316 396 nn
2352 357 2424 397 sn
2463 359 2634 400 mana
2690 347 2798 401 495

332 458 503 522 dam:
541 457 698 521 unde
743 457 890 522 licet
934 458 1008 536 is,
1059 458 1166 540 qui
1217 458 1304 521 sic
1352 455 1717 527 delectatur,
1768 472 1889 517 non
1928 453 2210 517 intendat
2258 472 2430 536 opus,
2482 457 2627 538 quia
2675 476 2795 522 non

332 560 577 642 respicit
613 560 1102 635 exsecutionem;
1139 549 1354 624 tamen
1387 576 1599 622 revera
1631 556 1787 620 illud
1821 556 1994 619 amat
2031 556 2366 620 secundum
2398 576 2464 621 se
2495 583 2556 621 ».

414 660 576 725 Hinc
613 663 1073 745 argumentum,
1110 661 1273 744 quod
1308 660 1629 744 Laymann
1670 658 1849 722 affert
1879 658 2025 721 ibid.
2062 679 2120 721 n.
2157 660 2218 722 4.
2255 660 2327 722 ut
2359 661 2577 742 probet
2609 681 2800 726 asser-

330 763 559 828 tionem
592 788 625 821 «
664 763 877 827 Omnis
910 763 1238 828 delectatio
1278 763 1508 826 directe
1546 762 1610 824 et
1641 779 1922 844 expresse
1959 761 2314 825 voluntaria
2356 761 2431 824 de
2477 783 2657 843 opere
2701 784 2797 828 se—

328 866 593 929 cundum
638 886 703 928 se
751 865 935 938 male,
969 866 1256 930 similiter
1303 865 1469 928 mala
1518 866 1615 928 est
1645 888 1705 927 ».
1742 864 1842 928 Ita
1892 864 2056 926 enim
2104 865 2348 949 arguit:
2375 890 2410 923 «ι
2442 866 2794 931 Deliberate

328 948 623 1032 delectare·
666 968 739 1031 de
787 988 964 1048 opere
1008 967 1470 1048 fornicationis,
1515 987 1586 1032 ex
1634 967 1914 1031 omnium
1961 967 2267 1032 sententia
2324 969 2422 1032 est
2473 971 2793 1052 peccatum

327 1072 604 1137 mortale.
642 1071 805 1156 Ergo
839 1073 1031 1136 etiam
1070 1070 1368 1135 delectari
1395 1070 1470 1134 de
1505 1069 1635 1133 alio
1667 1070 1884 1151 quovis
1915 1089 2114 1149 opere,
2147 1071 2312 1151 quod
2360 1072 2697 1137 secundum
2729 1091 2794 1137 se

327 1174 676 1240 mortaliter
708 1175 946 1238 malum
978 1175 1073 1238 est
1104 1198 1165 1237 ι».

412 1278 492 1341 Et
522 1277 773 1341 Lessius
810 1276 918 1340 lib.
956 1277 1015 1340 4.
1053 1296 1184 1359 cap.
1222 1277 1281 1338 3.
1328 1296 1385 1338 n.
1433 1274 1612 1338 107.:
1647 1297 1682 1331 «
1705 1274 2150 1338 Immediatnm
2183 1275 2492 1339 obiectum
2535 1275 2797 1340 delecta—

327 1379 511 1444 tionis
551 1382 647 1442 est
692 1380 827 1462 ipsa
875 1399 969 1443 res
1017 1378 1432 1463 imaginata...
1468 1376 1644 1441 Unde
1676 1377 1768 1455 fit,
1804 1378 1877 1441 ut
1908 1377 2058 1441 haec
2106 1377 2437 1441 delectatio
2485 1378 2569 1442 sit
2614 1379 2795 1461 plane

323 1482 545 1545 similis
594 1481 705 1556 illi,
757 1501 914 1563 quae
962 1500 1034 1545 ex
1079 1481 1167 1545 rei
1220 1479 1569 1564 praesentia
1617 1482 1681 1543 et
1728 1479 1962 1544 actuali
2008 1479 2301 1542 fruitione
2349 1481 2686 1562 percipitur
2731 1483 2794 1545 et

323 1584 605 1664 sequitur
632 1603 710 1646 ea:
740 1582 968 1661 affectu
1001 1586 1062 1644 et
1100 1602 1311 1646 amore
1343 1602 1495 1663 crya
1525 1602 1658 1644 rem
1687 1583 1896 1660 ipsam
1927 1606 1987 1643 ».

409 1685 539 1749 Nec
587 1685 769 1748 aliter
824 1685 902 1748 ad
959 1684 1216 1748 eandem
1265 1684 1494 1747 thesim
1539 1683 1910 1746 firmandam
1959 1683 2233 1766 arguunt
2280 1681 2794 1749 Salmanticenses

323 1790 505 1853 tract.
544 1790 648 1850 20.
677 1807 809 1870 cap.
843 1788 944 1850 13.
973 1808 1030 1851 n.
1061 1788 1203 1850 33.:
1239 1813 1273 1844 «
1300 1786 1745 1851 Delectationis
1794 1788 1972 1850 actus
2004 1787 2104 1849 est
2130 1788 2340 1851 motus
2381 1787 2442 1850 in
2484 1788 2793 1853 obiectum

322 1908 607 1973 pravum,
643 1888 805 1952 sicut
830 1889 1030 1952 tendit
1059 1890 1126 1953 in
1157 1888 1312 1952 illud
1348 1889 1510 1952 actio
1545 1896 1794 1951 externa
1828 1906 2189 1969 exsequens;
2216 1889 2320 1951 sed
2355 1889 2517 1953 actio
2544 1892 2793 1954 externa

319 2009 657 2072 exsequens
693 1990 1003 2054 obiectum
1029 2010 1293 2074 pravum
1318 1991 1513 2054 sumit
1537 1990 1850 2054 malitiam
1883 1991 1959 2053 ab
1984 1991 2114 2054 illo.
2143 1991 2306 2074 Ergo
2332 1995 2492 2056 etc...
2523 1991 2790 2057 Rursus:

324 2093 671 2157 Delectatio
720 2094 1167 2175 praesupponit
1203 2094 1265 2156 in
1313 2093 1638 2157 voluntate
1678 2093 1967 2157 affectum
2014 2093 2204 2168 illius,
2245 2093 2318 2155 de
2351 2113 2474 2174 quo
2513 2095 2609 2158 est
2637 2095 2794 2158 dele-

322 2195 551 2268 ctatio;
603 2213 750 2278 ergo
803 2196 910 2276 qui
957 2196 1303 2259 delectatur
1335 2195 1408 2258 de
1448 2196 1657 2277 aliquo
1707 2195 1946 2259 obiecto
1985 2195 2238 2258 mortali
2285 2195 2473 2259 habet
2505 2197 2793 2261 affectum

323 2299 396 2362 ad
440 2297 635 2362 illud:
685 2297 791 2362 sed
828 2298 1052 2362 habere
1086 2296 1377 2376 affectum
1408 2297 1821 2361 deliberatum
1853 2299 1928 2362 ad
1970 2298 2279 2362 obiectum
2313 2297 2603 2362 illicitum
2634 2318 2795 2364 mor-

324 2400 531 2464 taliter
580 2402 676 2464 est
726 2403 1053 2483 peccatum
1100 2401 1402 2478 mortale;
1454 2420 1600 2484 ergo
1651 2401 1851 2466 omnis
1899 2400 2228 2465 delectatio
2274 2419 2522 2465 morosa
2571 2402 2794 2467 obiecti

326 2503 606 2567 mortalis
654 2504 750 2567 est
796 2507 1116 2587 peccatum
1164 2505 1430 2568 mortale
1462 2529 1523 2567 ».

412 2600 584 2676 537.
640 2608 880 2688 Itaque,
932 2609 1006 2671 ut
1053 2607 1209 2672 alios
1258 2609 1392 2672 DD.
1435 2608 1824 2683 omittamuS,
1877 2609 1936 2672 in
1985 2608 2246 2673 eundem
2292 2628 2542 2673 sensum
2588 2609 2793 2693 dispu-

329 2707 545 2784 tantes,
596 2710 775 2791 patet
822 2729 893 2773 ex
938 2710 1124 2789 hisce,
1165 2710 1331 2774 haud
1364 2712 1597 2775 rectam
1637 2730 1768 2775 esse
1799 2730 2102 2785 normam,
2138 2729 2260 2791 qua
2294 2710 2367 2773 de
2397 2711 2658 2776 internis
2695 2731 2792 2777 co-

328 2810 702 2887 gitationum
730 2813 995 2894 peccatis
1012 2813 1264 2895 quidam
1292 2813 1481 2898 vulgo
1506 2814 1878 2899 generaliter
1901 2815 2212 2888 statuunt,
2239 2815 2516 2897 graviter
2531 2816 2787 2900 peccari,

327 2914 563 2992 quoties
604 2913 744 2995 quis
792 2916 1040 2997 turpem
1073 2916 1347 2997 aliquam
1380 2918 1827 2999 cogitationem
1865 2937 1986 2981 non
2020 2918 2239 2984 statim
2287 2919 2508 2995 reiicit,
2544 2920 2650 2984 sed
2687 2938 2791 2984 vo-

326 3014 586 3080 luntarie
636 3015 879 3080 retinet.
922 3017 1017 3081 Ad
1052 3020 1373 3100 peccatum
1407 3021 1570 3083 enim
1604 3020 2031 3084 delectationis
2081 3040 2363 3086 morosae
2409 3021 2790 3083 necessarius

329 3118 419 3179 est
461 3137 793 3183 consensus
840 3118 905 3181 in
954 3120 1242 3183 affectum
1291 3141 1435 3204 erga
1484 3141 1612 3184 rem
1653 3121 1887 3183 malam
1937 3122 2280 3204 cogitatam
2314 3141 2422 3184 seu
2455 3121 2648 3182 libera
2696 3120 2794 3184 de-

328 3218 572 3285 lectatio
607 3221 681 3284 de
713 3240 776 3284 re
809 3222 995 3297 mala,
1039 3242 1197 3303 quae
1231 3242 1335 3305 per
1376 3223 1822 3305 cogitationem
1853 3222 1928 3285 fit
1959 3242 2264 3304 praesens.
2305 3223 2370 3285 Id
2407 3221 2568 3285 enim
2611 3222 2791 3303 plane

330 3321 590 3385 resultat
626 3341 697 3386 ex
729 3322 939 3387 allatis
973 3342 1021 3387 s.
1057 3324 1334 3387 Thomae
1368 3325 1430 3387 et
1464 3324 1730 3387 aliorum
1766 3326 1900 3387 DD.
1935 3323 2252 3388 doctrinis.

421 3418 590 3495 538.
617 3427 701 3491 At
726 3427 889 3490 enim
915 3427 1254 3508 quaeritur,
1281 3427 1525 3507 quando
1552 3426 1950 3491 iudicandum
1976 3427 2077 3504 sit,
2106 3427 2577 3491 delectationem
2603 3424 2792 3488 fuisse

329 3525 400 3590 de
430 3528 559 3592 sola
593 3528 975 3614 cogitatione
1008 3528 1097 3592 rei
1131 3530 1351 3603 malae,
1387 3548 1507 3593 non
1543 3532 1755 3593 autem
1794 3529 1868 3593 de
1899 3549 1965 3593 re
1998 3531 2165 3594 mala
2197 3530 2495 3615 cogitata.

415 3628 474 3693 S.
508 3632 783 3695 Thomas
832 3651 967 3714 sup.
1005 3653 1062 3695 n.
1098 3633 1203 3695 92.
1238 3632 1502 3697 monuit.
1538 3632 1659 3696 duo
1694 3632 1845 3697 haec
1876 3634 1938 3697 in
1971 3634 2343 3717 quibusdam
2376 3633 2618 3698 actibus
2664 3651 2792 3695 ma-

332 3731 541 3797 nifeste
579 3733 821 3798 differre
855 3737 915 3798 et
951 3735 1159 3816 aperte
1195 3734 1524 3819 distingui:
1559 3735 1710 3798 «sed
1747 3736 2008 3821 (inquit)
2042 3737 2344 3801 eiusmodi
2377 3736 2694 3800 distinctio
2726 3735 2786 3797 in

330 3834 702 3918 cogitatione
735 3835 808 3899 de
842 3836 1113 3918 peccatis
1147 3837 1346 3900 carnis
1378 3837 1580 3921 magis
1611 3838 1804 3913 latet;
1847 3857 1917 3902 eo
1951 3840 2115 3921 quod
2143 3839 2218 3902 ad
2243 3839 2436 3902 talem
2466 3835 2794 3919 cogitatio-

333 3956 463 4000 nem
494 3940 714 4003 statim
747 3938 1032 4018 sequitur
1064 3940 1274 4003 motus
1324 3939 1384 4002 in
1433 3942 1893 4023 concupiscibili
1926 3962 1998 4006 ex
2029 3942 2178 4024 ipsis
2218 3938 2794 4023 concupiscibilibus

331 4042 617 4107 causatus
643 4068 705 4104 ».
732 4041 805 4105 In
847 4041 1071 4124 quibus
1105 4061 1153 4105 s.
1182 4042 1417 4106 Doctor
1448 4062 1570 4107 non
1601 4046 1794 4127 negat
1823 4064 1894 4107 ea
1927 4043 2248 4128 distingui,
2283 4042 2389 4107 sed
2417 4041 2556 4105 ideo
2595 4042 2799 4125 magis

331 4141 515 4207 latere
547 4144 1013 4208 distinctionem
1059 4143 1241 4220 dicit3
1298 4145 1446 4226 quia
1496 4165 1638 4210 cum
1686 4145 1988 4229 cogitatio
2028 4165 2140 4229 par
2177 4147 2261 4210 sit
2300 4145 2376 4209 ad
2409 4144 2799 4209 excitandum

332 4247 567 4309 motum
625 4246 941 4329 appetitus
998 4247 1497 4330 concupiscibilis
1547 4248 1737 4311 etiam
1787 4248 2031 4329 quando
2080 4249 2391 4331 quispiam
2447 4265 2569 4311 non
2616 4246 2690 4311 de
2735 4267 2801 4311 re

332 4346 491 4411 mala
540 4347 821 4433 cogitata
861 4347 1222 4427 delectatur,
1258 4350 1364 4414 sed
1396 4351 1601 4415 solum
1634 4351 1708 4415 de
1747 4351 2147 4435 cogitatione,
2189 4350 2326 4415 ideo
2358 4349 2474 4414 hac
2505 4350 2568 4413 in
2601 4369 2665 4413 re
2695 4350 2801 4414 ha-

332 4448 506 4513 betur
537 4450 790 4515 effectus
822 4450 928 4514 ille
962 4470 1033 4515 ex
1064 4453 1197 4517 sola
1232 4454 1630 4537 cogitatione,
1674 4455 1780 4535 qui
1819 4455 1882 4518 in
1931 4454 2070 4517 aliis
2117 4436 2400 4518 materiis
2433 4453 2644 4517 haberi
2677 4472 2796 4518 non

330 4553 502 4628 solet,
538 4554 661 4617 nisi
707 4574 849 4618 cum
897 4554 1036 4635 quis
1084 4554 1156 4617 de
1188 4574 1252 4619 re
1286 4557 1419 4638 ipsa
1457 4559 1621 4620 mala
1657 4557 2034 4633 delectatum
2069 4576 2180 4620 seu
2225 4557 2467 4633 melius,
2506 4557 2653 4637 quia
2684 4556 2796 4619 dif-
