<?xml version="1.0" encoding="UTF-8"?>
<!DOCTYPE html PUBLIC "-//W3C//DTD XHTML 1.0 Transitional//EN"
    "http://www.w3.org/TR/xhtml1/DTD/xhtml1-transitional.dtd">
<html xmlns="http://www.w3.org/1999/xhtml" xml:lang="en" lang="en">
 <head>
  <title>
</title>
<meta http-equiv="Content-Type" content="text/html;charset=utf-8" />
  <meta name='ocr-system' content='tesseract 3.04.00' />
  <meta name='ocr-capabilities' content='ocr_page ocr_carea ocr_par ocr_line ocrx_word'/>
</head>
<body>
  <div class='ocr_page' id='page_1' title='image "./opustheologicum00palmgoog/opustheologicum00palmgoog_0758.png"; bbox 0 0 3529 5158; ppageno 0'>
   <div class='ocr_carea' id='block_1_1' title="bbox 1125 368 2826 425">
    <p class='ocr_par' dir='ltr' id='par_1_1' title="bbox 1125 368 2826 425">
     <span class='ocr_line' id='line_1_1' title="bbox 1125 368 2826 425; baseline -0.001 -1"><span class='ocrx_word' id='word_1_1' title='bbox 1125 384 1210 424; x_wconf 69' lang='lat' dir='ltr'>ma</span> <span class='ocrx_word' id='word_1_2' title='bbox 1248 383 1458 424; x_wconf 68' lang='lat' dir='ltr'>unum</span> <span class='ocrx_word' id='word_1_3' title='bbox 1495 382 1541 425; x_wconf 85' lang='lat' dir='ltr'>s.</span> <span class='ocrx_word' id='word_1_4' title='bbox 1581 382 1885 425; x_wconf 71' lang='lat' dir='ltr'>ALPnonsr</span> <span class='ocrx_word' id='word_1_5' title='bbox 1923 384 2054 425; x_wconf 70' lang='lat' dir='ltr'>mc.</span> <span class='ocrx_word' id='word_1_6' title='bbox 2718 368 2826 423; x_wconf 77' lang='lat'>665</span> 
     </span>
    </p>
   </div>
   <div class='ocr_carea' id='block_1_2' title="bbox 348 478 2826 4664">
    <p class='ocr_par' dir='ltr' id='par_1_2' title="bbox 356 478 2826 975">
     <span class='ocr_line' id='line_1_2' title="bbox 359 478 2826 566; baseline -0.002 -19"><span class='ocrx_word' id='word_1_7' title='bbox 359 483 580 547; x_wconf 86' lang='lat' dir='ltr'>babilis</span> <span class='ocrx_word' id='word_1_8' title='bbox 613 486 677 547; x_wconf 93' lang='lat' dir='ltr'>et</span> <span class='ocrx_word' id='word_1_9' title='bbox 708 482 974 566; x_wconf 86' lang='lat' dir='ltr'>practice</span> <span class='ocrx_word' id='word_1_10' title='bbox 1001 500 1145 546; x_wconf 88' lang='lat' dir='ltr'>vera</span> <span class='ocrx_word' id='word_1_11' title='bbox 1169 505 1229 543; x_wconf 86' lang='lat'>».</span> <span class='ocrx_word' id='word_1_12' title='bbox 1262 480 1682 545; x_wconf 80' lang='lat' dir='ltr'>Veruntamen</span> <span class='ocrx_word' id='word_1_13' title='bbox 1718 482 1771 545; x_wconf 87' lang='lat' dir='ltr'>si</span> <span class='ocrx_word' id='word_1_14' title='bbox 1802 481 2011 545; x_wconf 88' lang='lat' dir='ltr'>locum</span> <span class='ocrx_word' id='word_1_15' title='bbox 2035 478 2353 543; x_wconf 85' lang='lat' dir='ltr'>Verricelli</span> <span class='ocrx_word' id='word_1_16' title='bbox 2379 479 2457 542; x_wconf 91' lang='lat' dir='ltr'>ab</span> <span class='ocrx_word' id='word_1_17' title='bbox 2489 479 2650 543; x_wconf 84' lang='lat' dir='ltr'>Viva</span> <span class='ocrx_word' id='word_1_18' title='bbox 2682 480 2826 544; x_wconf 89' lang='lat' dir='ltr'>alle—</span> 
     </span>
     <span class='ocr_line' id='line_1_3' title="bbox 356 582 2825 670; baseline -0.002 -20"><span class='ocrx_word' id='word_1_19' title='bbox 356 587 581 670; x_wconf 85' lang='lat' dir='ltr'>gatum</span> <span class='ocrx_word' id='word_1_20' title='bbox 618 585 812 651; x_wconf 88' lang='lat' dir='ltr'>oculis</span> <span class='ocrx_word' id='word_1_21' title='bbox 839 584 965 648; x_wconf 91' lang='lat' dir='ltr'>tuis</span> <span class='ocrx_word' id='word_1_22' title='bbox 1002 583 1312 667; x_wconf 87' lang='lat' dir='ltr'>inspicias,</span> <span class='ocrx_word' id='word_1_23' title='bbox 1348 583 1511 648; x_wconf 88' lang='lat' dir='ltr'>hunc</span> <span class='ocrx_word' id='word_1_24' title='bbox 1542 601 1789 665; x_wconf 91' lang='lat' dir='ltr'>quoque</span> <span class='ocrx_word' id='word_1_25' title='bbox 1825 582 2087 665; x_wconf 80' lang='lat' dir='ltr'><strong>reperies</strong></span> <span class='ocrx_word' id='word_1_26' title='bbox 2112 583 2175 645; x_wconf 92' lang='lat' dir='ltr'>in</span> <span class='ocrx_word' id='word_1_27' title='bbox 2207 582 2507 646; x_wconf 89' lang='lat' dir='ltr'>sermonis</span> <span class='ocrx_word' id='word_1_28' title='bbox 2533 583 2825 646; x_wconf 83' lang='lat' dir='ltr'>contextu</span> 
     </span>
     <span class='ocr_line' id='line_1_4' title="bbox 358 684 2824 752; baseline -0.002 0"><span class='ocrx_word' id='word_1_29' title='bbox 358 688 449 751; x_wconf 90' lang='lat' dir='ltr'>ita</span> <span class='ocrx_word' id='word_1_30' title='bbox 482 689 663 752; x_wconf 85' lang='lat' dir='ltr'>caute</span> <span class='ocrx_word' id='word_1_31' title='bbox 694 685 1295 752; x_wconf 88' lang='lat' dir='ltr'>ciscumscribentem</span> <span class='ocrx_word' id='word_1_32' title='bbox 1331 704 1476 749; x_wconf 88' lang='lat' dir='ltr'>suas</span> <span class='ocrx_word' id='word_1_33' title='bbox 1508 685 1581 749; x_wconf 90' lang='lat' dir='ltr'>de</span> <span class='ocrx_word' id='word_1_34' title='bbox 1622 686 2000 750; x_wconf 84' lang='lat' dir='ltr'>auctoritate</span> <span class='ocrx_word' id='word_1_35' title='bbox 2037 684 2222 748; x_wconf 89' lang='lat' dir='ltr'>unius</span> <span class='ocrx_word' id='word_1_36' title='bbox 2255 684 2526 748; x_wconf 88' lang='lat' dir='ltr'>auctoris</span> <span class='ocrx_word' id='word_1_37' title='bbox 2564 684 2824 748; x_wconf 89' lang='lat' dir='ltr'>recentis</span> 
     </span>
     <span class='ocr_line' id='line_1_5' title="bbox 358 786 2824 873; baseline -0.002 -18"><span class='ocrx_word' id='word_1_38' title='bbox 358 789 693 873; x_wconf 88' lang='lat' dir='ltr'>opiniones,</span> <span class='ocrx_word' id='word_1_39' title='bbox 728 792 802 854; x_wconf 90' lang='lat' dir='ltr'>ut</span> <span class='ocrx_word' id='word_1_40' title='bbox 848 788 1005 853; x_wconf 92' lang='lat' dir='ltr'>nihil</span> <span class='ocrx_word' id='word_1_41' title='bbox 1049 788 1251 871; x_wconf 88' lang='lat' dir='ltr'>reipsa</span> <span class='ocrx_word' id='word_1_42' title='bbox 1298 786 1487 851; x_wconf 90' lang='lat' dir='ltr'>distet</span> <span class='ocrx_word' id='word_1_43' title='bbox 1535 806 1571 851; x_wconf 86' lang='lat' dir='ltr'>a</span> <span class='ocrx_word' id='word_1_44' title='bbox 1618 788 1928 852; x_wconf 89' lang='lat' dir='ltr'>sententia</span> <span class='ocrx_word' id='word_1_45' title='bbox 1974 787 2248 863; x_wconf 87' lang='lat' dir='ltr'>illorum,</span> <span class='ocrx_word' id='word_1_46' title='bbox 2284 804 2440 868; x_wconf 91' lang='lat' dir='ltr'>quos</span> <span class='ocrx_word' id='word_1_47' title='bbox 2488 787 2617 870; x_wconf 90' lang='lat' dir='ltr'>ipse</span> <span class='ocrx_word' id='word_1_48' title='bbox 2665 786 2824 851; x_wconf 86' lang='lat' dir='ltr'>Viva</span> 
     </span>
     <span class='ocr_line' id='line_1_6' title="bbox 357 889 2001 975; baseline -0.001 -20"><span class='ocrx_word' id='word_1_49' title='bbox 357 891 584 957; x_wconf 83' lang='lat' dir='ltr'>ibidem</span> <span class='ocrx_word' id='word_1_50' title='bbox 631 910 669 956; x_wconf 88' lang='lat' dir='ltr'>a</span> <span class='ocrx_word' id='word_1_51' title='bbox 714 890 1028 975; x_wconf 86' lang='lat' dir='ltr'>praedicta</span> <span class='ocrx_word' id='word_1_52' title='bbox 1071 889 1212 953; x_wconf 89' lang='lat' dir='ltr'>labe</span> <span class='ocrx_word' id='word_1_53' title='bbox 1260 890 1566 954; x_wconf 88' lang='lat' dir='ltr'>immunes</span> <span class='ocrx_word' id='word_1_54' title='bbox 1613 890 2001 973; x_wconf 75' lang='lat' dir='ltr'>pronunciat.</span> 
     </span>
    </p>

    <p class='ocr_par' dir='ltr' id='par_1_3' title="bbox 350 991 2825 2098">
     <span class='ocr_line' id='line_1_7' title="bbox 444 991 2821 1077; baseline -0.002 -18"><span class='ocrx_word' id='word_1_55' title='bbox 444 995 607 1058; x_wconf 89' lang='lat' dir='ltr'>Hinc</span> <span class='ocrx_word' id='word_1_56' title='bbox 652 1012 797 1059; x_wconf 83' lang='lat' dir='ltr'>vero</span> <span class='ocrx_word' id='word_1_57' title='bbox 852 1011 965 1077; x_wconf 88' lang='lat' dir='ltr'>par</span> <span class='ocrx_word' id='word_1_58' title='bbox 1015 993 1111 1057; x_wconf 85' lang='lat' dir='ltr'>est</span> <span class='ocrx_word' id='word_1_59' title='bbox 1163 1010 1378 1057; x_wconf 88' lang='lat' dir='ltr'>rursus</span> <span class='ocrx_word' id='word_1_60' title='bbox 1433 992 1813 1068; x_wconf 81' lang='lat' dir='ltr'>concludere,</span> <span class='ocrx_word' id='word_1_61' title='bbox 1863 992 2085 1056; x_wconf 89' lang='lat' dir='ltr'>merito</span> <span class='ocrx_word' id='word_1_62' title='bbox 2149 991 2399 1073; x_wconf 89' lang='lat' dir='ltr'>quidem</span> <span class='ocrx_word' id='word_1_63' title='bbox 2459 991 2821 1074; x_wconf 82' lang='lat' dir='ltr'>reprehendi</span> 
     </span>
     <span class='ocr_line' id='line_1_8' title="bbox 352 1093 2822 1179; baseline -0.001 -18"><span class='ocrx_word' id='word_1_64' title='bbox 352 1097 654 1179; x_wconf 85' lang='lat' dir='ltr'>quasdam</span> <span class='ocrx_word' id='word_1_65' title='bbox 702 1095 941 1161; x_wconf 87' lang='lat' dir='ltr'>dicendi</span> <span class='ocrx_word' id='word_1_66' title='bbox 999 1095 1322 1167; x_wconf 86' lang='lat' dir='ltr'>formulas,</span> <span class='ocrx_word' id='word_1_67' title='bbox 1370 1095 1738 1177; x_wconf 86' lang='lat' dir='ltr'>praesertim</span> <span class='ocrx_word' id='word_1_68' title='bbox 1787 1095 1838 1159; x_wconf 92' lang='lat' dir='ltr'>si</span> <span class='ocrx_word' id='word_1_69' title='bbox 1886 1095 2086 1158; x_wconf 88' lang='lat' dir='ltr'>instar</span> <span class='ocrx_word' id='word_1_70' title='bbox 2146 1094 2450 1178; x_wconf 83' lang='lat' dir='ltr'>generalis</span> <span class='ocrx_word' id='word_1_71' title='bbox 2499 1093 2822 1158; x_wconf 87' lang='lat' dir='ltr'>cuiusdam</span> 
     </span>
     <span class='ocr_line' id='line_1_9' title="bbox 354 1196 2824 1282; baseline -0.001 -19"><span class='ocrx_word' id='word_1_72' title='bbox 354 1198 637 1282; x_wconf 89' lang='lat' dir='ltr'>principii</span> <span class='ocrx_word' id='word_1_73' title='bbox 667 1200 1064 1281; x_wconf 77' lang='lat' dir='ltr'>usurpentur,</span> <span class='ocrx_word' id='word_1_74' title='bbox 1098 1198 1436 1279; x_wconf 88' lang='lat' dir='ltr'>utcumque</span> <span class='ocrx_word' id='word_1_75' title='bbox 1469 1200 1774 1273; x_wconf 75' lang='lat' dir='ltr'>auctoreS,</span> <span class='ocrx_word' id='word_1_76' title='bbox 1809 1196 1885 1260; x_wconf 88' lang='lat' dir='ltr'>iis</span> <span class='ocrx_word' id='word_1_77' title='bbox 1916 1197 2183 1271; x_wconf 80' lang='lat' dir='ltr'>utenteS,</span> <span class='ocrx_word' id='word_1_78' title='bbox 2218 1196 2630 1260; x_wconf 87' lang='lat' dir='ltr'>communiter</span> <span class='ocrx_word' id='word_1_79' title='bbox 2681 1196 2824 1261; x_wconf 91' lang='lat' dir='ltr'>illas</span> 
     </span>
     <span class='ocr_line' id='line_1_10' title="bbox 350 1297 2823 1384; baseline -0.002 -19"><span class='ocrx_word' id='word_1_80' title='bbox 350 1320 630 1384; x_wconf 82' lang='lat' dir='ltr'>expresse</span> <span class='ocrx_word' id='word_1_81' title='bbox 674 1300 890 1366; x_wconf 87' lang='lat' dir='ltr'>deinde</span> <span class='ocrx_word' id='word_1_82' title='bbox 951 1299 1253 1382; x_wconf 76' lang='lat' dir='ltr'>explicent</span> <span class='ocrx_word' id='word_1_83' title='bbox 1300 1301 1365 1363; x_wconf 90' lang='lat' dir='ltr'>et</span> <span class='ocrx_word' id='word_1_84' title='bbox 1410 1300 1763 1382; x_wconf 76' lang='lat' dir='ltr'>proponant</span> <span class='ocrx_word' id='word_1_85' title='bbox 1809 1300 2156 1381; x_wconf 90' lang='lat' dir='ltr'>opportune</span> <span class='ocrx_word' id='word_1_86' title='bbox 2202 1297 2702 1380; x_wconf 87' lang='lat' dir='ltr'>circumscriptas</span> <span class='ocrx_word' id='word_1_87' title='bbox 2751 1317 2823 1363; x_wconf 90' lang='lat' dir='ltr'>ac</span> 
     </span>
     <span class='ocr_line' id='line_1_11' title="bbox 354 1400 2823 1487; baseline -0.001 -20"><span class='ocrx_word' id='word_1_88' title='bbox 354 1403 606 1487; x_wconf 85' lang='lat' dir='ltr'>proinde</span> <span class='ocrx_word' id='word_1_89' title='bbox 652 1422 700 1467; x_wconf 87' lang='lat' dir='ltr'>s.</span> <span class='ocrx_word' id='word_1_90' title='bbox 749 1402 1140 1486; x_wconf 86' lang='lat' dir='ltr'>Alphonsnm</span> <span class='ocrx_word' id='word_1_91' title='bbox 1186 1400 1466 1465; x_wconf 75' lang='lat' dir='ltr'>docuisse</span> <span class='ocrx_word' id='word_1_92' title='bbox 1528 1400 2005 1483; x_wconf 80' lang='lat' dir='ltr'>sapientissime,</span> <span class='ocrx_word' id='word_1_93' title='bbox 2056 1400 2394 1465; x_wconf 85' lang='lat' dir='ltr'>formulam</span> <span class='ocrx_word' id='word_1_94' title='bbox 2440 1400 2823 1484; x_wconf 90' lang='lat' dir='ltr'>proponendi</span> 
     </span>
     <span class='ocr_line' id='line_1_12' title="bbox 356 1503 2825 1591; baseline -0.001 -21"><span class='ocrx_word' id='word_1_95' title='bbox 356 1507 629 1591; x_wconf 82' lang='lat' dir='ltr'>systema</span> <span class='ocrx_word' id='word_1_96' title='bbox 658 1506 895 1570; x_wconf 89' lang='lat' dir='ltr'>morale</span> <span class='ocrx_word' id='word_1_97' title='bbox 925 1503 1425 1570; x_wconf 91' lang='lat' dir='ltr'>communissime</span> <span class='ocrx_word' id='word_1_98' title='bbox 1464 1506 1779 1585; x_wconf 89' lang='lat' dir='ltr'>receptum</span> <span class='ocrx_word' id='word_1_99' title='bbox 1803 1503 1894 1568; x_wconf 86' lang='lat' dir='ltr'>ita</span> <span class='ocrx_word' id='word_1_100' title='bbox 1913 1522 2191 1586; x_wconf 81' lang='lat' dir='ltr'>expresse</span> <span class='ocrx_word' id='word_1_101' title='bbox 2216 1522 2346 1568; x_wconf 89' lang='lat' dir='ltr'>esse</span> <span class='ocrx_word' id='word_1_102' title='bbox 2373 1503 2681 1568; x_wconf 87' lang='lat' dir='ltr'>limitibus</span> <span class='ocrx_word' id='word_1_103' title='bbox 2712 1504 2825 1567; x_wconf 90' lang='lat' dir='ltr'>cir-</span> 
     </span>
     <span class='ocr_line' id='line_1_13' title="bbox 352 1605 2825 1688; baseline -0.001 -16"><span class='ocrx_word' id='word_1_104' title='bbox 352 1606 902 1683; x_wconf 84' lang='lat' dir='ltr'>cumscribendam,</span> <span class='ocrx_word' id='word_1_105' title='bbox 934 1608 1009 1670; x_wconf 88' lang='lat' dir='ltr'>ut</span> <span class='ocrx_word' id='word_1_106' title='bbox 1046 1608 1195 1670; x_wconf 91' lang='lat' dir='ltr'>tunc</span> <span class='ocrx_word' id='word_1_107' title='bbox 1242 1605 1448 1669; x_wconf 91' lang='lat' dir='ltr'>solum</span> <span class='ocrx_word' id='word_1_108' title='bbox 1492 1605 1679 1669; x_wconf 87' lang='lat' dir='ltr'>liceat</span> <span class='ocrx_word' id='word_1_109' title='bbox 1726 1606 2016 1687; x_wconf 84' lang='lat' dir='ltr'>amplecti</span> <span class='ocrx_word' id='word_1_110' title='bbox 2066 1605 2418 1688; x_wconf 88' lang='lat' dir='ltr'>opinionem</span> <span class='ocrx_word' id='word_1_111' title='bbox 2448 1606 2656 1670; x_wconf 90' lang='lat' dir='ltr'>minus</span> <span class='ocrx_word' id='word_1_112' title='bbox 2687 1623 2825 1687; x_wconf 93' lang='lat' dir='ltr'>pro-</span> 
     </span>
     <span class='ocr_line' id='line_1_14' title="bbox 354 1706 2821 1791; baseline 0 -19"><span class='ocrx_word' id='word_1_113' title='bbox 354 1709 624 1773; x_wconf 89' lang='lat' dir='ltr'>babilem</span> <span class='ocrx_word' id='word_1_114' title='bbox 655 1709 718 1771; x_wconf 91' lang='lat' dir='ltr'>in</span> <span class='ocrx_word' id='word_1_115' title='bbox 750 1726 1051 1772; x_wconf 88' lang='lat' dir='ltr'>concursu</span> <span class='ocrx_word' id='word_1_116' title='bbox 1081 1706 1516 1790; x_wconf 86' lang='lat' dir='ltr'>probabilioris</span> <span class='ocrx_word' id='word_1_117' title='bbox 1551 1725 1661 1790; x_wconf 91' lang='lat' dir='ltr'>pro</span> <span class='ocrx_word' id='word_1_118' title='bbox 1694 1708 1853 1791; x_wconf 82' lang='lat' dir='ltr'>lege,</span> <span class='ocrx_word' id='word_1_119' title='bbox 1881 1707 2127 1789; x_wconf 90' lang='lat' dir='ltr'>quando</span> <span class='ocrx_word' id='word_1_120' title='bbox 2161 1708 2272 1771; x_wconf 90' lang='lat' dir='ltr'>illa</span> <span class='ocrx_word' id='word_1_121' title='bbox 2303 1708 2484 1791; x_wconf 81' lang='lat' dir='ltr'>gravi</span> <span class='ocrx_word' id='word_1_122' title='bbox 2515 1727 2587 1772; x_wconf 88' lang='lat' dir='ltr'>ac</span> <span class='ocrx_word' id='word_1_123' title='bbox 2624 1707 2821 1773; x_wconf 91' lang='lat' dir='ltr'>solido</span> 
     </span>
     <span class='ocr_line' id='line_1_15' title="bbox 354 1807 2820 1892; baseline -0 -17"><span class='ocrx_word' id='word_1_124' title='bbox 354 1810 759 1875; x_wconf 88' lang='lat' dir='ltr'>fundamento</span> <span class='ocrx_word' id='word_1_125' title='bbox 806 1808 1208 1873; x_wconf 88' lang='lat' dir='ltr'>nihilominus</span> <span class='ocrx_word' id='word_1_126' title='bbox 1252 1807 1528 1885; x_wconf 78' lang='lat' dir='ltr'>nitatur3</span> <span class='ocrx_word' id='word_1_127' title='bbox 1580 1827 1974 1892; x_wconf 84' lang='lat' dir='ltr'>nequaquam</span> <span class='ocrx_word' id='word_1_128' title='bbox 2023 1828 2167 1874; x_wconf 86' lang='lat' dir='ltr'>vero</span> <span class='ocrx_word' id='word_1_129' title='bbox 2207 1810 2394 1875; x_wconf 87' lang='lat' dir='ltr'>liceat</span> <span class='ocrx_word' id='word_1_130' title='bbox 2440 1829 2581 1875; x_wconf 91' lang='lat' dir='ltr'>eam</span> <span class='ocrx_word' id='word_1_131' title='bbox 2626 1810 2820 1891; x_wconf 88' lang='lat' dir='ltr'>sequi,</span> 
     </span>
     <span class='ocr_line' id='line_1_16' title="bbox 354 1910 2825 1996; baseline -0 -18"><span class='ocrx_word' id='word_1_132' title='bbox 354 1913 605 1996; x_wconf 88' lang='lat' dir='ltr'>quando</span> <span class='ocrx_word' id='word_1_133' title='bbox 651 1930 762 1995; x_wconf 92' lang='lat' dir='ltr'>pro</span> <span class='ocrx_word' id='word_1_134' title='bbox 807 1912 944 1996; x_wconf 87' lang='lat' dir='ltr'>lege</span> <span class='ocrx_word' id='word_1_135' title='bbox 992 1910 1156 1975; x_wconf 87' lang='lat' dir='ltr'>tanti</span> <span class='ocrx_word' id='word_1_136' title='bbox 1198 1910 1483 1992; x_wconf 88' lang='lat' dir='ltr'>ponderis</span> <span class='ocrx_word' id='word_1_137' title='bbox 1534 1911 1807 1975; x_wconf 89' lang='lat' dir='ltr'>rationes</span> <span class='ocrx_word' id='word_1_138' title='bbox 1846 1911 2137 1989; x_wconf 87' lang='lat' dir='ltr'>militent,</span> <span class='ocrx_word' id='word_1_139' title='bbox 2173 1912 2246 1975; x_wconf 91' lang='lat' dir='ltr'>ut</span> <span class='ocrx_word' id='word_1_140' title='bbox 2286 1912 2572 1996; x_wconf 87' lang='lat' dir='ltr'>opposita</span> <span class='ocrx_word' id='word_1_141' title='bbox 2605 1931 2717 1995; x_wconf 91' lang='lat' dir='ltr'>pro</span> <span class='ocrx_word' id='word_1_142' title='bbox 2754 1913 2825 1977; x_wconf 91' lang='lat' dir='ltr'>li-</span> 
     </span>
     <span class='ocr_line' id='line_1_17' title="bbox 354 2013 2352 2098; baseline -0.002 -17"><span class='ocrx_word' id='word_1_143' title='bbox 354 2016 598 2081; x_wconf 88' lang='lat' dir='ltr'>bertate</span> <span class='ocrx_word' id='word_1_144' title='bbox 628 2014 836 2098; x_wconf 91' lang='lat' dir='ltr'>opinio</span> <span class='ocrx_word' id='word_1_145' title='bbox 867 2013 1100 2078; x_wconf 91' lang='lat' dir='ltr'>censeri</span> <span class='ocrx_word' id='word_1_146' title='bbox 1133 2013 1400 2096; x_wconf 87' lang='lat' dir='ltr'>amplius</span> <span class='ocrx_word' id='word_1_147' title='bbox 1432 2031 1572 2077; x_wconf 87' lang='lat' dir='ltr'>vere</span> <span class='ocrx_word' id='word_1_148' title='bbox 1607 2013 1944 2096; x_wconf 86' lang='lat' dir='ltr'>probabilis</span> <span class='ocrx_word' id='word_1_149' title='bbox 1978 2033 2099 2079; x_wconf 91' lang='lat' dir='ltr'>non</span> <span class='ocrx_word' id='word_1_150' title='bbox 2138 2015 2352 2096; x_wconf 90' lang='lat' dir='ltr'>possit.</span> 
     </span>
    </p>

    <p class='ocr_par' dir='ltr' id='par_1_4' title="bbox 351 2115 2825 3330">
     <span class='ocr_line' id='line_1_18' title="bbox 447 2115 2825 2198; baseline 0 -16"><span class='ocrx_word' id='word_1_151' title='bbox 447 2120 553 2183; x_wconf 88' lang='lat'>49.</span> <span class='ocrx_word' id='word_1_152' title='bbox 592 2118 676 2182; x_wconf 89' lang='lat' dir='ltr'>Et</span> <span class='ocrx_word' id='word_1_153' title='bbox 705 2117 871 2182; x_wconf 90' lang='lat' dir='ltr'>dicta</span> <span class='ocrx_word' id='word_1_154' title='bbox 906 2116 1226 2196; x_wconf 87' lang='lat' dir='ltr'>hucusque</span> <span class='ocrx_word' id='word_1_155' title='bbox 1256 2115 1412 2179; x_wconf 87' lang='lat' dir='ltr'>satis</span> <span class='ocrx_word' id='word_1_156' title='bbox 1458 2115 1585 2179; x_wconf 89' lang='lat' dir='ltr'>iam</span> <span class='ocrx_word' id='word_1_157' title='bbox 1617 2133 1746 2180; x_wconf 89' lang='lat' dir='ltr'>esse</span> <span class='ocrx_word' id='word_1_158' title='bbox 1795 2117 2073 2198; x_wconf 83' lang='lat' dir='ltr'>possunt,</span> <span class='ocrx_word' id='word_1_159' title='bbox 2115 2117 2188 2179; x_wconf 93' lang='lat' dir='ltr'>ut</span> <span class='ocrx_word' id='word_1_160' title='bbox 2218 2118 2478 2194; x_wconf 88' lang='lat' dir='ltr'>constet,</span> <span class='ocrx_word' id='word_1_161' title='bbox 2514 2136 2561 2180; x_wconf 83' lang='lat' dir='ltr'>S.</span> <span class='ocrx_word' id='word_1_162' title='bbox 2599 2117 2825 2182; x_wconf 88' lang='lat' dir='ltr'>Docto-</span> 
     </span>
     <span class='ocr_line' id='line_1_19' title="bbox 354 2217 2825 2303; baseline -0.001 -16"><span class='ocrx_word' id='word_1_163' title='bbox 354 2242 507 2299; x_wconf 87' lang='lat' dir='ltr'>rem,</span> <span class='ocrx_word' id='word_1_164' title='bbox 541 2221 691 2286; x_wconf 91' lang='lat' dir='ltr'>dum</span> <span class='ocrx_word' id='word_1_165' title='bbox 723 2219 802 2283; x_wconf 89' lang='lat' dir='ltr'>ad</span> <span class='ocrx_word' id='word_1_166' title='bbox 837 2217 1274 2283; x_wconf 81' lang='lat' dir='ltr'>excludendam</span> <span class='ocrx_word' id='word_1_167' title='bbox 1314 2236 1349 2281; x_wconf 90' lang='lat' dir='ltr'>a</span> <span class='ocrx_word' id='word_1_168' title='bbox 1385 2217 1611 2282; x_wconf 89' lang='lat' dir='ltr'>morali</span> <span class='ocrx_word' id='word_1_169' title='bbox 1657 2220 1997 2303; x_wconf 77' lang='lat' dir='ltr'>systemate</span> <span class='ocrx_word' id='word_1_170' title='bbox 2044 2219 2391 2301; x_wconf 88' lang='lat' dir='ltr'>quamlibet</span> <span class='ocrx_word' id='word_1_171' title='bbox 2434 2219 2562 2284; x_wconf 80' lang='lat' dir='ltr'>laxi</span> <span class='ocrx_word' id='word_1_172' title='bbox 2607 2221 2825 2303; x_wconf 89' lang='lat' dir='ltr'>proba-</span> 
     </span>
     <span class='ocr_line' id='line_1_20' title="bbox 354 2320 2823 2407; baseline -0.001 -17"><span class='ocrx_word' id='word_1_173' title='bbox 354 2325 590 2390; x_wconf 87' lang='lat' dir='ltr'>bilismi</span> <span class='ocrx_word' id='word_1_174' title='bbox 619 2322 880 2407; x_wconf 90' lang='lat' dir='ltr'>speciem</span> <span class='ocrx_word' id='word_1_175' title='bbox 913 2340 985 2385; x_wconf 88' lang='lat' dir='ltr'>ac</span> <span class='ocrx_word' id='word_1_176' title='bbox 1014 2320 1445 2405; x_wconf 89' lang='lat' dir='ltr'>suspicionem,</span> <span class='ocrx_word' id='word_1_177' title='bbox 1480 2321 1708 2385; x_wconf 87' lang='lat' dir='ltr'>thesim</span> <span class='ocrx_word' id='word_1_178' title='bbox 1755 2321 1930 2385; x_wconf 91' lang='lat' dir='ltr'>illam</span> <span class='ocrx_word' id='word_1_179' title='bbox 1964 2320 2219 2398; x_wconf 89' lang='lat' dir='ltr'>addidit,</span> <span class='ocrx_word' id='word_1_180' title='bbox 2258 2320 2502 2385; x_wconf 80' lang='lat' dir='ltr'>licitum</span> <span class='ocrx_word' id='word_1_181' title='bbox 2532 2343 2658 2387; x_wconf 75' lang='lat' dir='ltr'>non</span> <span class='ocrx_word' id='word_1_182' title='bbox 2692 2343 2823 2387; x_wconf 78' lang='lat' dir='ltr'>esse</span> 
     </span>
     <span class='ocr_line' id='line_1_21' title="bbox 352 2421 2823 2506; baseline -0.001 -15"><span class='ocrx_word' id='word_1_183' title='bbox 352 2426 646 2506; x_wconf 72' lang='lat' dir='ltr'>amplecti</span> <span class='ocrx_word' id='word_1_184' title='bbox 674 2425 1025 2504; x_wconf 75' lang='lat' dir='ltr'>opinionem</span> <span class='ocrx_word' id='word_1_185' title='bbox 1051 2424 1263 2487; x_wconf 77' lang='lat' dir='ltr'>minus</span> <span class='ocrx_word' id='word_1_186' title='bbox 1280 2421 1693 2502; x_wconf 71' lang='lat' dir='ltr'>probabilem,</span> <span class='ocrx_word' id='word_1_187' title='bbox 1732 2424 1793 2486; x_wconf 84' lang='lat' dir='ltr'>si</span> <span class='ocrx_word' id='word_1_188' title='bbox 1828 2424 2035 2503; x_wconf 75' lang='lat' dir='ltr'>opinio</span> <span class='ocrx_word' id='word_1_189' title='bbox 2055 2443 2178 2502; x_wconf 82' lang='lat' dir='ltr'>pro</span> <span class='ocrx_word' id='word_1_190' title='bbox 2225 2422 2356 2505; x_wconf 72' lang='lat' dir='ltr'>leye</span> <span class='ocrx_word' id='word_1_191' title='bbox 2394 2426 2482 2487; x_wconf 76' lang='lat' dir='ltr'>sit</span> <span class='ocrx_word' id='word_1_192' title='bbox 2523 2429 2685 2489; x_wconf 79' lang='lat' dir='ltr'>certe</span> <span class='ocrx_word' id='word_1_193' title='bbox 2714 2446 2823 2489; x_wconf 79' lang='lat' dir='ltr'>seu</span> 
     </span>
     <span class='ocr_line' id='line_1_22' title="bbox 355 2525 2824 2612; baseline -0.001 -16"><span class='ocrx_word' id='word_1_194' title='bbox 355 2528 718 2596; x_wconf 75' lang='lat' dir='ltr'>notabiliter</span> <span class='ocrx_word' id='word_1_195' title='bbox 755 2525 1172 2609; x_wconf 78' lang='lat' dir='ltr'>probabilior,</span> <span class='ocrx_word' id='word_1_196' title='bbox 1219 2525 1393 2592; x_wconf 92' lang='lat' dir='ltr'>nullo</span> <span class='ocrx_word' id='word_1_197' title='bbox 1444 2526 1625 2593; x_wconf 91' lang='lat' dir='ltr'>modo</span> <span class='ocrx_word' id='word_1_198' title='bbox 1672 2526 1952 2592; x_wconf 86' lang='lat' dir='ltr'>reiecisse</span> <span class='ocrx_word' id='word_1_199' title='bbox 2003 2545 2072 2591; x_wconf 85' lang='lat' dir='ltr'>ac</span> <span class='ocrx_word' id='word_1_200' title='bbox 2120 2528 2321 2592; x_wconf 88' lang='lat' dir='ltr'>multo</span> <span class='ocrx_word' id='word_1_201' title='bbox 2353 2527 2560 2594; x_wconf 88' lang='lat' dir='ltr'>minus</span> <span class='ocrx_word' id='word_1_202' title='bbox 2598 2529 2824 2612; x_wconf 89' lang='lat' dir='ltr'>impro-</span> 
     </span>
     <span class='ocr_line' id='line_1_23' title="bbox 353 2628 2823 2713; baseline -0.001 -14"><span class='ocrx_word' id='word_1_203' title='bbox 353 2636 534 2699; x_wconf 86' lang='lat' dir='ltr'>basse</span> <span class='ocrx_word' id='word_1_204' title='bbox 578 2632 925 2697; x_wconf 87' lang='lat' dir='ltr'>doctrinam</span> <span class='ocrx_word' id='word_1_205' title='bbox 972 2648 1006 2693; x_wconf 88' lang='lat' dir='ltr'>a</span> <span class='ocrx_word' id='word_1_206' title='bbox 1054 2648 1118 2694; x_wconf 88' lang='lat' dir='ltr'>se</span> <span class='ocrx_word' id='word_1_207' title='bbox 1165 2628 1544 2694; x_wconf 84' lang='lat' dir='ltr'>validissime</span> <span class='ocrx_word' id='word_1_208' title='bbox 1595 2630 2076 2713; x_wconf 85' lang='lat' dir='ltr'>propugnatam‚</span> <span class='ocrx_word' id='word_1_209' title='bbox 2126 2649 2342 2713; x_wconf 88' lang='lat' dir='ltr'>nempe</span> <span class='ocrx_word' id='word_1_210' title='bbox 2390 2631 2635 2696; x_wconf 91' lang='lat' dir='ltr'>licitum</span> <span class='ocrx_word' id='word_1_211' title='bbox 2691 2651 2823 2697; x_wconf 86' lang='lat' dir='ltr'>esse</span> 
     </span>
     <span class='ocr_line' id='line_1_24' title="bbox 353 2731 2822 2818; baseline -0.001 -17"><span class='ocrx_word' id='word_1_212' title='bbox 353 2735 646 2818; x_wconf 88' lang='lat' dir='ltr'>amplecti</span> <span class='ocrx_word' id='word_1_213' title='bbox 693 2733 1045 2815; x_wconf 89' lang='lat' dir='ltr'>opinionem</span> <span class='ocrx_word' id='word_1_214' title='bbox 1090 2731 1472 2814; x_wconf 89' lang='lat' dir='ltr'>probabilem</span> <span class='ocrx_word' id='word_1_215' title='bbox 1520 2732 1711 2796; x_wconf 89' lang='lat' dir='ltr'>etiam</span> <span class='ocrx_word' id='word_1_216' title='bbox 1759 2732 1823 2795; x_wconf 93' lang='lat' dir='ltr'>in</span> <span class='ocrx_word' id='word_1_217' title='bbox 1875 2750 2176 2796; x_wconf 87' lang='lat' dir='ltr'>concursu</span> <span class='ocrx_word' id='word_1_218' title='bbox 2225 2732 2663 2815; x_wconf 86' lang='lat' dir='ltr'>probabilioris</span> <span class='ocrx_word' id='word_1_219' title='bbox 2709 2754 2822 2818; x_wconf 92' lang='lat' dir='ltr'>pro</span> 
     </span>
     <span class='ocr_line' id='line_1_25' title="bbox 351 2829 2820 2924; baseline 0 -21"><span class='ocrx_word' id='word_1_220' title='bbox 351 2840 510 2924; x_wconf 85' lang='lat' dir='ltr'>lege,</span> <span class='ocrx_word' id='word_1_221' title='bbox 560 2855 800 2920; x_wconf 88' lang='lat' dir='ltr'>semper</span> <span class='ocrx_word' id='word_1_222' title='bbox 845 2829 917 2901; x_wconf 68' lang='lat' dir='ltr'>ab</span> <span class='ocrx_word' id='word_1_223' title='bbox 954 2836 1159 2919; x_wconf 92' lang='lat' dir='ltr'>opinio</span> <span class='ocrx_word' id='word_1_224' title='bbox 1207 2855 1316 2918; x_wconf 91' lang='lat' dir='ltr'>pro</span> <span class='ocrx_word' id='word_1_225' title='bbox 1363 2836 1651 2901; x_wconf 82' lang='lat' dir='ltr'>libertate</span> <span class='ocrx_word' id='word_1_226' title='bbox 1681 2855 1872 2921; x_wconf 74' lang='lat' dir='ltr'>grave</span> <span class='ocrx_word' id='word_1_227' title='bbox 1920 2855 1990 2900; x_wconf 94' lang='lat' dir='ltr'>ac</span> <span class='ocrx_word' id='word_1_228' title='bbox 2038 2836 2308 2901; x_wconf 89' lang='lat' dir='ltr'>solidum</span> <span class='ocrx_word' id='word_1_229' title='bbox 2347 2837 2820 2904; x_wconf 83' lang='lat' dir='ltr'>fundamentum</span> 
     </span>
     <span class='ocr_line' id='line_1_26' title="bbox 355 2937 2820 3021; baseline -0 -15"><span class='ocrx_word' id='word_1_230' title='bbox 355 2940 616 3014; x_wconf 75' lang='lat' dir='ltr'>habeat3</span> <span class='ocrx_word' id='word_1_231' title='bbox 667 2940 857 3020; x_wconf 89' lang='lat' dir='ltr'>atque</span> <span class='ocrx_word' id='word_1_232' title='bbox 903 2938 1053 3003; x_wconf 88' lang='lat' dir='ltr'>adeo</span> <span class='ocrx_word' id='word_1_233' title='bbox 1108 2956 1291 3021; x_wconf 87' lang='lat' dir='ltr'>super</span> <span class='ocrx_word' id='word_1_234' title='bbox 1347 2937 1629 3003; x_wconf 88' lang='lat' dir='ltr'>additam</span> <span class='ocrx_word' id='word_1_235' title='bbox 1673 2956 1903 3003; x_wconf 86' lang='lat' dir='ltr'>novam</span> <span class='ocrx_word' id='word_1_236' title='bbox 1950 2939 2126 3002; x_wconf 87' lang='lat' dir='ltr'>illam</span> <span class='ocrx_word' id='word_1_237' title='bbox 2183 2940 2407 3004; x_wconf 87' lang='lat' dir='ltr'>thesim</span> <span class='ocrx_word' id='word_1_238' title='bbox 2464 2941 2820 3005; x_wconf 88' lang='lat' dir='ltr'>nullatenus</span> 
     </span>
     <span class='ocr_line' id='line_1_27' title="bbox 354 3040 2824 3125; baseline -0.001 -16"><span class='ocrx_word' id='word_1_239' title='bbox 354 3045 622 3119; x_wconf 88' lang='lat' dir='ltr'>obstare,</span> <span class='ocrx_word' id='word_1_240' title='bbox 670 3041 1002 3124; x_wconf 90' lang='lat' dir='ltr'>quominus</span> <span class='ocrx_word' id='word_1_241' title='bbox 1048 3040 1112 3106; x_wconf 90' lang='lat' dir='ltr'>in</span> <span class='ocrx_word' id='word_1_242' title='bbox 1159 3041 1703 3106; x_wconf 90' lang='lat' dir='ltr'>communissimae</span> <span class='ocrx_word' id='word_1_243' title='bbox 1752 3041 2302 3124; x_wconf 86' lang='lat' dir='ltr'>probabilistarum</span> <span class='ocrx_word' id='word_1_244' title='bbox 2358 3042 2674 3106; x_wconf 85' lang='lat' dir='ltr'>doctrinae</span> <span class='ocrx_word' id='word_1_245' title='bbox 2719 3062 2824 3125; x_wconf 88' lang='lat' dir='ltr'>pa-</span> 
     </span>
     <span class='ocr_line' id='line_1_28' title="bbox 354 3142 2824 3224; baseline -0.001 -15"><span class='ocrx_word' id='word_1_246' title='bbox 354 3146 688 3211; x_wconf 85' lang='lat' dir='ltr'>trocinium</span> <span class='ocrx_word' id='word_1_247' title='bbox 720 3144 912 3209; x_wconf 89' lang='lat' dir='ltr'>etiam</span> <span class='ocrx_word' id='word_1_248' title='bbox 942 3163 992 3207; x_wconf 76' lang='lat' dir='ltr'>s,</span> <span class='ocrx_word' id='word_1_249' title='bbox 1024 3143 1315 3208; x_wconf 90' lang='lat' dir='ltr'>Doctoris</span> <span class='ocrx_word' id='word_1_250' title='bbox 1339 3143 1644 3224; x_wconf 87' lang='lat' dir='ltr'>Alphonsi</span> <span class='ocrx_word' id='word_1_251' title='bbox 1676 3143 2045 3224; x_wconf 83' lang='lat' dir='ltr'>suffragium</span> <span class='ocrx_word' id='word_1_252' title='bbox 2071 3144 2134 3205; x_wconf 90' lang='lat' dir='ltr'>et</span> <span class='ocrx_word' id='word_1_253' title='bbox 2160 3142 2504 3206; x_wconf 86' lang='lat' dir='ltr'>auctoritas</span> <span class='ocrx_word' id='word_1_254' title='bbox 2536 3143 2670 3206; x_wconf 90' lang='lat' dir='ltr'>iure</span> <span class='ocrx_word' id='word_1_255' title='bbox 2699 3163 2824 3207; x_wconf 90' lang='lat' dir='ltr'>me-</span> 
     </span>
     <span class='ocr_line' id='line_1_29' title="bbox 353 3246 1026 3330; baseline -0.006 -18"><span class='ocrx_word' id='word_1_256' title='bbox 353 3249 480 3312; x_wconf 90' lang='lat' dir='ltr'>rito</span> <span class='ocrx_word' id='word_1_257' title='bbox 520 3246 773 3311; x_wconf 88' lang='lat' dir='ltr'>adscisci</span> <span class='ocrx_word' id='word_1_258' title='bbox 805 3247 1026 3330; x_wconf 89' lang='lat' dir='ltr'>poscit.</span> 
     </span>
    </p>

    <p class='ocr_par' dir='ltr' id='par_1_5' title="bbox 348 3345 2823 4146">
     <span class='ocr_line' id='line_1_30' title="bbox 445 3345 2822 3431; baseline 0 -18"><span class='ocrx_word' id='word_1_259' title='bbox 445 3352 551 3415; x_wconf 86' lang='lat'>50.</span> <span class='ocrx_word' id='word_1_260' title='bbox 586 3348 773 3413; x_wconf 78' lang='lat' dir='ltr'>Forte</span> <span class='ocrx_word' id='word_1_261' title='bbox 804 3367 1081 3431; x_wconf 75' lang='lat' dir='ltr'>quaereS,</span> <span class='ocrx_word' id='word_1_262' title='bbox 1110 3366 1185 3411; x_wconf 90' lang='lat' dir='ltr'>an</span> <span class='ocrx_word' id='word_1_263' title='bbox 1224 3366 1273 3411; x_wconf 88' lang='lat' dir='ltr'>s.</span> <span class='ocrx_word' id='word_1_264' title='bbox 1315 3347 1548 3410; x_wconf 89' lang='lat' dir='ltr'>Doctor</span> <span class='ocrx_word' id='word_1_265' title='bbox 1579 3345 1949 3410; x_wconf 87' lang='lat' dir='ltr'>sententiam</span> <span class='ocrx_word' id='word_1_266' title='bbox 1976 3345 2152 3409; x_wconf 87' lang='lat' dir='ltr'>illam</span> <span class='ocrx_word' id='word_1_267' title='bbox 2188 3363 2366 3410; x_wconf 84' lang='lat' dir='ltr'>suam</span> <span class='ocrx_word' id='word_1_268' title='bbox 2390 3345 2465 3410; x_wconf 90' lang='lat' dir='ltr'>de</span> <span class='ocrx_word' id='word_1_269' title='bbox 2495 3346 2669 3412; x_wconf 88' lang='lat' dir='ltr'>licito</span> <span class='ocrx_word' id='word_1_270' title='bbox 2703 3367 2822 3413; x_wconf 85' lang='lat' dir='ltr'>usu</span> 
     </span>
     <span class='ocr_line' id='line_1_31' title="bbox 354 3447 2819 3537; baseline -0.001 -19"><span class='ocrx_word' id='word_1_271' title='bbox 354 3451 663 3537; x_wconf 90' lang='lat' dir='ltr'>opinionis</span> <span class='ocrx_word' id='word_1_272' title='bbox 693 3450 1029 3534; x_wconf 87' lang='lat' dir='ltr'>probabilis</span> <span class='ocrx_word' id='word_1_273' title='bbox 1059 3449 1124 3513; x_wconf 93' lang='lat' dir='ltr'>in</span> <span class='ocrx_word' id='word_1_274' title='bbox 1157 3467 1460 3513; x_wconf 89' lang='lat' dir='ltr'>concursu</span> <span class='ocrx_word' id='word_1_275' title='bbox 1493 3447 1927 3530; x_wconf 87' lang='lat' dir='ltr'>probabilioris</span> <span class='ocrx_word' id='word_1_276' title='bbox 1960 3467 2069 3529; x_wconf 91' lang='lat' dir='ltr'>pro</span> <span class='ocrx_word' id='word_1_277' title='bbox 2101 3447 2238 3532; x_wconf 82' lang='lat' dir='ltr'>lege</span> <span class='ocrx_word' id='word_1_278' title='bbox 2270 3448 2494 3514; x_wconf 86' lang='lat' dir='ltr'>saltem</span> <span class='ocrx_word' id='word_1_279' title='bbox 2526 3451 2819 3535; x_wconf 90' lang='lat' dir='ltr'>quopiam</span> 
     </span>
     <span class='ocr_line' id='line_1_32' title="bbox 353 3550 2821 3639; baseline -0.001 -17"><span class='ocrx_word' id='word_1_280' title='bbox 353 3557 479 3622; x_wconf 88' lang='lat' dir='ltr'>alio</span> <span class='ocrx_word' id='word_1_281' title='bbox 510 3555 710 3619; x_wconf 89' lang='lat' dir='ltr'>limite</span> <span class='ocrx_word' id='word_1_282' title='bbox 743 3554 902 3619; x_wconf 86' lang='lat' dir='ltr'>forte</span> <span class='ocrx_word' id='word_1_283' title='bbox 931 3554 1024 3617; x_wconf 88' lang='lat' dir='ltr'>ita</span> <span class='ocrx_word' id='word_1_284' title='bbox 1056 3551 1622 3634; x_wconf 87' lang='lat' dir='ltr'>circumscripserit,</span> <span class='ocrx_word' id='word_1_285' title='bbox 1660 3552 1734 3614; x_wconf 92' lang='lat' dir='ltr'>ut</span> <span class='ocrx_word' id='word_1_286' title='bbox 1768 3551 2017 3615; x_wconf 92' lang='lat' dir='ltr'>omnino</span> <span class='ocrx_word' id='word_1_287' title='bbox 2051 3550 2283 3628; x_wconf 89' lang='lat' dir='ltr'>eadem,</span> <span class='ocrx_word' id='word_1_288' title='bbox 2312 3570 2384 3616; x_wconf 88' lang='lat' dir='ltr'>ac</span> <span class='ocrx_word' id='word_1_289' title='bbox 2413 3554 2565 3617; x_wconf 84' lang='lat' dir='ltr'>nota</span> <span class='ocrx_word' id='word_1_290' title='bbox 2598 3555 2821 3639; x_wconf 87' lang='lat' dir='ltr'>proba-</span> 
     </span>
     <span class='ocr_line' id='line_1_33' title="bbox 351 3651 2823 3735; baseline -0.001 -12"><span class='ocrx_word' id='word_1_291' title='bbox 351 3659 709 3725; x_wconf 84' lang='lat' dir='ltr'>bilistarum</span> <span class='ocrx_word' id='word_1_292' title='bbox 756 3656 1081 3732; x_wconf 85' lang='lat' dir='ltr'>sententia,</span> <span class='ocrx_word' id='word_1_293' title='bbox 1122 3654 1335 3719; x_wconf 88' lang='lat' dir='ltr'>haberi</span> <span class='ocrx_word' id='word_1_294' title='bbox 1381 3656 1696 3735; x_wconf 78' lang='lat' dir='ltr'>nequeat?</span> <span class='ocrx_word' id='word_1_295' title='bbox 1733 3651 1982 3718; x_wconf 85' lang='lat' dir='ltr'>Scilicet</span> <span class='ocrx_word' id='word_1_296' title='bbox 2018 3653 2125 3717; x_wconf 89' lang='lat' dir='ltr'>ubi</span> <span class='ocrx_word' id='word_1_297' title='bbox 2165 3673 2213 3718; x_wconf 90' lang='lat' dir='ltr'>s.</span> <span class='ocrx_word' id='word_1_298' title='bbox 2258 3655 2492 3719; x_wconf 88' lang='lat' dir='ltr'>Doctor</span> <span class='ocrx_word' id='word_1_299' title='bbox 2526 3657 2823 3735; x_wconf 77' lang='lat' dir='ltr'>probabi-</span> 
     </span>
     <span class='ocr_line' id='line_1_34' title="bbox 352 3755 2821 3843; baseline 0 -19"><span class='ocrx_word' id='word_1_300' title='bbox 352 3761 575 3825; x_wconf 87' lang='lat' dir='ltr'>liorem</span> <span class='ocrx_word' id='word_1_301' title='bbox 620 3759 895 3843; x_wconf 91' lang='lat' dir='ltr'>appellat</span> <span class='ocrx_word' id='word_1_302' title='bbox 936 3758 1307 3842; x_wconf 87' lang='lat' dir='ltr'>opinionem,</span> <span class='ocrx_word' id='word_1_303' title='bbox 1346 3756 1411 3821; x_wconf 91' lang='lat' dir='ltr'>in</span> <span class='ocrx_word' id='word_1_304' title='bbox 1457 3755 1634 3820; x_wconf 90' lang='lat' dir='ltr'>cuius</span> <span class='ocrx_word' id='word_1_305' title='bbox 1680 3775 1983 3821; x_wconf 88' lang='lat' dir='ltr'>concursu</span> <span class='ocrx_word' id='word_1_306' title='bbox 2030 3757 2211 3821; x_wconf 86' lang='lat' dir='ltr'>licere</span> <span class='ocrx_word' id='word_1_307' title='bbox 2258 3757 2410 3822; x_wconf 88' lang='lat' dir='ltr'>dicit</span> <span class='ocrx_word' id='word_1_308' title='bbox 2457 3778 2640 3823; x_wconf 90' lang='lat' dir='ltr'>usum</span> <span class='ocrx_word' id='word_1_309' title='bbox 2689 3762 2821 3843; x_wconf 86' lang='lat' dir='ltr'>opi-</span> 
     </span>
     <span class='ocr_line' id='line_1_35' title="bbox 348 3857 2816 3945; baseline -0 -18"><span class='ocrx_word' id='word_1_310' title='bbox 348 3863 553 3928; x_wconf 89' lang='lat' dir='ltr'>nionis</span> <span class='ocrx_word' id='word_1_311' title='bbox 600 3861 957 3945; x_wconf 87' lang='lat' dir='ltr'>probabilis,</span> <span class='ocrx_word' id='word_1_312' title='bbox 984 3878 1198 3925; x_wconf 80' lang='lat' dir='ltr'>vocem</span> <span class='ocrx_word' id='word_1_313' title='bbox 1244 3859 1423 3922; x_wconf 87' lang='lat' dir='ltr'>illam</span> <span class='ocrx_word' id='word_1_314' title='bbox 1462 3857 1918 3937; x_wconf 78' lang='lat' dir='ltr'>probabilioris</span> <span class='ocrx_word' id='word_1_315' title='bbox 1967 3858 2292 3923; x_wconf 89' lang='lat' dir='ltr'>adhibetne</span> <span class='ocrx_word' id='word_1_316' title='bbox 2350 3859 2564 3924; x_wconf 89' lang='lat' dir='ltr'>eodem</span> <span class='ocrx_word' id='word_1_317' title='bbox 2611 3880 2816 3941; x_wconf 88' lang='lat' dir='ltr'>sensu,</span> 
     </span>
     <span class='ocr_line' id='line_1_36' title="bbox 354 3961 2820 4048; baseline 0 -18"><span class='ocrx_word' id='word_1_318' title='bbox 354 3967 544 4048; x_wconf 86' lang='lat' dir='ltr'>atque</span> <span class='ocrx_word' id='word_1_319' title='bbox 575 3964 793 4029; x_wconf 88' lang='lat' dir='ltr'>iisdem</span> <span class='ocrx_word' id='word_1_320' title='bbox 822 3963 1069 4038; x_wconf 87' lang='lat' dir='ltr'>finibus,</span> <span class='ocrx_word' id='word_1_321' title='bbox 1112 3980 1183 4026; x_wconf 90' lang='lat' dir='ltr'>ac</span> <span class='ocrx_word' id='word_1_322' title='bbox 1210 3961 1322 4026; x_wconf 88' lang='lat' dir='ltr'>illa</span> <span class='ocrx_word' id='word_1_323' title='bbox 1355 3980 1501 4025; x_wconf 79' lang='lat' dir='ltr'>voce</span> <span class='ocrx_word' id='word_1_324' title='bbox 1536 3962 1876 4025; x_wconf 88' lang='lat' dir='ltr'>utebantur</span> <span class='ocrx_word' id='word_1_325' title='bbox 1908 3961 2319 4026; x_wconf 90' lang='lat' dir='ltr'>communiter</span> <span class='ocrx_word' id='word_1_326' title='bbox 2356 3961 2655 4048; x_wconf 85' lang='lat' dir='ltr'>benignae</span> <span class='ocrx_word' id='word_1_327' title='bbox 2689 3984 2820 4031; x_wconf 91' lang='lat' dir='ltr'>sen-</span> 
     </span>
     <span class='ocr_line' id='line_1_37' title="bbox 353 4069 1101 4146; baseline -0.007 -12"><span class='ocrx_word' id='word_1_328' title='bbox 353 4069 589 4134; x_wconf 84' lang='lat' dir='ltr'>tentiae</span> <span class='ocrx_word' id='word_1_329' title='bbox 634 4069 1025 4133; x_wconf 75' lang='lat' dir='ltr'>sectatores?</span> <span class='ocrx_word' id='word_1_330' title='bbox 1084 4133 1101 4146; x_wconf 66' lang='lat'>‚</span> 
     </span>
    </p>

    <p class='ocr_par' dir='ltr' id='par_1_6' title="bbox 349 4166 2820 4664">
     <span class='ocr_line' id='line_1_38' title="bbox 444 4166 2819 4252; baseline -0 -17"><span class='ocrx_word' id='word_1_331' title='bbox 444 4172 528 4235; x_wconf 85' lang='lat' dir='ltr'>Et</span> <span class='ocrx_word' id='word_1_332' title='bbox 557 4171 704 4235; x_wconf 90' lang='lat' dir='ltr'>huic</span> <span class='ocrx_word' id='word_1_333' title='bbox 733 4169 983 4252; x_wconf 90' lang='lat' dir='ltr'>quidem</span> <span class='ocrx_word' id='word_1_334' title='bbox 1013 4167 1364 4250; x_wconf 89' lang='lat' dir='ltr'>quaestioni</span> <span class='ocrx_word' id='word_1_335' title='bbox 1411 4166 1658 4231; x_wconf 77' lang='lat' dir='ltr'>videtur</span> <span class='ocrx_word' id='word_1_336' title='bbox 1699 4185 1947 4250; x_wconf 81' lang='lat' dir='ltr'>prorsus</span> <span class='ocrx_word' id='word_1_337' title='bbox 1994 4166 2486 4249; x_wconf 89' lang='lat' dir='ltr'>respondendum</span> <span class='ocrx_word' id='word_1_338' title='bbox 2530 4170 2819 4251; x_wconf 73' lang='lat' dir='ltr'>affirma-</span> 
     </span>
     <span class='ocr_line' id='line_1_39' title="bbox 356 4268 2819 4356; baseline 0.001 -20"><span class='ocrx_word' id='word_1_339' title='bbox 356 4274 494 4337; x_wconf 82' lang='lat' dir='ltr'>tive.</span> <span class='ocrx_word' id='word_1_340' title='bbox 534 4272 702 4337; x_wconf 88' lang='lat' dir='ltr'>Nam</span> <span class='ocrx_word' id='word_1_341' title='bbox 733 4273 933 4356; x_wconf 89' lang='lat' dir='ltr'>primo</span> <span class='ocrx_word' id='word_1_342' title='bbox 958 4269 1235 4336; x_wconf 87' lang='lat' dir='ltr'>definitio</span> <span class='ocrx_word' id='word_1_343' title='bbox 1263 4270 1568 4353; x_wconf 91' lang='lat' dir='ltr'>opinionis</span> <span class='ocrx_word' id='word_1_344' title='bbox 1603 4268 2055 4353; x_wconf 90' lang='lat' dir='ltr'>probabilioris,</span> <span class='ocrx_word' id='word_1_345' title='bbox 2083 4289 2274 4352; x_wconf 89' lang='lat' dir='ltr'>quam</span> <span class='ocrx_word' id='word_1_346' title='bbox 2310 4289 2357 4334; x_wconf 88' lang='lat' dir='ltr'>s.</span> <span class='ocrx_word' id='word_1_347' title='bbox 2394 4271 2627 4336; x_wconf 88' lang='lat' dir='ltr'>Doctor</span> <span class='ocrx_word' id='word_1_348' title='bbox 2659 4273 2819 4339; x_wconf 88' lang='lat' dir='ltr'>thesi</span> 
     </span>
     <span class='ocr_line' id='line_1_40' title="bbox 349 4371 2820 4459; baseline 0 -19"><span class='ocrx_word' id='word_1_349' title='bbox 349 4395 502 4440; x_wconf 90' lang='lat' dir='ltr'>suae</span> <span class='ocrx_word' id='word_1_350' title='bbox 526 4375 802 4459; x_wconf 84' lang='lat' dir='ltr'>proxime</span> <span class='ocrx_word' id='word_1_351' title='bbox 834 4373 1202 4458; x_wconf 86' lang='lat' dir='ltr'>praemittit,</span> <span class='ocrx_word' id='word_1_352' title='bbox 1237 4374 1419 4456; x_wconf 88' lang='lat' dir='ltr'>plane</span> <span class='ocrx_word' id='word_1_353' title='bbox 1443 4372 1732 4457; x_wconf 87' lang='lat' dir='ltr'>congruit</span> <span class='ocrx_word' id='word_1_354' title='bbox 1758 4392 1901 4437; x_wconf 91' lang='lat' dir='ltr'>cum</span> <span class='ocrx_word' id='word_1_355' title='bbox 1926 4371 2281 4436; x_wconf 90' lang='lat' dir='ltr'>definitione</span> <span class='ocrx_word' id='word_1_356' title='bbox 2320 4372 2397 4436; x_wconf 88' lang='lat' dir='ltr'>ab</span> <span class='ocrx_word' id='word_1_357' title='bbox 2431 4373 2572 4437; x_wconf 86' lang='lat' dir='ltr'>aliis</span> <span class='ocrx_word' id='word_1_358' title='bbox 2612 4377 2820 4441; x_wconf 88' lang='lat' dir='ltr'>aucto-</span> 
     </span>
     <span class='ocr_line' id='line_1_41' title="bbox 350 4469 2819 4557; baseline -0.001 -14"><span class='ocrx_word' id='word_1_359' title='bbox 350 4479 525 4543; x_wconf 88' lang='lat' dir='ltr'>ribus</span> <span class='ocrx_word' id='word_1_360' title='bbox 556 4476 968 4543; x_wconf 83' lang='lat' dir='ltr'>communiter</span> <span class='ocrx_word' id='word_1_361' title='bbox 991 4476 1245 4542; x_wconf 87' lang='lat' dir='ltr'>tradita.</span> <span class='ocrx_word' id='word_1_362' title='bbox 1264 4475 1547 4540; x_wconf 89' lang='lat' dir='ltr'>Absurde</span> <span class='ocrx_word' id='word_1_363' title='bbox 1564 4477 1778 4540; x_wconf 89' lang='lat' dir='ltr'>autem</span> <span class='ocrx_word' id='word_1_364' title='bbox 1809 4474 1948 4556; x_wconf 87' lang='lat' dir='ltr'>quis</span> <span class='ocrx_word' id='word_1_365' title='bbox 1965 4475 2401 4557; x_wconf 84' lang='lat' dir='ltr'>suspicaretur,</span> <span class='ocrx_word' id='word_1_366' title='bbox 2424 4495 2471 4540; x_wconf 92' lang='lat' dir='ltr'>s.</span> <span class='ocrx_word' id='word_1_367' title='bbox 2487 4469 2819 4555; x_wconf 75' lang='lat' dir='ltr'>Doct&#39;orem</span> 
     </span>
     <span class='ocr_line' id='line_1_42' title="bbox 352 4577 2818 4664; baseline 0 -20"><span class='ocrx_word' id='word_1_368' title='bbox 352 4581 418 4644; x_wconf 86' lang='lat' dir='ltr'>in</span> <span class='ocrx_word' id='word_1_369' title='bbox 450 4581 614 4646; x_wconf 89' lang='lat' dir='ltr'>thesi</span> <span class='ocrx_word' id='word_1_370' title='bbox 645 4599 759 4644; x_wconf 89' lang='lat' dir='ltr'>sua</span> <span class='ocrx_word' id='word_1_371' title='bbox 791 4597 1003 4644; x_wconf 84' lang='lat' dir='ltr'>vocem</span> <span class='ocrx_word' id='word_1_372' title='bbox 1052 4579 1229 4643; x_wconf 85' lang='lat' dir='ltr'>illam</span> <span class='ocrx_word' id='word_1_373' title='bbox 1271 4577 1623 4643; x_wconf 84' lang='lat' dir='ltr'>adhibuisse</span> <span class='ocrx_word' id='word_1_374' title='bbox 1657 4578 1782 4642; x_wconf 90' lang='lat' dir='ltr'>alio</span> <span class='ocrx_word' id='word_1_375' title='bbox 1815 4595 2017 4652; x_wconf 88' lang='lat' dir='ltr'>sensu,</span> <span class='ocrx_word' id='word_1_376' title='bbox 2053 4596 2124 4641; x_wconf 88' lang='lat' dir='ltr'>ac</span> <span class='ocrx_word' id='word_1_377' title='bbox 2161 4577 2435 4660; x_wconf 74' lang='lat' dir='ltr'>proxime</span> <span class='ocrx_word' id='word_1_378' title='bbox 2481 4579 2653 4662; x_wconf 88' lang='lat' dir='ltr'>prius</span> <span class='ocrx_word' id='word_1_379' title='bbox 2691 4581 2818 4664; x_wconf 89' lang='lat' dir='ltr'>ipse</span> 
     </span>
    </p>
   </div>
  </div>
 </body>
</html>
