3529 5158
345 360 486 437 [179]
672 443 679 449 .
715 377 1066 422 onarrruno
1102 380 1187 420 nn:
1224 379 1587 423 noi-tasum
1622 381 1748 423 orm
1787 380 2080 423 opimone
2117 382 2448 424 PROBAmLI
2711 370 2816 425 175

345 474 619 539 sumitur
666 478 741 539 ut
788 476 1159 560 principium
1207 480 1464 553 certum,
1516 478 1850 552 hominem,
1898 479 2006 561 qui
2062 479 2414 544 adhibuerit
2459 499 2814 545 mensuram

346 576 521 642 illam
567 576 956 662 diligentiae,
1006 599 1165 662 quae
1211 600 1282 645 ex
1331 580 1717 645 discretionis
1754 581 1939 646 modo
1986 582 2148 667 exigi
2186 585 2410 665 potest,
2460 603 2579 648 non
2619 583 2815 647 teneri

348 679 425 745 ad
463 679 733 745 maiores
780 682 1082 764 quasdam
1128 682 1450 767 indagines
1487 685 1550 747 et
1581 682 1717 748 ideo
1750 702 1872 748 non
1911 685 2121 749 vocari
2155 685 2218 748 in
2251 686 2517 768 culpam,
2566 686 2815 749 etiamsi

347 786 510 847 erret
530 784 649 866 (a).
679 784 750 847 2⁰
781 782 849 848 Si
871 784 1197 870 diligentia
1226 785 1337 849 illa
1370 785 1649 850 adhibita
1673 785 1970 859 inveniat,
2003 789 2214 851 actum
2246 805 2375 851 esse
2413 786 2815 870 probabiliter

348 886 702 963 honestum,
738 886 913 953 adest
943 888 1313 972 principium
1344 889 1517 965 iuriS,
1551 889 1718 974 leges
1750 907 1873 954 non
1907 889 2200 975 obligare,
2235 890 2353 953 nisi
2385 890 2614 954 certius
2647 891 2816 954 inno-

348 992 624 1054 tescant:
674 1008 799 1055 non
844 991 1240 1056 innotescunt
1287 994 1517 1069 autem,
1567 992 1814 1075 quando
1861 993 2023 1058 ratio
2061 993 2271 1077 gravis
2311 994 2373 1057 et
2410 993 2676 1076 prudens
2723 991 2813 1074 (id

347 1092 510 1157 enim
548 1092 854 1175 importat
879 1094 1086 1177 opinio
1112 1094 1479 1177 probabilis)
1502 1094 1722 1159 suadet
1758 1095 1960 1179 legem
1992 1114 2112 1159 non
2148 1096 2376 1160 adesse.
2419 1096 2571 1160 Ecce
2593 1096 2810 1179 igitur,

349 1194 663 1276 quomodo
694 1194 774 1259 ad
798 1195 1096 1279 principia
1129 1199 1297 1261 certa
1329 1196 1714 1272 ascendatur,
1748 1216 1910 1279 quae
1930 1198 2206 1281 practice
2244 1200 2478 1261 certam
2510 1198 2815 1263 conscien-

349 1298 523 1375 tiam,
558 1298 670 1362 ubi
708 1299 873 1364 absit
912 1300 1119 1383 opinio
1158 1300 1515 1383 probabilia,
1556 1300 1852 1365 efficiunt.

433 1401 580 1466 Alio
626 1401 817 1467 modo
874 1402 1073 1468 aderit
1126 1403 1496 1486 principium
1542 1402 1718 1479 illud,
1777 1403 1941 1485 quod
1995 1402 2428 1468 certitudinem
2474 1403 2812 1486 practicam

352 1502 621 1579 adducit,
655 1503 710 1568 si
733 1503 901 1569 dicas
924 1524 1071 1569 cum
1094 1504 1376 1586 Vasquez
1408 1506 1472 1570 in
1510 1507 1565 1569 1.
1602 1507 1663 1569 2.
1689 1504 1846 1588 disp.
1883 1505 1987 1569 62.
2021 1524 2072 1569 c.
2116 1508 2176 1569 5.
2217 1526 2276 1569 n.
2313 1506 2394 1569 27
2405 1528 2454 1569 .:
2491 1531 2524 1563 «
2550 1504 2813 1569 Constat

350 1625 418 1670 ex
446 1607 762 1670 sententia·
798 1608 1092 1681 omnium,
1133 1608 1209 1671 ad
1240 1610 1406 1672 recte
1438 1607 1816 1691 operandum
1853 1626 1973 1672 non
2005 1626 2136 1672 esse
2167 1609 2579 1671 necessarium
2613 1626 2814 1671 assen-

351 1728 486 1773 sum
523 1709 890 1787 evidentem,
917 1710 1023 1775 sed
1060 1711 1347 1791 &efficere
1365 1709 1754 1789 probabilem
1779 1735 1839 1773 ».

437 1812 614 1877 Unde
646 1813 735 1877 sic
760 1814 1102 1879 assumitur
1123 1814 1495 1897 principium
1524 1814 1963 1878 extrinsecum:
1997 1810 2222 1879 Certus
2253 1815 2348 1877 est
2384 1812 2458 1878 de
2488 1814 2813 1878 honestate

351 1914 445 1979 sui
470 1917 670 1989 actus,
696 1916 804 1997 qui
829 1917 1005 1994 sciat,
1039 1936 1182 1981 eum
1212 1916 1456 1980 licitum
1481 1936 1557 1979 ex
1589 1917 1864 1979 omnium
1893 1916 2204 1979 sententia
2240 1915 2626 1980 censendum.
2654 1914 2815 1995 Quo·

352 2018 531 2084 modo
557 2018 725 2083 enim
746 2018 1039 2084 illicitum
1063 2018 1406 2084 existimari
1429 2018 1679 2101 poterit,
1705 2017 1872 2100 quod
1897 2018 2195 2083 Doctores
2222 2036 2432 2082 omnes
2465 2020 2538 2081 ut
2566 2018 2811 2081 licitum

354 2120 658 2186 tradunt?
689 2120 904 2202 Atqui.
938 2120 1104 2205 Ergo
1142 2122 1257 2204 (b).

438 2219 591 2293 179.
624 2223 770 2287 Huc
804 2224 1094 2306 pertinet,
1132 2223 1299 2305 quod
1344 2222 1407 2287 in
1454 2241 1569 2287 sua
1608 2222 2004 2305 Sylvestrina
2035 2242 2272 2285 suntma
2321 2223 2510 2287 habet
2547 2222 2809 2297 Prierrm,

352 2324 425 2389 V.
459 2324 690 2406 Opinio
716 2345 781 2390 n.
819 2327 877 2389 1.
899 2349 913 2390 ε
948 2351 982 2384 α
1015 2326 1095 2390 Et
1127 2326 1242 2391 hoc
1264 2326 1546 2410 intellige
1569 2326 1816 2408 (nempe
1841 2326 2158 2408 exctesari)
2191 2344 2309 2390 non
2335 2325 2540 2390 solum
2565 2324 2811 2406 quando

350 2428 483 2510 quis
522 2426 699 2501 facit,
735 2427 902 2509 quod
947 2428 1012 2492 in
1050 2447 1114 2492 se
1151 2430 1265 2505 est,
1298 2432 1372 2493 ut
1409 2427 1725 2512 intelligat
1764 2428 2120 2503 veritatem3
2161 2428 2310 2509 quia
2340 2427 2488 2491 talis
2527 2427 2717 2492 etiam
2747 2427 2812 2490 in

352 2532 678 2598 manifesto
710 2530 1137 2598 determinatis
1183 2535 1597 2610 excusaretur,
1646 2552 1787 2596 cum
1823 2530 2064 2596 laboret
2096 2532 2464 2615 iyaezorantia
2493 2550 2619 2612 pro
2669 2533 2813 2594 tunc

350 2637 704 2702 invincibili
719 2659 742 2701 .·
766 2639 871 2703 sed
895 2639 1090 2704 etiam
1114 2659 1258 2704 cum
1285 2640 1425 2721 quis
1457 2640 1521 2704 in
1556 2639 1878 2705 affectione
1901 2639 1978 2704 ad
2003 2659 2186 2705 suum
2210 2638 2546 2704 Doctorem
2576 2638 2817 2702 iudicat

338 2740 758 2820 probabiliter
787 2744 851 2806 et
881 2742 1002 2807 sibi
1024 2742 1271 2807 videtur
1302 2761 1536 2819 verum,
1570 2741 1735 2824 quod
1767 2745 1864 2807 est
1893 2742 2124 2806 falsum
2157 2767 2217 2805 ».
2252 2743 2323 2806 ln
2356 2743 2581 2824 quibus
2604 2742 2815 2827 tangit

348 2843 429 2916 id,
466 2843 635 2926 quod
682 2846 935 2909 excusat
968 2848 1256 2929 agentem
1293 2845 1499 2926 quoad
1537 2844 1984 2929 obligationem
2021 2844 2369 2926 inquirendi
2405 2844 2669 2909 ulterius
2715 2864 2814 2908 ve·

347 2948 634 3023 ritatem3
683 2947 875 3012 tacite
914 2949 1125 3012 autem
1162 2947 1457 3031 supponit
1504 2948 1874 3031 principium
1911 2947 1985 3011 de
2021 2948 2195 3012 nulla
2241 2947 2607 3013 necessitate
2645 2948 2816 3012 obse-

346 3049 571 3132 quendi
603 3050 751 3135 legi,
790 3050 844 3113 si
875 3048 1036 3115 forte
1068 3050 1219 3115 haec
1254 3050 1445 3132 (quod
1478 3049 1724 3115 innoxie
1761 3050 2117 3134 ignoratur)
2148 3051 2438 3113 exstaret.

434 3152 575 3216 Huc
606 3152 846 3217 faciunt
892 3155 957 3217 et
1001 3172 1093 3231 ea,
1127 3172 1286 3235 quae
1327 3153 1516 3218 habet
1548 3151 1808 3216 Sum-ma
1838 3151 2152 3233 Anyelica
2183 3151 2261 3213 V.
2305 3150 2529 3229 Opinio
2573 3153 2638 3214 in
2676 3151 2810 3215 fin.:

348 3281 383 3312 α
420 3255 668 3320 Dicitur
699 3254 1035 3337 probabile,
1062 3255 1230 3338 quod
1260 3255 1542 3338 pluribus
1573 3254 1842 3318 maxime
1873 3253 2257 3336 sapientibus
2297 3256 2554 3334 apparet
2576 3271 2812 3317 verum.

340 3357 400 3422 N
404 3377 506 3422 am
532 3358 586 3421 si
613 3357 889 3422 Ioachim
906 3376 1028 3422 non
1060 3357 1182 3422 fuit
1206 3358 1573 3432 haereticus,
1599 3357 1747 3421 licet
1770 3356 2040 3421 tenuerit
2072 3354 2301 3419 falsum
2324 3357 2542 3419 contra
2563 3353 2812 3419 fidem...

339 3462 491 3543 quia
524 3461 603 3525 ab
640 3461 913 3525 Ecclesia
960 3461 1107 3526 talis
1147 3460 1449 3525 articulus
1488 3458 1763 3524 nondum
1802 3461 1938 3523 erat
1968 3459 2337 3534 damnatum
2371 3458 2574 3524 multo
2613 3459 2815 3543 magis

338 3567 677 3629 excusatur
707 3565 846 3646 quis
877 3563 1185 3646 sequendo
1226 3563 1578 3646 opinionem
1616 3563 1980 3638 Doctorum,
2020 3560 2267 3642 quando
2305 3560 2453 3626 talis
2493 3562 2699 3645 opinio
2735 3563 2813 3628 ab

340 3668 617 3733 Ecclesia
656 3687 781 3733 non
828 3671 923 3733 est
959 3669 1307 3752 reprobata,
1349 3687 1490 3732 cum
1537 3667 1653 3731 tali
1690 3666 2035 3743 voluntate,
2085 3666 2252 3750 quod
2282 3667 2337 3730 si
2382 3686 2504 3733 non
2542 3668 2816 3734 crederet

339 3790 577 3848 reram,
612 3789 737 3836 non
774 3770 831 3835 ei
865 3770 1259 3836 adhaereret:
1298 3773 1463 3835 certe
1500 3769 1562 3834 in
1594 3770 1729 3854 ipso
1761 3788 1887 3835 non
1918 3772 2128 3854 potest
2158 3789 2290 3836 esse
2326 3773 2720 3855 contemptus
2751 3775 2817 3837 et

341 3874 431 3938 sic
472 3875 801 3957 peecatum
845 3873 1316 3938 inobedientiae.
1355 3872 1437 3937 Et
1482 3891 1630 3957 ergo
1661 3875 1832 3938 tenet
1862 3876 2104 3938 certum
2134 3873 2254 3938 sibi
2288 3874 2659 3939 certitudine
2689 3894 2817 3940 mo·

338 3975 488 4052 rali,
524 3977 589 4040 et
612 3974 881 4039 dimittit
913 3974 1192 4052 dubium,
1219 3975 1338 4040 sibi
1369 3975 1603 4041 scilicet
1625 3976 2004 4041 contrariam
2029 3975 2380 4059 opinionem
2406 4001 2466 4038 ».
2495 3977 2566 4040 In
2592 3976 2818 4058 quibus

413 4272 489 4324 (a)
508 4268 646 4312 Hinc
662 4268 894 4322 Vnoquez
914 4268 968 4311 in
988 4269 1028 4312 1.
1047 4269 1090 4312 2.
1110 4268 1240 4324 disp.
1258 4268 1329 4313 62.
1346 4283 1454 4326 cap.
1474 4270 1517 4314 9.
1534 4284 1585 4314 n.
1605 4271 1677 4314 u.
1697 4286 1708 4312 :
1735 4289 1753 4308 ι
1775 4270 1980 4321 Quoties
2001 4271 2465 4317 habetat-euenum
2481 4274 2733 4330 opinioni·
2752 4276 2816 4322 de

331 4337 521 4392 aliqua
551 4339 757 4389 purte...
780 4334 931 4378 humo
949 4348 1049 4378 non
1064 4349 1115 4379 se
1132 4339 1336 4391 exponit
1360 4338 1582 4391 periculo
1602 4338 1861 4393 peccandi,
1890 4338 1965 4381 ita
1994 4342 2053 4382 ut
2083 4339 2364 4384 formaliter
2385 4341 2480 4396 ipsi
2502 4343 2809 4398 imputetur;

328 4404 416 4447 ned
438 4405 658 4446 meum
679 4400 907 4455 periculo
923 4401 1140 4447 faciendi
1167 4402 1238 4454 id,
1266 4405 1401 4459 quod
1430 4407 1481 4447 in
1510 4405 1748 4449 ναίω-εει)
1769 4409 2033 4460 peecatum
2053 4413 2102 4450 et
2128 4406 2444 4462 prohibitum
2461 4413 2538 4453 eut
2555 4427 2594 4453 ι.

413 4471 491 4527 (b)
508 4469 663 4514 Haud
679 4468 836 4514 aliter
857 4469 1084 4515 Barthol.
1104 4470 1308 4516 ludina
1326 4473 1383 4516 in
1403 4475 1443 4517 1.
1463 4476 1505 4518 2.
1526 4487 1573 4529 q.
1595 4474 1661 4517 19.
1681 4477 1782 4519 art.
1799 4476 1844 4517 6.
1865 4475 2024 4520 concl.
2045 4477 2089 4520 Β.
2110 4493 2120 4518 :
2146 4495 2166 4514 e
2187 4476 2448 4521 consessor
2465 4478 2563 4522 ecit
2583 4479 2666 4522 vel
2685 4481 2816 4526 noire

326 4540 503 4593 debet,
527 4537 663 4591 quod
683 4536 891 4592 quando
914 4542 1034 4581 sunt
1054 4538 1184 4582 duae
1204 4540 1462 4594 opiniones
1482 4541 1764 4596 probabiles
1785 4543 1847 4586 de
1872 4543 2045 4600 almuo
2065 4547 2349 4598 contractu,
2370 4545 2570 4589 licitum
2589 4551 2665 4590 est
2687 4550 2814 4594 utri-

324 4617 430 4662 que
461 4604 770 4649 murore.
801 4603 931 4660 Ergo
949 4618 1157 4649 :nonne
1172 4610 1266 4661 est,
1293 4608 1425 4661 quod
1444 4609 1744 4664 (poenitens)
1766 4623 1866 4654 non
1888 4615 2062 4665 peccat
2085 4630 2123 4657 ι.
