3529 5158
339 381 489 455 [515]
1302 397 1641 438 Dasminum
1683 400 1852 440 MALA
2700 385 2806 440 479

434 489 588 563 515.
640 495 730 557 Ι)6
778 494 1077 559 desiderio
1110 495 1347 559 Auctor
1377 494 1497 558 ita:
1539 519 1572 553 «
1605 495 1722 559 Per
1770 496 2140 562 desiderium
2185 497 2560 583 intelligitur
2594 497 2810 560 volun-

342 598 460 672 tas,
494 596 780 672 intentio,
816 597 917 660 vel
947 597 1338 679 propositum
1369 598 1583 661 efficax
1615 599 1703 662 rei
1734 600 1939 662 malae
1964 624 2025 663 ».
2053 598 2223 679 Quae
2255 599 2502 681 quidem
2532 598 2806 663 definitio

342 698 589 762 videtur
613 699 928 763 excludere
961 700 1279 782 proposita
1311 719 1419 763 seu
1444 700 1743 763 desideria
1769 701 2129 779 inefficacia,
2163 721 2305 766 cum
2334 703 2543 766 tamen
2574 700 2810 764 Auctor

343 800 415 864 de
462 801 744 882 utrisque
792 801 1009 865 deinde
1059 804 1228 885 agat.
1264 800 1379 865 Sed
1413 803 1614 884 reipsa
1660 822 1782 867 non
1830 804 2138 879 excludit;
2186 804 2334 885 quia
2379 802 2686 877 voluntas,
2718 802 2812 864 in-

344 904 535 967 tentio
582 905 697 967 etc.
748 904 956 987 potest
1011 904 1279 988 intelligi
1326 905 1424 968 vel
1485 903 1793 977 absoluta,
1851 907 1946 970 vel
1994 906 2452 982 conditionata;
2498 925 2656 988 quae
2702 924 2812 988 po-

340 1007 573 1069 strema
619 1006 843 1069 merito
893 1009 1224 1071 revocatur
1269 1006 1345 1070 ad
1395 1006 1694 1071 desideria
1740 1008 2104 1073 inefficacia.
2149 1007 2363 1090 Neque
2410 1007 2670 1072 absurde
2716 1007 2815 1071 de·

340 1107 567 1172 sideria
613 1108 815 1191 reipsa
864 1109 1203 1173 inefficacia
1250 1109 1543 1173 dicuntur
1590 1108 1879 1173 voluntas
1925 1111 2171 1191 efficax
2223 1110 2605 1195 Intelligitur
2651 1109 2814 1173 enim

343 1211 635 1276 voluntas
683 1211 1104 1277 conditionate
1152 1212 1386 1288 efficax,
1422 1230 1580 1292 quae
1613 1211 1850 1276 scilicet
1898 1212 1974 1275 ad
2024 1214 2234 1276 actum
2283 1213 2594 1289 transiret,
2629 1212 2682 1276 si
2713 1211 2817 1274 da-

342 1317 515 1380 retur
562 1314 855 1380 conditio.
892 1315 1078 1380 Secus
1112 1333 1186 1379 116
1219 1333 1438 1379 nomen
1474 1314 1729 1396 quidem
1767 1314 2054 1379 desiderii
2082 1317 2441 1379 mereretur.
2473 1315 2637 1378 Hinc
2665 1315 2816 1378 bene

344 1438 391 1481 3.
428 1418 785 1500 Alphonsus
817 1418 925 1482 lib.
968 1420 1027 1481 5.
1061 1439 1120 1481 n.
1160 1418 1294 1481 15.:
1338 1442 1372 1475 <‹
1408 1417 1697 1481 Inefficax
1734 1416 1969 1481 dicitur
2005 1418 2394 1494 desiderium,
2429 1418 2483 1482 si
2528 1436 2650 1481 non
2682 1435 2818 1500 pro-

344 1520 521 1602 ponit
569 1518 835 1600 exsequi,
885 1519 989 1583 sed
1028 1520 1336 1582 consentit
1379 1519 1546 1599 quod
1589 1523 2048 1600 exsequeretur,
2099 1521 2159 1583 si
2191 1524 2422 1599 posset,
2457 1539 2598 1583 cum
2630 1539 2689 1583 v.
2722 1538 2815 1602 gr.

344 1620 530 1684 dicit:
583 1619 647 1684 Si
697 1640 939 1703 possem
985 1621 1180 1685 furari
1227 1622 1593 1685 thesaurum
1644 1622 1977 1698 Ecclesiae,
2018 1622 2257 1686 furarer
2289 1646 2349 1684 ».

436 1722 728 1788 Ceterum
775 1742 917 1787 cum
972 1722 1211 1786 Auctor
1248 1722 1462 1787 definit
1508 1721 1881 1787 desiderium
1928 1742 2037 1806 per
2081 1723 2487 1787 intentionem
2531 1741 2640 1785 3611
2676 1741 2822 1800 pro-

336 1827 640 1907 positum,
687 1844 816 1889 rem
864 1824 1069 1905 quoad
1125 1825 1542 1889 substantiam
1590 1825 1938 1909 significat3
1988 1827 2136 1908 quia
2199 1826 2475 1908 alioquin
2522 1826 2820 1889 Doctores

344 1927 731 1993 desiderium
767 1928 845 1990 ab
874 1927 1222 1990 intentione
1269 1928 1469 1991 solent
1519 1929 1806 1991 accurate
1856 1927 2256 2012 distinguere.

438 2031 520 2094 Et
568 2028 949 2092 desiderium
979 2029 1227 2110 quidem
1264 2030 1356 2093 ita
1402 2030 1577 2093 iuxta
1624 2030 1829 2106 Azor.‚
1873 2031 2026 2094 tom.
2059 2031 2114 2093 1.
2141 2029 2248 2093 lib.
2287 2030 2344 2092 1.
2371 2048 2503 2111 cap.
2540 2030 2644 2091 23.
2672 2048 2731 2110 q.
2761 2029 2818 2092 1.

349 2133 590 2197 definiri
637 2132 798 2197 solet
836 2157 870 2191 «
905 2135 1082 2196 actus
1130 2133 1496 2209 voluntatiS,
1533 2152 1657 2214 quo
1691 2133 1923 2196 bonum
1969 2132 2254 2196 futurum
2292 2135 2355 2197 et
2401 2133 2820 2215 exspectatum

350 2239 654 2317 tanquam
699 2234 877 2299 nobis
924 2235 1291 2299 conveniens
1341 2237 1405 2298 61
1454 2234 1856 2299 commodum
1904 2235 2193 2298 volumus
2227 2260 2287 2296 ».

439 2339 718 2402 Intentio
748 2357 913 2414 ver0,
955 2338 1170 2402 eodem
1209 2341 1461 2402 auctore
1499 2339 1541 2401 l.
1578 2358 1629 2402 c.
1656 2357 1791 2420 cap.
1829 2339 1933 2400 25.
1969 2357 2027 2419 q.
2066 2338 2124 2401 1.
2159 2337 2388 2402 dicitur
2418 2363 2452 2396 ‹
2479 2340 2674 2414 actuS,
2702 2355 2823 2418 quo

352 2442 643 2507 voluntas
676 2441 914 2523 appetit
946 2441 1150 2519 finem,
1192 2441 1288 2504 uti
1326 2461 1433 2525 per
1473 2441 1683 2523 aliqua
1716 2440 1923 2504 media
1963 2440 2413 2522 assequendum
2438 2466 2472 2500 »
2503 2459 2612 2504 seu
2642 2463 2678 2497 «
2701 2459 2824 2521 quo

348 2545 644 2610 voluntas
692 2543 889 2608 fertur
934 2544 997 2608 in
1047 2544 1300 2620 bonum,
1353 2545 1654 2626 tanquam
1700 2543 1763 2608 in
1815 2543 2149 2608 terminum
2200 2545 2261 2608 et
2307 2543 2490 2609 finem
2538 2544 2823 2620 aliorum,

349 2668 510 2731 quae
559 2648 938 2730 appetuntur
986 2650 1236 2731 propter
1268 2649 1471 2731 ipsum
1504 2672 1564 2710 ».
1600 2646 1763 2710 Nam
1813 2648 2015 2730 reipsa
2056 2670 2090 2705 «
2126 2648 2370 2728 quoties
2402 2647 2692 2711 voluntas
2726 2665 2829 2729 ap-

353 2753 512 2835 petit
557 2752 790 2815 bonum
835 2751 911 2814 ut
956 2751 1142 2815 finem
1174 2753 1237 2815 et
1267 2750 1605 2814 terminum
1653 2748 2059 2813 obtinendum
2108 2769 2216 2833 per
2264 2751 2493 2832 aliqua,
2528 2769 2685 2833 quae
2723 2750 2833 2814 du-

351 2856 501 2919 cunt
550 2854 627 2917 ad
675 2853 879 2932 finem,
930 2854 1158 2918 dicitur
1188 2853 1371 2917 finem
1416 2852 1598 2916 illum
1645 2851 1960 2916 intendere
1993 2878 2054 2916 ».
2099 2852 2494 2935 Quamquam
2524 2854 2589 2918 et
2616 2853 2828 2918 latiori

352 2977 536 3022 sensu
582 2956 848 3021 intentio
898 2955 1125 3020 dicitur
1189 2956 1450 3037 quilibet
1498 2955 1674 3019 actus
1720 2955 2094 3029 voluntatis,
2144 2975 2267 3036 quo
2326 2955 2644 3039 quidpiam
2690 2956 2831 3019 vult

352 3062 416 3124 et
461 3062 579 3126 hoc
625 3060 809 3124 modo
861 3061 1060 3124 omnis
1109 3060 1284 3122 actus
1330 3058 1681 3121 voluntatis
1730 3056 1962 3119 dicitur
2009 3058 2292 3122 intentio.

443 3163 580 3242 Qua
626 3163 701 3226 de
748 3182 812 3226 re
852 3161 1078 3226 Suarez
1118 3162 1183 3224 in
1224 3162 1283 3222 1.
1318 3162 1378 3223 2.
1423 3160 1500 3222 tr.
1545 3161 1605 3221 2.
1642 3157 1715 3220 de
1766 3155 2135 3220 Voluntaria
2174 3161 2287 3221 etc.
2322 3158 2476 3241 disp.
2507 3158 2566 3219 6.
2594 3158 2739 3221 sect.
2770 3158 2827 3221 1.

354 3285 414 3328 11.
451 3266 510 3328 7.
552 3291 588 3324 «ι
612 3265 1003 3329 Desiderium
1033 3262 1344 3328 abstrahit
1376 3281 1411 3324 a
1444 3260 1682 3333 mediiS,
1715 3259 1880 3322 circa
1918 3277 2077 3339 quae
2108 3259 2372 3322 intentio
2407 3259 2615 3341 aliquo
2648 3258 2830 3323 modo

356 3370 670 3443 versatum
719 3366 886 3449 quod
933 3367 1021 3431 sic
1067 3365 1275 3448 patet:
1328 3381 1471 3427 cum
1518 3381 1658 3426 amo
1711 3362 1963 3436 bonum,
2011 3380 2134 3441 quo
2182 3380 2379 3440 care0,
2429 3362 2648 3426 statim
2676 3360 2834 3425 illud

352 3467 632 3532 desidero
665 3469 795 3534 sine
828 3469 960 3533 ulla
996 3467 1351 3551 cognitione
1388 3463 1795 3528 mediorum...
1841 3463 1905 3526 et
1947 3481 2017 3526 ex
2064 3463 2183 3527 hoc
2223 3463 2522 3530 desiderio
2560 3464 2836 3529 nascitur

350 3570 770 3635 consideratio
803 3570 1151 3634 mediorum
1184 3570 1247 3633 et
1282 3567 1546 3632 intentio
1581 3591 1641 3628 ».
1678 3565 1881 3646 Quam
1931 3564 2276 3630 doctrinam
2314 3589 2373 3631 11.
2418 3569 2476 3631 8.
2512 3567 2738 3632 Suarez
2771 3586 2835 3631 se

354 3672 560 3756 magis
608 3673 869 3755 probare
916 3672 1216 3735 affirmat,

447 3773 565 3839 Sed
612 3775 687 3839 de
732 3776 850 3849 his,
905 3794 1064 3856 quae
1115 3792 1338 3857 parum
1386 3772 1463 3836 ad
1509 3772 1749 3855 praxim
1786 3771 2047 3853 faciunt,
2098 3774 2273 3837 satis.
2311 3775 2400 3836 De
2432 3771 2837 3837 delectatione

351 3877 633 3942 dicemus
674 3879 749 3942 ad
800 3878 1145 3942 articulum
1193 3879 1255 3938 2.
1804 3949 1808 3954 p

448 3977 668 4044 Solum
702 3979 1026 4057 advertite,
1065 3977 1230 4060 quod
1262 3977 1425 4041 Azor
1457 3977 1610 4039 tom.
1649 3976 1708 4040 1.
1735 3976 1844 4042 lib.
1875 3977 1935 4039 4.
1963 3996 2096 4060 cap.
2126 3980 2185 4040 5.
2223 3996 2280 4058 q.
2315 3976 2370 4040 1.
2405 3976 2619 4040 notat:
2653 3998 2688 4033 «
2712 3972 2840 4037 Sub

350 4085 663 4151 desiderio
688 4087 754 4151 61
775 4085 1119 4169 cupiditate
1158 4083 1469 4148 malorum
1500 4082 2082 4165 comprehendimus
2117 4101 2411 4157 amorem,
2431 4081 2840 4157 voluntatem,

352 4187 773 4254 intentionem
818 4190 882 4253 et
929 4186 1294 4252 electionem
1330 4184 1774 4267 cuiuscumque
1804 4184 1958 4247 mali
2002 4186 2065 4248 et
2102 4184 2356 4267 proinde
2395 4182 2606 4249 odium
2653 4182 2842 4246 etiam

351 4292 665 4372 tanquam
714 4289 913 4355 amori
964 4289 1348 4353 contrarium
1379 4313 1439 4352 ».
