3529 5158
635 326 744 382 700
1448 340 1762 381 Appnxmx
1801 341 1839 380 1.
1877 338 2278 382 omarum-Ano

619 442 839 520 potest
865 457 994 502 esse
1025 438 1157 501 nisi
1184 437 1547 502 notabiliter
1575 436 1976 518 probabilior
2020 440 2082 499 et
2123 440 2219 500 est
2259 433 2584 499 moraliter
2612 438 2727 498 aut
2768 438 2951 516 quasi
2981 457 3107 501 mo-

630 541 858 604 raliter
915 543 1105 603 certa.
1159 539 1325 624 Ergo
1373 540 1491 604 nisi
1548 541 1753 623 opinio
1810 558 1920 623 pro
1966 539 2101 623 lege
2156 539 2239 603 sit
2296 557 2484 622 prope
2537 538 2860 602 moraliter
2911 540 3102 615 certa,

626 663 767 708 eam
816 643 993 725 sequi
1039 662 1160 707 non
1212 646 1514 707 tenemur.
1554 643 1750 724 Atqui
1785 642 1990 725 opinio
2039 640 2435 725 probabilior,
2470 641 2532 703 in
2579 640 2755 704 cuius
2802 659 3105 706 concursu

626 746 813 810 iuxta
862 744 1305 828 probabilistas
1351 745 1498 809 licet
1543 745 1718 827 sequi
1768 743 2116 828 opinionem
2162 743 2368 807 minus
2406 742 2807 826 probabilem,
2841 761 2960 807 non
3007 746 3110 808 est

628 848 953 912 moraliter
1002 848 1169 911 certa
1232 865 1429 929 neque
1475 847 1822 912 contrariae
1876 845 2383 929 probabilitatem
2438 843 2659 909 aufert.
2708 843 2872 930 Ergo
2923 845 3107 910 iuxta

632 970 682 1016 s.
715 949 1114 1032 Alphonsum
1148 969 1285 1012 eam
1314 949 1492 1031 sequi
1534 947 1693 1011 licet.
1728 948 1893 1033 Ergo
1927 967 1976 1011 s,
2010 947 2367 1031 Alphonsus
2405 947 2709 1030 approbat
2753 948 2828 1011 ut
2857 947 3105 1011 licitum

633 1072 819 1117 usum
869 1052 1174 1136 opinionis
1223 1051 1558 1134 probabilis
1606 1051 1797 1115 etiam
1845 1050 1908 1114 in
1953 1068 2256 1115 concursu
2302 1048 2754 1132 probabilioriS,
2804 1069 2957 1132 quae
3005 1052 3108 1114 est

635 1155 832 1218 altera
870 1152 1417 1236 probabilistarum
1465 1153 1674 1216 thesis.

742 1254 1032 1319 Ceterum
1091 1273 1516 1335 quaecumque
1579 1254 1828 1317 demum
1884 1272 2019 1335 sup.
2067 1273 2126 1316 n.
2188 1253 2292 1316 87.
2342 1255 2471 1331 92.,
2520 1273 2592 1318 ex
2652 1253 3108 1318 Dissertatione

637 1377 779 1422 ann.
836 1357 1028 1420 1762.
1081 1356 1295 1420 aliisve
1343 1355 1788 1439 posterioribus
1835 1374 1883 1419 s.
1932 1355 2220 1420 Doctoris
2268 1355 2512 1437 scriptis
2559 1355 2990 1439 excerpsimus,
3030 1357 3107 1419 ut

637 1460 847 1543 palam
883 1458 1078 1535 fieret,
1117 1458 1190 1521 in-
1225 1457 1508 1522 omnibus
1539 1458 1703 1522 hisce
1740 1457 1988 1540 scriptis
2019 1456 2335 1541 integrum
2371 1458 2606 1522 elucere
2637 1457 2936 1540 simplicis
2969 1476 3108 1540 pro-

635 1561 950 1626 babilismi
983 1559 1275 1645 systema,
1311 1579 1381 1624 ea
1421 1560 1627 1625 omnia
1660 1560 1852 1624 etiam
1884 1580 1956 1624 ex
1986 1579 2147 1624 novo
2181 1560 2297 1623 hoc
2330 1578 2507 1642 opere
2537 1559 2892 1642 depromere
2922 1559 3105 1623 facile

634 1664 813 1731 foret.
847 1662 964 1728 Sed
1013 1661 1090 1726 ad
1139 1661 1261 1726 alia
1308 1681 1634 1746 properare
1677 1662 1976 1745 praestat.

728 1767 874 1831 101.
911 1764 1140 1845 Quaeri
1172 1765 1334 1828 enim
1371 1764 1535 1829 ratio
1569 1765 1794 1847 potest,
1830 1784 1938 1828 cur
1968 1765 2032 1828 in
2065 1765 2236 1829 sexta
2274 1764 2539 1830 editione
2571 1765 2947 1850 Theologiae
2970 1763 3107 1829 Mo·

634 1869 804 1934 raliS.
840 1888 888 1933 s,
932 1867 1255 1951 Alphonsi,
1290 1885 1451 1949 quae
1486 1886 1645 1931 anno
1699 1866 1890 1944 1767,
1925 1867 2161 1932 Romae
2199 1867 2448 1951 prodiit,
2479 1867 2711 1932 inserta
2760 1866 2950 1931 fuerit
2984 1866 3108 1931 dis-

635 1972 894 2036 sertatio
944 1969 1017 2032 de
1066 1968 1315 2033 BIorali
1360 1964 1723 2051 &sternata
1758 1988 1919 2050 quae
1954 1970 2115 2033 circa
2163 1971 2601 2054 argumentum
2648 1968 3106 2034 dissertationis

635 2073 781 2138 anni
835 2073 1029 2136 1762.
1072 2073 1373 2136 versatur.
1414 2072 1486 2135 In
1525 2072 2028 2154 praecedentibus
2061 2073 2221 2137 enim
2255 2072 2527 2137 eiusdem
2573 2072 2951 2158 Theologiae
2981 2072 3107 2137 edi-

638 2175 938 2251 tionibus,
972 2192 1189 2257 nempe
1237 2175 1300 2238 et
1344 2174 1409 2238 in
1454 2174 1721 2239 secunda
1769 2175 1912 2239 anni
1964 2176 2153 2238 1753.
2194 2176 2350 2239 etin
2397 2176 2584 2240 tertia
2633 2176 2777 2239 anni
2814 2176 3001 2239 1757.
3038 2178 3107 2240 et

641 2278 704 2342 in
751 2278 977 2359 quarta
1026 2276 1170 2340 anni
1207 2276 1397 2340 1760.
1435 2296 1504 2339 ac
1542 2276 1793 2340 demum
1838 2276 1901 2340 in
1949 2277 2165 2359 quinta
2215 2278 2357 2340 anni
2409 2276 2601 2340 1763.
2635 2278 2991 2342 cernebatur
3021 2278 3103 2342 de

640 2380 867 2445 Morali
900 2381 1239 2464 systemate
1270 2380 1503 2443 inserta
1551 2379 1946 2456 Dissertatio,
1986 2398 2109 2460 qua
2147 2398 2195 2443 s.
2237 2379 2471 2444 Doctor
2509 2378 2660 2461 (vid.
2694 2399 2827 2464 sup.
2861 2399 2921 2443 n.
2957 2380 3102 2463 70.)

640 2483 964 2547 mitiorum
1002 2482 1468 2546 tutioristarum
1498 2483 1773 2565 systema
1803 2481 2216 2565 impugnabat
2237 2483 2301 2545 et
2331 2484 2545 2547 contra
2575 2483 2730 2547 istos
2754 2482 3104 2548 doctrinam

639 2584 1075 2668 propugnabat
1104 2585 1221 2647 hac
1254 2584 1412 2648 thesi
1450 2585 1838 2649 contentam:
1866 2585 2176 2647 sententia
2205 2589 2425 2648 nostra
2457 2589 2518 2649 et
2544 2586 2885 2651 communis
2917 2589 3102 2660 tenet,

637 2685 821 2748 licere
866 2704 1049 2748 asum
1103 2686 1417 2765 opinionis
1448 2685 1806 2765 probabilis
1865 2691 1980 2750 aut
2027 2686 2251 2750 saltem
2282 2686 2755 2767 probabilioris,
2805 2689 2924 2752 etsi
2967 2708 3109 2752 con-

643 2787 847 2850 traria
866 2806 989 2865 pro
1022 2785 1152 2868 leye
1197 2788 1286 2850 sit
1301 2786 1673 2867 probabilia
1708 2787 1845 2867 Qua
1876 2788 2125 2871 quidem
2155 2789 2319 2853 thesi
2364 2789 2823 2868 defendebatur,
2854 2790 3104 2855 licitum

633 2908 766 2954 esse
810 2908 994 2953 usum
1043 2888 1348 2972 opinionis
1396 2888 1586 2953 etiam
1632 2909 1799 2954 mere
1845 2891 2178 2974 probabilis
2224 2892 2286 2955 in
2320 2910 2621 2957 concursu
2661 2893 2967 2976 opinionis
2997 2912 3105 2975 pa-

633 2993 785 3057 riter
812 2990 1149 3075 probabilis
1186 3011 1296 3075 pro
1327 2992 1483 3076 lege.

724 3095 812 3159 At
833 3113 978 3158 vero
1004 3093 1335 3159 manifesta
1369 3094 1659 3178 apparuit
1681 3095 2014 3160 necessitas
2040 3096 2296 3160 alterius
2333 3098 2741 3175 oeconomiae,
2768 3099 3100 3181 postquam

639 3197 883 3261 nullum
915 3197 1186 3260 habebat
1215 3197 1401 3261 finem
1433 3197 1772 3280 pertinacia
1810 3217 2042 3275 eorum,
2077 3199 2186 3281 qui
2217 3200 2282 3262 et
2312 3198 2672 3263 intentando
2711 3218 2936 3263 vanam
2970 3200 3102 3264 laxi

636 3299 1062 3383 probabilismi
1098 3299 1475 3364 calumniam
1523 3300 1586 3362 et
1630 3299 2052 3383 impugnando
2083 3301 2404 3384 principia,
2437 3301 2662 3384 quibus
2708 3321 3103 3367 communem

636 3403 983 3468 doctrinam
1014 3421 1062 3467 s.
1098 3403 1335 3467 Doctor
1364 3402 1607 3486 egregie
1639 3403 2110 3476 communierat,
2144 3403 2271 3467 iam
2317 3403 2455 3468 inde
2487 3404 2565 3468 ab
2597 3423 2757 3468 anno
2794 3404 2985 3468 1762.
3022 3405 3105 3470 ad

641 3505 882 3570 obiecta
912 3504 1272 3569 huiusmodi
1300 3503 1589 3567 diluenda
1628 3523 1677 3567 s.
1713 3505 2046 3569 Doctorem
2082 3506 2460 3589 impulerant
2490 3505 2674 3587 (vide.
2700 3524 2836 3590 sup.
2865 3527 2923 3570 n.
2960 3509 3106 3591 80.)

636 3607 780 3672 Dixi
803 3610 866 3670 et
883 3605 1307 3688 impu-,qnando
1326 3606 1652 3686 principia
1675 3608 1821 3684 etc.;
1843 3609 2044 3691 reipsa
2070 3609 2232 3673 enim
2257 3609 2572 3692 principia,
2598 3609 2825 3691 quibus
2849 3611 2990 3674 tota
3013 3611 3109 3674 in-

640 3708 866 3773 nititur
889 3708 1189 3784 doctrina,
1209 3727 1400 3790 quam
1424 3727 1472 3772 s.
1492 3709 1725 3772 Doctor
1751 3711 1889 3774 tum
1911 3713 2126 3774 contra
2150 3711 2680 3794 probabilioristas
2713 3730 2873 3776 anno
2906 3713 3103 3777 1749.

634 3813 701 3875 et
744 3812 933 3875 1755.
978 3815 1116 3875 tum
1161 3814 1378 3876 contra
1423 3812 1780 3876 tutioristas
1825 3813 1887 3875 in
1937 3813 2367 3877 dissertatione
2414 3813 2642 3881 inserta
2691 3813 3112 3897 praecedenti-

643 3914 759 3977 bus
807 3913 1184 3998 Theologiae
1215 3912 1475 3978 Moralis
1508 3914 1882 3979 editionibus
1914 3914 2202 3990 defendit,
2242 3933 2311 3978 eo
2345 3915 2591 3978 demum
2639 3915 2995 3992 collineant,
3031 3918 3111 3982 ut

645 4017 969 4099 supposita
1018 4016 1214 4080 solida
1262 4036 1374 4100 pro
1422 4018 1711 4081 libertate
1767 4018 2071 4101 opinionis
2110 4016 2566 4100 probabilitate,
2599 4036 2672 4082 eo
2721 4019 2854 4102 ipso
2901 4019 2997 4082 lex
3046 4023 3114 4084 et

636 4117 825 4181 dubia
873 4121 937 4181 et
982 4137 1102 4182 non
1152 4118 1526 4183 sufficienter
1562 4120 1964 4204 promulgata
2010 4118 2263 4183 dicenda
2308 4119 2391 4183 sit
2438 4121 2625 4200 atque
2673 4120 2825 4185 adeo
2856 4119 3103 4204 obliga-

639 4220 873 4286 tionem
910 4220 1195 4287 inducere
1227 4241 1619 4304 nequaquam
1650 4224 1866 4306 possit.
1902 4223 2094 4287 Porro
2142 4243 2280 4287 cum
2316 4241 2510 4304 neque
2547 4224 2690 4305 post
2725 4222 3108 4308 Apologiam

637 4325 853 4387 contra
901 4323 1166 4408 Adelphi
1213 4324 1495 4388 Dosithei
1543 4325 1782 4389 obiecta
1819 4344 2014 4407 neque
2046 4328 2188 4409 post
2234 4324 2677 4390 solidissimum
2715 4325 3110 4409 Opusculum

639 4421 940 4488 Clementi
989 4425 1165 4488 XIII.
1201 4428 1626 4508 nuncupatum
1656 4446 1853 4508 neque
1898 4429 2042 4510 post
2089 4428 2230 4503 alia,
2265 4447 2423 4508 quae
2454 4430 3110 4506 commemoravimus,

633 4545 683 4588 s.
739 4527 1026 4589 Doctoris
1075 4526 1323 4608 scripta,
1362 4526 1693 4593 adversarii
1744 4549 1778 4593 a
1827 4529 2156 4612 praedictis
2202 4530 2528 4595 calumniis
2576 4532 2638 4595 et
2683 4531 3116 4616 impugnatio-
