3529 5158
682 326 746 364 1v
1574 316 1921 359 PRAEFATIO
1957 313 2241 356 EDITORIS

680 424 752 486 in
801 373 1099 498 bollegio
1144 422 1459 481 Romano.
1524 416 1780 493 sponte
1823 422 2069 493 tamen,
2119 415 2296 491 quod
2344 430 2571 474 omnes
2619 412 2815 473 facile
2868 412 3132 473 divina—

675 540 866 617 bunt,
917 537 1127 599 subiit
1172 537 1469 597 animum
1515 534 1733 609 timor,
1786 550 1870 594 116
1906 535 2122 610 impar
2167 533 2326 593 111116
2361 548 2538 593 novo
2571 531 2832 593 muneri
2880 531 3132 608 impru-

676 654 841 715 dens
886 653 1143 728 aliquid
1210 668 1414 727 supra
1481 651 1662 711 vires
1720 668 1901 711 meas
1972 653 2298 711 tentarem
2348 654 2419 710 et
2463 665 2548 709 116
2598 667 2816 711 meum
2888 668 3129 712 nomen

675 769 955 830 editioni
1001 768 1367 844 praefixum
1419 767 1526 842 (ab
1573 766 1922 843 anonymis
1991 766 2169 825 enim
2227 765 2637 826 editionibus
2683 767 3131 829 vehementis-

680 885 844 946 sime
891 882 1238 960 abhorreo)
1283 882 1653 959 periculum
1703 881 1918 941 eidem
1965 888 2221 944 crearet
2275 881 2771 959 praeiudicatae
2819 883 3132 959 reproba-

681 1002 905 1061 tionis,
958 1000 1087 1060 Sed
1133 998 1516 1059 obedientia
1560 998 1801 1073 effecit,
1852 1014 1936 1058 ne
2004 1015 2252 1059 morem
2312 1016 2606 1076 gererem
2663 1001 2821 1061 huic
2867 1000 3134 1077 timori3

683 1116 991 1192 quamvis
1037 1116 1122 1176 ab
1167 1115 1419 1193 eodem,
1469 1114 1648 1190 quod
1695 1114 1767 1174 in
1815 1117 2148 1190 potestate
2195 1132 2317 1175 sua
2347 1131 2481 1175 non
2529 1119 2691 1192 erat,
2726 1132 2832 1175 me
2863 1132 3136 1192 prorsus

684 1252 818 1295 non
855 1233 1265 1294 liberaverit.

777 1349 974 1410 Prius
1018 1365 1178 1409 vero
1225 1365 1425 1424 quam
1472 1347 1709 1426 dicam,
1760 1348 1925 1423 quid
1970 1364 2094 1425 ego
2149 1348 2597 1423 praestiterim
2646 1349 2717 1408 in
2767 1350 2893 1410 hoc
2938 1365 3135 1424 opere

682 1464 960 1543 edendo,
1007 1463 1364 1525 dicendum
1394 1462 1699 1523 nonnihil
1738 1479 1973 1524 censeo
2007 1464 2090 1524 de
2135 1464 2282 1539 ipso
2328 1481 2545 1539 opere.
2582 1466 2913 1537 Quorsum
2952 1465 3132 1525 enim

684 1582 753 1642 in
799 1586 993 1642 tanta
1037 1582 1121 1642 de
1166 1582 1367 1641 rebus
1434 1580 1799 1641 moralibus
1867 1581 2406 1641 lucubrationum
2476 1581 2685 1659 eopia,
2734 1582 2900 1643 haec
2961 1599 3138 1643 nova

681 1697 1045 1774 Theologia
1088 1696 1376 1773 moralis,
1410 1696 1497 1756 ad
1533 1712 1760 1757 66111111
1815 1698 2199 1773 augendum
2245 1714 2616 1777 numerum,
2652 1714 2688 1759 e
2736 1699 3131 1760 scriniorum

680 1814 958 1874 latebris
1003 1811 1300 1874 eruitur?
1374 1829 1525 1872 cum
1572 1828 1608 1872 e
1656 1813 1989 1874 contrario
2058 1815 2431 1876 consultius
2477 1814 2790 1877 videatur
2832 1819 2956 1895 tot,
3007 1817 3138 1878 etsi

682 1927 856 1989 forte
900 1944 1036 1987 non
1083 1945 1330 2005 61111168,
1364 1928 1569 1987 libros
1616 1927 1857 2006 delere,
1909 1929 2025 2002 qui
2074 1929 2158 1989 de
2205 1930 2331 1990 hac
2378 1947 2448 1990 re
2487 1936 2816 2010 prostant,
2867 1932 2986 2008 (1111
3032 1933 3174 1993 in-·

683 2044 987 2106 credibili
1011 2045 1299 2120 quadam
1322 2043 1823 2119 multiplicitate
1863 2044 2330 2118 quaestionum
2362 2051 2566 2121 atque
2590 2048 2871 2108 libidine
2896 2052 3141 2108 cuncta

681 2162 1014 2238 partiendi
1063 2179 1141 2223 66
1187 2160 1582 2238 singillatim
1629 2161 1738 2221 vel
1788 2161 2063 2222 minima
2094 2166 2165 2222 et
2195 2162 2617 2224 abditissima
2664 2165 3029 2244 scrutandi,
3065 2167 3134 2226 id

686 2299 896 2342 unum
944 2276 1286 2341 consecuti
1330 2279 1668 2357 videntur,
1704 2285 1782 2340 nt
1813 2280 2098 2340 officium
2129 2281 2257 2341 iam
2300 2298 2382 2341 ex
2406 2298 2477 2342 se
2514 2282 2916 2343 laboriosum
2967 2285 3140 2345 Gon-

686 2399 947 2461 fessarii
994 2398 1286 2459 efficiant
1314 2396 1919 2473 impeditissimum.
1953 2398 2192 2458 Nonne
2225 2397 2436 2457 satius
2472 2401 2651 2458 esset
2697 2401 2782 2458 ad
2829 2403 3134 2459 veterum

685 2514 931 2576 reverti
983 2512 1498 2590 simplicitatem,
1534 2511 1650 2588 (1111
1684 2513 2048 2573 Summulis
2077 2513 2497 2592 quibusdam,
2524 2513 2656 2573 imo
2687 2513 3143 2575 Poenitentia·

685 2632 865 2693 libus
912 2629 1211 2692 contenti
1259 2630 1491 2689 erant?

782 2748 853 2808 Si
901 2747 1018 2822 qui
1066 2749 1244 2824 sunt,
1294 2745 1412 2821 qui
1458 2745 1629 2806 illud
1676 2748 1955 2822 cupiant
2000 2748 2109 2808 vel
2155 2747 2298 2808 fieri
2342 2764 2539 2823 posse
2583 2753 2846 2828 putent,
2894 2750 2944 2810 ii
2991 2769 3144 2827 pro-

682 2863 857 2925 fecto
905 2879 1252 2938 nunquam
1296 2862 1428 2923 rite
1460 2863 1976 2940 perpenderunt,
2013 2880 2186 2940 qnae
2226 2864 2631 2926 naturaliter
2667 2865 2875 2928 insita
2905 2867 2998 2928 sit
3032 2869 3140 2930 vis

688 2983 757 3040 61
801 2978 1164 3039 necessitas
1194 2978 1524 3039 hnmanae
1562 2979 1772 3040 menti
1820 2997 1859 3039 a
1907 2979 2168 3040 notitiis
2214 2979 2515 3041 confusis
2561 2982 2920 3060 minusque
2967 3000 3140 3045 com-

684 3093 887 3172 pletis
932 3093 1404 3171 progrediendi
1452 3094 1537 3154 ad
1583 3094 2038 3156 distinctiores
2078 3112 2293 3171 usque
2338 3098 2686 3174 magisque
2733 3101 3139 3176 completas:

690 3216 770 3273 ut
803 3210 1133 3288 paulatim
1179 3216 1248 3272 et
1293 3227 1414 3286 per
1457 3211 1704 3287 gradus
1751 3211 1919 3271 illud
1964 3211 2234 3273 tandem
2279 3216 2440 3273 actu
2495 3219 2913 3294 assequatur,
2963 3216 3142 3291 quod

689 3335 773 3393 ab
818 3333 1017 3392 initio
1069 3330 1139 3389 in
1185 3330 1490 3407 potentia
1534 3331 1902 3392 obtinebat.
1954 3330 2140 3392 Haec
2184 3331 2359 3391 enim
2411 3334 2515 3391 est
2558 3332 2836 3393 humani
2884 3332 3145 3393 intelle-

686 3453 836 3511 ctus
869 3451 1129 3524 natura,
1165 3450 1244 3506 ut
1276 3463 1399 3521 ope
1433 3448 1725 3523 analysis
1772 3463 1993 3507 rerum
2042 3446 2321 3508 notitias
2369 3446 2495 3508 sibi
2547 3453 2888 3525 comparet
2932 3451 3136 3523 atque

689 3563 981 3642 analysis
1013 3564 1254 3640 longae
1285 3565 1354 3624 et
1401 3562 1786 3640 laboriosae,
1837 3580 2043 3638 quum
2091 3563 2173 3624 de
2220 3564 2479 3625 obiecto
2512 3566 2833 3627 scientiae
2884 3567 3145 3642 agatur,

694 3681 874 3758 qnod
905 3697 988 3741 ex
1023 3679 1333 3756 plurimis
1378 3679 1649 3740 omnino
1696 3679 2003 3755 partibus
2047 3681 2377 3757 coalescit,
2426 3679 2799 3741 cuiusmodi
2833 3684 2939 3741 est
2968 3681 3145 3740 obie-

691 3804 872 3861 ctum
904 3798 1306 3876 'theologiae
1351 3796 1646 3858 Moralis.
1696 3796 1860 3857 Esto
1896 3796 2228 3872 prioribus
2259 3795 2500 3857 seculis
2533 3810 2844 3869 suprema
2874 3797 3141 3854 tantum

693 3917 915 3993 capita
951 3916 1420 3993 quaestionum
1467 3915 1817 3976 moralium
1850 3915 2165 3976 distincte
2202 3913 2450 3976 tradita
2494 3912 2767 3990 fuerint,
2802 3929 2885 3974 ex
2918 3912 3000 3973 iis
3045 3914 3148 3973 ta-

688 4050 836 4094 men
885 4035 1125 4108 sponte
1172 4048 1386 4092 novae
1432 4032 1860 4107 quaestiones
1907 4031 2082 4092 circa
2139 4048 2244 4091 res
2313 4030 2538 4090 adhuc
2584 4029 2849 4092 abditas
2906 4031 3148 4109 germi-

694 4149 968 4226 nabant,
1018 4148 1263 4224 quibus
1309 4149 1659 4224 oportebat
1705 4148 1924 4208 facere
1969 4148 2133 4208 satis
2178 4161 2426 4222 eaeque
2458 4145 2851 4227 explicatae,
2899 4148 3151 4224 quippe

691 4281 859 4340 qnae
906 4263 1429 4341 suppellectilem
1480 4269 1804 4342 augerent
1851 4264 2295 4325 humanarum
2346 4262 2808 4338 cognitionum
2881 4266 2952 4324 et
3019 4263 3151 4323 uti-

696 4383 955 4442 litatem
1011 4381 1368 4457 plurimam
1414 4382 1750 4455 afferrent,
1826 4397 1959 4440 non
2005 4385 2168 4458 erat,
2219 4396 2338 4440 cur
2391 4396 2432 4440 a
2486 4380 2772 4456 posteris
2843 4377 3153 4455 repudia-

693 4501 952 4557 rentur.
1005 4498 1111 4558 Ita
1156 4496 1226 4556 in
1273 4496 1436 4575 dics,
1487 4496 1878 4556 stimulante
1923 4495 2190 4555 assidue
2258 4498 2403 4556 tum
2466 4497 2776 4571 appetitu
2821 4497 2966 4555 tum
3035 4508 3153 4552 ne-
