3529 5158
391 401 533 472 [478]
1275 414 1623 457 varmen
1658 415 1949 459 cassa-1⁸10
2734 408 2843 466 453

390 516 533 598 post
584 515 796 578 actum
842 514 1224 578 contrarium
1270 531 1378 577 seu
1423 513 1994 579 contraventionem
2041 514 2350 601 privilegii
2385 518 2517 582 sine
2546 520 2848 601 protesta-

391 617 560 682 tione
604 616 858 695 factam,
907 616 1192 681 elabatur
1238 616 1482 699 tempus
1527 614 1900 700 legitimum,
1950 617 2029 681 ad
2082 620 2617 701 praescribendum
2669 622 2843 685 suffi-

386 719 550 784 ciens
599 722 662 785 et
705 720 941 784 interea
988 718 1420 803 privilegiatus
1467 720 1678 782 actum
1721 720 2105 784 contrarium
2149 740 2271 787 non
2317 724 2640 788 retractet:
2688 725 2842 805 puta

386 823 438 886 si
489 822 716 904 aliquis
762 823 1104 905 exemptus,
1153 820 1380 886 iudicio
1427 819 1736 884 Ordinarii
1767 840 1832 886 se
1863 822 2081 898 sistat;
2115 842 2186 887 ex
2218 842 2289 888 eo
2321 825 2597 908 tempore
2625 806 2843 909 incipit

384 922 748 988 Ordinarius
785 943 918 989 esse
949 924 1012 987 in
1044 923 1226 1006 quasi
1255 923 1638 1005 possessione
1681 923 2146 1001 iurisdictionis,
2186 942 2345 1007 quae
2380 927 2705 1010 possessio,
2745 926 2843 990 de-

383 1026 580 1091 cennii
612 1027 816 1110 spatio
853 1046 994 1091 cum
1025 1026 1188 1091 bona
1217 1026 1337 1090 fide
1365 1026 1749 1102 continuata,
1783 1027 2326 1111 praescriptionem
2357 1030 2644 1094 absolvit.
2663 1028 2841 1095 Alter

382 1128 604 1193 modus
649 1130 763 1205 est,
812 1148 919 1211 per
968 1129 1221 1191 tacitam
1266 1128 1792 1190 renuntiationem
1810 1149 1833 1204 ;
1880 1147 2025 1192 nam
2072 1130 2134 1192 in
2180 1133 2430 1195 externo
2491 1131 2625 1197 foro
2672 1150 2842 1213 prae-

250 1236 256 1242 '
383 1231 654 1297 sumitur
682 1231 805 1295 iuri
843 1250 913 1296 ac
944 1230 1268 1315 privilegio
1306 1248 1419 1295 suo
1450 1230 1823 1304 renuntiare,
1857 1231 1966 1311 qui
1996 1230 2126 1294 sine
2156 1233 2521 1297 necessitate
2558 1235 2837 1316 cogente,

389 1334 600 1398 actum
647 1334 703 1398 ei
749 1333 1132 1398 contrarium
1176 1332 1439 1397 exercet:
1479 1334 1554 1396 ut
1590 1331 1642 1396 si
1678 1333 1999 1416 exemptus
2044 1332 2353 1397 Ordinarii
2397 1334 2627 1401 iudicio
2657 1354 2724 1399 se
2758 1335 2838 1399 si·

380 1436 529 1500 stat.
564 1433 736 1514 Quae
778 1436 876 1500 est
919 1434 1263 1500 communis
1308 1434 1588 1497 doctrina
1624 1432 1886 1499 Glossae
1916 1437 1979 1498 et
2015 1436 2297 1501 Abbatis.
2347 1435 2656 1518 Ceterum,
2690 1438 2837 1521 quia

381 1538 532 1602 haec
578 1538 803 1603 decisio
849 1538 916 1603 in
961 1537 1461 1621 praesumptione
1492 1538 1971 1603 renuntiationis
2009 1539 2327 1618 fundatur,
2374 1540 2512 1606 ideo
2559 1542 2610 1606 si
2657 1542 2841 1624 privi-

378 1641 650 1725 legiatus
697 1643 909 1706 actum
945 1640 1328 1706 contrarium
1372 1658 1673 1716 exercenS,
1721 1658 1843 1704 non
1896 1640 2121 1704 habuit
2182 1643 2457 1706 animum
2512 1643 2837 1728 privilegio

379 1745 745 1829 simpliciter
787 1743 1204 1819 renuntiandi,
1252 1741 1359 1808 sed
1404 1742 1609 1807 solum
1655 1742 1862 1823 quoad
1907 1743 2089 1806 illum
2135 1745 2364 1820 actum,
2420 1744 2484 1809 in
2536 1745 2840 1809 conscien-

317 1850 324 1858 '
380 1848 504 1911 tiae
551 1846 684 1911 foro
732 1847 1128 1931 privilegium
1159 1865 1280 1910 non
1313 1844 1572 1909 amittit.
1607 1845 1741 1909 Imo
1774 1864 1971 1925 neque
2002 1845 2065 1909 in
2103 1847 2351 1910 externo
2382 1846 2517 1911 foro
2551 1847 2836 1912 amittere

385 1949 585 2025 debet,
635 1950 688 2013 si
734 1950 979 2013 constet
1024 1947 1123 2012 vel
1153 1966 1224 2012 ex
1271 1946 1512 2011 indiciis
1548 1946 1759 2031 colligi
1792 1948 2009 2030 possit,
2043 1948 2322 2013 animum
2360 1948 2723 2032 simpliciter
2750 1968 2840 2013 re-

380 2050 710 2116 nuntiandi
733 2050 1024 2128 abfuisse,
1057 2049 1176 2114 nisi
1199 2049 1453 2131 insuper
1482 2048 1672 2113 etiam
1694 2049 2015 2133 legitimae
2046 2051 2545 2134 praescriptionis
2570 2052 2834 2134 tempus,

379 2174 518 2218 cum
555 2153 937 2237 privilegiati
967 2152 1418 2230 taciturnitate,
1451 2151 1738 2215 decurrat
1769 2178 1830 2214 ».

557 2258 626 2320 9⁰
671 2255 1080 2340 Privilegium
1128 2253 1446 2319 amittitur
1504 2272 1612 2335 per
1666 2254 1952 2332 abusum,
1999 2275 2141 2319 cum
2197 2256 2338 2338 quis
2391 2276 2463 2321 ex
2508 2258 2833 2342 privilegio

378 2359 672 2443 peccandi
718 2360 1099 2424 occasionem
1146 2358 1342 2423 sumit
1388 2357 1501 2421 aut
1543 2356 1673 2434 fini,
1707 2357 1787 2421 ob
1817 2377 2000 2440 quem
2047 2359 2443 2442 privilegium
2480 2379 2835 2426 concessum

379 2465 491 2539 est,
540 2463 768 2528 directe
814 2464 944 2528 suis
990 2462 1198 2546 pravis
1228 2461 1506 2527 moribus
1536 2459 1971 2545 privilegiatus
2016 2464 2320 2545 repugnet
2355 2483 2412 2526 v.
2447 2483 2541 2547 gr.
2576 2464 2629 2527 si
2660 2464 2837 2529 bene-

379 2566 589 2633 ficiato
639 2566 963 2632 servitium
994 2564 1301 2630 Ecclesiae
1332 2564 1790 2630 commutatum
1826 2564 1912 2629 sit
1939 2565 2001 2630 in
2035 2565 2314 2631 studIum
2350 2586 2534 2650 penes
2579 2566 2837 2634 Univer-

377 2672 650 2748 sitatem,
700 2670 830 2754 ipse
878 2670 1090 2734 autem
1135 2668 1223 2733 ibi
1269 2669 1619 2734 actionibus
1663 2668 1994 2733 inutilibus
2039 2688 2105 2734 se
2150 2669 2367 2734 dedat:
2416 2670 2470 2735 is
2515 2689 2637 2737 non
2683 2671 2836 2737 facit

375 2775 617 2840 fructus
664 2790 830 2837 suos,
877 2771 1252 2853 Plerumque
1284 2771 1492 2835 tamen
1538 2788 1660 2836 non
1699 2771 2019 2836 amittitur
2057 2791 2128 2836 ex
2165 2772 2299 2855 ipsa
2328 2773 2418 2837 rei
2448 2775 2694 2851 natura,
2727 2774 2833 2840 sed

376 2877 474 2942 vel
519 2875 676 2940 iuris
722 2873 1167 2938 constitutione
1201 2872 1300 2937 vel
1335 2892 1441 2956 per
1486 2873 1706 2938 iudicis
1753 2875 2158 2950 sententiam3
2208 2876 2356 2957 quia
2394 2876 2646 2941 amissio
2681 2876 2834 2941 haec

372 2981 467 3046 est
511 2996 730 3062 poena.

557 3083 672 3145 10⁰
715 3078 1123 3163 Privilegium
1155 3078 1474 3143 amittitur
1504 3098 1612 3161 per
1646 3080 2104 3144 revocationem
2150 3078 2535 3143 concedentis
2573 3079 2672 3143 vel
2702 3098 2835 3144 suc-

373 3183 635 3250 cessoris
660 3182 811 3247 eius.
847 3178 1018 3260 Quae
1040 3180 1289 3263 quidem
1318 3181 1631 3244 revocatio
1655 3180 1879 3262 duplex
1904 3182 2017 3254 est,
2060 3179 2255 3242 altera
2287 3199 2601 3257 expressa,
2635 3180 2831 3244 altera

365 3288 589 3351 tacita.
626 3285 928 3368 Expressa
974 3283 1071 3346 vel
1116 3282 1190 3345 fit
1233 3282 1297 3346 in
1344 3281 1542 3364 specie
1589 3282 1687 3345 vel
1732 3300 1841 3363 per
1886 3280 2233 3344 clausulam
2274 3280 2654 3363 generalem:
2705 3301 2831 3345 non

375 3387 767 3454 obstantibus
819 3383 1300 3466 quibuscumque
1327 3382 1704 3464 m‘vileyiis.
1738 3383 1911 3446 Haec
1953 3384 2164 3446 tamen
2211 3381 2493 3445 clausula
2538 3400 2659 3446 non
2707 3402 2839 3447 cen·

376 3496 551 3559 setur
585 3507 871 3556 revocare
892 3487 1239 3571 privilegia,
1274 3505 1432 3568 quae
1463 3485 1524 3549 in
1558 3504 1810 3568 corpore
1840 3484 1995 3549 iuris
2019 3484 2432 3564 continentur,
2465 3485 2585 3551 nisi
2618 3506 2832 3551 eorum

375 3615 626 3683 quoque
664 3591 944 3658 clausula
977 3589 1370 3675 derogatoria
1404 3588 1803 3673 exprimatur.
1838 3585 1996 3653 Cum
2027 3587 2191 3652 enim
2222 3589 2517 3654 correctio
2562 3589 2718 3655 iuris
2747 3590 2836 3654 vi-

373 3701 566 3766 tanda
614 3697 699 3762 sit
744 3698 808 3760 et
850 3712 973 3758 non
1021 3692 1199 3758 facile
1243 3691 1708 3777 praesumenda,
1742 3691 1880 3756 ideo
1914 3691 2012 3755 ius
2043 3692 2327 3777 generale
2372 3692 2680 3775 posterius
2709 3712 2832 3758 non

371 3803 546 3869 tollit
592 3800 765 3885 prius
812 3800 1094 3882 speciale:
1144 3796 1197 3863 si
1246 3796 1324 3861 ob
1372 3794 1699 3878 specialem
1731 3794 2007 3877 aliquam
2043 3794 2347 3858 rationem
2395 3796 2717 3877 exceptum
2748 3796 2835 3858 vi-

373 3906 504 3970 deri
549 3904 767 3989 possit.
803 3904 1046 3968 Pariter
1091 3898 1415 3984 privilegia
1460 3916 1619 3980 quae
1663 3915 1787 3963 non
1833 3897 2227 3961 continentur
2272 3895 2336 3958 in
2382 3913 2633 3978 corpore
2677 3894 2832 3960 iuris

371 4009 436 4072 et
481 4006 712 4089 quibus
758 4005 920 4070 inest
965 4003 1266 4080 clausula,
1306 4000 1472 4083 quod
1503 4018 1625 4063 non
1662 3999 1925 4064 debeant
1971 3998 2198 4062 censeri
2245 3998 2513 4074 sublata,
2547 3997 2668 4062 nisi
2702 4017 2835 4081 spe-

371 4109 548 4174 cialis
597 4126 811 4172 eorum
858 4107 1089 4171 mentio
1134 4105 1267 4178 fiat,
1317 4122 1438 4170 non
1484 4103 1857 4167 revocantur
1892 4121 1999 4184 per
2043 4101 2219 4164 illam
2264 4100 2610 4165 clausulam
2654 4121 2833 4186 gene-

368 4212 566 4276 ralem
615 4228 802 4293 supra
847 4208 1097 4272 dictam.
1633 4197 1640 4200 ’

462 4312 864 4378 Revocantur
911 4312 1120 4374 autem
1168 4309 1524 4373 huiusmodi
1557 4308 1696 4373 aliis
1727 4308 2025 4372 clausulis
2057 4326 2114 4371 v.
2148 4326 2241 4390 gr.
2282 4326 2409 4370 non
2446 4304 2835 4373 obstantibus

379 4416 866 4500 quibuscumque
899 4411 1279 4494 mvileyiis,
1326 4410 1440 4475 sub
1484 4430 1859 4493 quocumque
1905 4408 2229 4473 verborum
2272 4408 2475 4489 forma
2528 4412 2833 4492 conceptis

371 4522 471 4586 vel
518 4519 770 4585 etiamsi
799 4517 873 4581 de
911 4515 1092 4580 verbo
1126 4515 1216 4579 ad
1240 4515 1492 4580 verbum
1522 4514 1740 4579 debeat
1774 4514 1849 4579 de
1878 4514 2013 4579 illis
2048 4515 2275 4577 mentio
2311 4513 2472 4594 fieri.
