3529 5158
368 318 525 394 [351]
668 334 818 382 Qum
857 334 942 374 ma
978 335 1366 377 DJSGEDENTD
1403 338 1445 377 A
1483 339 1637 381 Loco
1675 341 2019 382 munione-n
2059 344 2134 382 m·
2172 342 2520 386 com-nuno
2724 332 2837 386 553

371 450 430 494 n.
469 431 575 494 24.
609 431 941 495 secundam
987 432 1145 497 hanc
1191 435 1581 512 sententiam,
1631 456 1849 520 nempe
1896 439 2061 519 quod
2106 441 2485 505 monasteria
2523 441 2651 506 sint
2696 443 2834 507 loca

368 533 673 615 exempta,
717 533 991 616 appellat
1037 533 1214 597 valde
1248 536 1642 614 probabilem
1687 558 1758 603 ac
1805 541 2187 623 probabilem
2233 542 2473 607 dixerat
2521 547 2585 607 et
2629 544 2835 608 Diana

369 638 527 699 tom.
563 635 624 698 5.
659 638 842 700 tract.
883 637 1145 703 1.1·es01.
1189 640 1332 703 102.

445 779 657 831 XXXll.
679 778 795 833 2.Si
819 779 930 845 quis
955 779 1034 834 die
1053 779 1222 835 ieiunii
1249 791 1332 836 aut
1360 786 1483 836 festo
1511 784 1574 837 sit
1597 783 1644 838 in
1675 787 1784 839 loco
1805 786 1918 849 alio,
1945 802 2040 840 non
2068 788 2144 841 sui
2181 788 2424 842 territorii
2463 797 2547 843 aut
2586 797 2835 857 exempto,

370 861 455 916 ubi
481 869 596 916 tunc
623 877 719 917 non
745 872 820 918 est
839 863 1072 919 ieiunium
1113 874 1196 921 aut
1227 871 1421 931 testum,
1448 876 1610 934 potest
1633 869 1703 923 ibi
1730 873 2006 937 comedere,
2035 887 2271 927 exercere
2296 873 2514 927 servilia.
2544 877 2712 939 Laym.
2738 877 2835 928 loc.

367 945 453 1001 cit.
480 962 588 1014 cap.
621 949 703 1001 ll.
732 950 913 1003 Bonae.

457 1052 640 1126 348.
675 1057 970 1141 Exempla
1000 1059 1216 1124 ieiunii
1242 1063 1354 1124 aut
1383 1061 1504 1126 diei
1535 1062 1678 1127 festi
1711 1065 1919 1146 palam
1952 1065 2193 1129 faciunt
2216 1066 2675 1132 incommodam
2700 1088 2834 1133 esse

366 1160 744 1224 sententiam
774 1161 1105 1226 secundam
1137 1181 1279 1227 mox
1316 1165 1685 1246 explicatam
1722 1166 1797 1229 de
1828 1169 2054 1231 natura
2092 1169 2214 1232 loci
2244 1171 2515 1248 exempti
2544 1171 2614 1233 in
2638 1190 2835 1250 prae-

364 1263 538 1325 senti
571 1264 854 1326 naateria.
894 1263 1057 1328 Nam
1089 1265 1449 1350 RegulareS‚
1501 1270 1649 1332 utut
1685 1269 1953 1351 exempti
1985 1287 2021 1332 a
2059 1270 2484 1335 iurisdictione
2521 1272 2830 1355 Episcopi,

367 1366 580 1428 tamen
618 1367 907 1430 tenentur
938 1366 1011 1430 ad
1048 1367 1504 1433 observantiam
1553 1368 1854 1434 festorum
1900 1370 2422 1449 dioecesanorum,
2455 1373 2549 1437 ita
2583 1376 2656 1438 ut
2701 1375 2832 1439 sive

371 1467 538 1531 intra
569 1466 700 1531 sive
738 1471 910 1532 extra
941 1469 1215 1534 claustra
1247 1470 1392 1547 sint,
1433 1472 1710 1552 quandiu
1741 1472 1806 1535 in
1853 1472 2115 1538 dioecesi
2147 1474 2474 1552 exsistunt,
2526 1476 2834 1541 abstinere

367 1568 636 1632 debeant
680 1569 758 1633 ab
805 1570 1089 1652 operibus
1136 1572 1462 1637 servilibus
1510 1575 1572 1637 et
1618 1574 1880 1638 Missam
1928 1576 2174 1640 audire:
2216 1577 2309 1641 ita
2346 1576 2707 1643 Salmantic.
2757 1577 2833 1642 de

371 1669 685 1751 Privileq.
718 1691 850 1755 cap.
885 1673 947 1737 3.
981 1692 1041 1737 n.
1082 1675 1187 1738 30.
1225 1674 1363 1738 Vid.
1400 1695 1449 1739 s,
1483 1675 1668 1758 Alph.
1705 1676 1780 1739 de
1804 1676 2187 1759 Privileqiis
2218 1699 2277 1742 n.
2316 1681 2419 1743 78.

443 1833 676 1886 XXXlH.
704 1834 748 1886 3.
781 1835 831 1886 id
870 1833 1017 1888 ctiam
1056 1837 1203 1888 habet
1232 1839 1392 1888 locum
1420 1834 1468 1887 in
1509 1837 1785 1903 praeceptis
1811 1836 1935 1891 iuris
1961 1839 2249 1905 communis,
2281 1840 2322 1893 si
2361 1839 2408 1893 in
2451 1844 2559 1894 loco
2598 1840 2695 1894 isto
2734 1842 2832 1895 sint

370 1932 462 1970 usu
504 1919 736 1981 abrogata
776 1922 854 1972 vel
885 1933 981 1971 non
1021 1926 1215 1986 recepta
1259 1923 1334 1972 vet
1377 1923 1617 1974 habeatur
1656 1920 1985 1987 privilegium.
2025 1924 2185 1990 Quare
2224 1931 2364 1990 potes
2394 1940 2439 1976 v.
2467 1940 2539 1989 gr.
2570 1925 2830 1979 Mediolani

367 2001 544 2069 primis
579 2008 790 2068 quatuor
821 2001 998 2057 dicbus
1022 2003 1436 2071 Quadragesimae
1475 2006 1610 2058 vesci
1648 2006 1895 2072 carnibus„
1921 2021 2032 2062 cum
2069 2007 2119 2061 id
2145 2007 2215 2062 ibi
2244 2009 2403 2063 liceat.
2446 2012 2560 2063 item
2586 2009 2634 2063 in
2661 2010 2831 2074 Belgio

366 2086 590 2141 sabbatis
611 2086 739 2141 intra
758 2087 1070 2143 Nativitatem
1092 2096 1141 2143 et
1159 2088 1555 2143 Purificationem
1575 2090 1709 2144 vesci
1729 2091 1977 2157 carnibuS‚
1998 2091 2114 2145 item
2141 2091 2190 2145 in
2222 2096 2346 2157 loco,
2376 2093 2461 2147 ubi
2489 2093 2829 2149 Tridentinum

365 2187 466 2225 non
493 2179 568 2225 est
593 2180 861 2241 receptum,
887 2172 1049 2228 valide
1075 2173 1189 2238 (etsi
1213 2188 1307 2227 non
1337 2173 1488 2242 licite)
1522 2173 1647 2229 inire
1673 2174 2038 2229 matrimonium
2067 2175 2442 2231 clandestinum.
2467 2180 2609 2232 Suar.
2650 2182 2825 2233 Sanch.

363 2260 399 2312 Ι.
430 2258 480 2311 l.
505 2271 548 2311 c.
580 2260 661 2311 12.
687 2259 822 2312 Less.
849 2265 939 2312 etc.

456 2381 637 2457 349.
687 2385 915 2453 Sensus
959 2388 1358 2453 resolutionis
1405 2390 1519 2464 est,
1559 2388 1725 2469 quod
1762 2388 1819 2452 si
1848 2388 1989 2470 quis
2035 2388 2294 2454 exsistat
2338 2390 2403 2453 in
2450 2391 2586 2455 loco
2626 2392 2828 2472 (extra

361 2489 754 2554 territorium
803 2491 1036 2573 suum),
1085 2489 1193 2554 ubi
1238 2509 1359 2554 non
1392 2494 1676 2556 servatur
1707 2491 2028 2574 quidpiam
2058 2493 2368 2574 pertinens
2417 2493 2623 2557 adius
2669 2512 2830 2557 com·

361 2611 574 2667 mune,
608 2594 816 2676 potest
846 2595 910 2657 et
937 2594 1070 2676 ipse
1109 2612 1174 2658 se
1209 2594 1471 2659 eximere
1504 2594 1581 2658 ab
1617 2596 1729 2661 illo
1761 2596 1895 2659 iure
1934 2596 2254 2661 servando.

455 2694 754 2778 Exempla
778 2695 966 2759 habes
989 2714 1171 2778 penes
1195 2695 1550 2762 Auctorem.
1578 2697 1756 2778 Quod
1790 2700 1999 2762 tamen
2033 2699 2105 2762 de
2136 2699 2540 2764 matrimonio
2579 2699 2826 2777 dicitur,

361 2797 787 2881 exceptionem
822 2797 1031 2875 habet,
1071 2799 1192 2864 nisi
1222 2818 1293 2864 eo
1340 2800 1734 2882 perrexerint,
1778 2804 1850 2865 ut
1884 2801 1974 2865 ibi
2010 2819 2133 2865 non
2165 2803 2413 2866 servata
2452 2802 2653 2867 forma
2701 2802 2833 2866 Tri-

362 2899 621 2964 dentina
651 2900 1045 2974 contrahant,
1079 2920 1202 2983 qua
1240 2901 1313 2966 de
1351 2922 1415 2967 re
1449 2903 1572 2967 alio
1605 2903 1668 2966 in
1699 2903 1858 2968 loco.

472 3040 715 3094 XXXIV.
746 3040 793 3092 4.
822 3042 987 3093 Potest
1011 3039 1121 3106 quis
1145 3039 1400 3093 discedens
1426 3055 1565 3093 mane
1603 3055 1664 3094 cx
1703 3040 1904 3107 oppid0,
1941 3039 2021 3093 ubi
2049 3055 2144 3093 non
2172 3047 2248 3094 est
2281 3039 2533 3104 ieiunium,
2564 3040 2697 3092 vesci
2722 3056 2831 3093 car·

359 3125 526 3188 nibus,
550 3125 644 3178 etsi
670 3123 873 3178 meridie
898 3124 1147 3178 rediturus
1172 3124 1235 3177 sit
1273 3127 1490 3188 domum,
1521 3123 1605 3178 ubi
1630 3132 1704 3178 est
1743 3123 1978 3177 ieiunium
2004 3138 2095 3176 nec
2122 3130 2252 3187 tunc,
2281 3122 2363 3176 ubi
2390 3125 2589 3175 domum
2619 3123 2827 3186 venerit,

361 3209 612 3265 tenebitur
639 3211 701 3263 ad
725 3211 1021 3263 servandum
1047 3208 1280 3262 ieiunium
1308 3208 1400 3262 ista
1427 3208 1524 3271 die,
1549 3222 1658 3261 cum
1685 3208 1808 3262 illud
1834 3207 1930 3260 iam
1967 3205 2242 3273 violaverit,
2267 3205 2477 3271 ideoque
2502 3220 2705 3259 servare
2731 3220 2830 3259 non

361 3293 553 3360 possit;
589 3293 831 3348 tenebitur
868 3300 1028 3348 tamen
1066 3291 1198 3347 domi
1237 3295 1297 3346 ad
1344 3291 1684 3346 abstinentiam
1735 3306 1760 3343 a
1802 3290 2049 3355 carnibuS,
2089 3304 2201 3343 cum
2243 3289 2328 3343 itta
2368 3291 2526 3343 adbuc
2565 3288 2720 3355 possit
2758 3288 2828 3342 ibi

360 3378 577 3441 servari,
604 3393 661 3433 eo
696 3381 830 3446 quod
868 3377 933 3433 sit
970 3379 1188 3433 dividua.
1219 3377 1335 3430 Vid.
1362 3381 1537 3430 Sancti.
1566 3380 1596 3428 Ι.
1624 3391 1665 3430 c.
1695 3379 1831 3429 Less,
1859 3391 1902 3429 c.
1931 3379 1979 3428 2.
2008 3377 2056 3429 d.
2084 3377 2134 3428 8.

455 3483 634 3558 350.
662 3489 834 3554 Haec
865 3487 1164 3553 resolutio
1198 3487 1437 3551 nullam
1467 3486 1656 3550 habet
1693 3484 2149 3550 difficultatem.
2182 3484 2452 3549 Adverte
2476 3486 2706 3561 tamen,
2740 3483 2830 3548 in-

356 3591 568 3676 telligi
602 3591 674 3657 de
713 3591 999 3656 carnibus
1045 3588 1489 3654 manducandis
1521 3591 1704 3651 embra
1753 3587 2142 3652 territorium
2171 3587 2405 3652 ieiunii.
2442 3588 2542 3652 Ita
2590 3587 2643 3651 si
2690 3587 2829 3669 quis

359 3696 688 3760 Romanus
726 3694 823 3760 die
865 3697 933 3758 1ει
977 3693 1318 3769 Februarii,
1353 3711 1478 3774 qua
1511 3693 1746 3757 Romae
1792 3691 2128 3766 ieiunatur,
2162 3691 2390 3756 Tibure
2436 3710 2616 3756 mane
2665 3710 2833 3775 egre-

358 3797 536 3862 diens
574 3817 932 3862 reversurus
969 3816 1217 3881 vespere
1256 3794 1530 3873 domum,
1563 3814 1744 3860 mane
1781 3797 2130 3860 vesceretur
2162 3792 2469 3857 carnibus,

476 3955 697 4011 XXXV.
724 3957 774 4009 5.
800 3954 853 4009 Si
886 3954 997 4021 quis
1032 3953 1257 4007 abiturus
1296 3959 1371 4006 est
1407 3955 1531 4011 loco,
1559 3949 1642 4004 ubi
1679 3958 1753 4004 est
1785 3948 2019 4003 ieiunium
2059 3947 2275 4012 sciatque
2313 3952 2450 3999 certo
2477 3951 2830 4010 perventurum

360 4040 563 4109 vesperi
587 4043 650 4094 ad
676 4041 856 4105 locum,
886 4038 971 4092 ubi
995 4053 1091 4092 nou
1117 4037 1182 4091 sit
1206 4036 1458 4099 ieiunium,
1484 4043 1598 4090 tunc
1621 4034 1715 4089 etsi
1741 4049 1837 4088 non
1866 4033 2022 4100 possit
2046 4031 2115 4086 ibi
2144 4030 2280 4084 vesci
2301 4031 2546 4092 carnibus..
2574 4030 2702 4082 unde
2728 4028 2833 4081 abit

363 4128 499 4194 (cum
535 4125 632 4179 ista
661 4123 953 4179 abstinentia
990 4123 1054 4177 sit
1090 4122 1329 4188 dividua),
1357 4128 1519 4189 potest
1557 4128 1716 4174 tamen
1754 4118 1825 4173 ibi
1864 4133 2002 4172 mane
2028 4117 2215 4171 ientare
2254 4123 2303 4169 et
2340 4114 2544 4169 meridie
2571 4114 2829 4182 prandere,

361 4218 417 4264 ut
456 4218 628 4265 contra
666 4210 902 4277 quosdam
942 4209 1118 4262 docent
1145 4209 1281 4261 Lesa
1309 4214 1357 4259 et
1395 4209 1572 4259 Sancti.
1599 4219 1767 4272 supra.

454 4330 613 4405 351.
653 4332 716 4398 S.
755 4332 1111 4417 Alphonsus
1160 4330 1237 4393 ad
1283 4330 1342 4393 h.
1378 4327 1557 4393 resol.
1593 4348 1652 4391 n.
1693 4327 1839 4390 157.
1882 4325 2074 4403 addit,
2113 4326 2272 4388 hanc
2303 4325 2676 4389 sententiam
2711 4322 2835 4388 dici

365 4438 753 4524 probabilem
785 4455 822 4500 a
853 4432 1444 4501 Salmanticensibus
1490 4450 1633 4494 cum
1680 4428 1927 4494 Suarez.
1968 4429 2050 4493 Et
2080 4427 2283 4511 reipsa
2315 4426 2834 4492 Salmanticenses

364 4542 440 4606 (le
471 4540 694 4623 Lcyib.
734 4557 867 4623 cap.
907 4538 968 4601 3.
1007 4557 1067 4599 n.
1103 4536 1209 4599 68.
1245 4534 1520 4617 allegant
1566 4551 1676 4614 pro
1711 4533 1827 4596 hac
1864 4530 2171 4596 sententia
2203 4530 2395 4594 etiam
2427 4528 2682 4602 Suarez;
2723 4527 2828 4591 sed

530 4663 821 4715 Batauum,
850 4658 1022 4705 Hor-al.
1052 4658 1204 4701 Tomo
1230 4656 1270 4698 1.
2618 4649 2673 4691 23
