3529 5158
362 351 503 425 [118]
794 366 1059 407 annulo
1096 366 1345 408 omnim
1382 368 1448 408 m
1485 368 1677 409 61111111.
1717 369 1984 409 annum
2022 368 2345 409 vra'ruams
2717 354 2818 407 111

362 464 557 547 ponit,
609 463 844 528 virtute
890 464 1059 528 illius
1116 465 1520 529 ordinationis
1566 466 1821 530 manent
1867 466 1930 529 et
1976 466 2110 547 ipsa
2155 466 2219 528 in
2267 466 2466 529 Deum
2514 462 2816 541 ordinata,

360 584 469 629 seu
514 567 580 630 in
628 566 832 629 Deum
878 565 1095 630 relata.

450 664 585 738 118.
621 667 703 730 Et
736 667 1079 732 rectissima
1111 668 1359 749 quidem
1391 669 1487 733 est
1522 669 1643 732 ista
1684 669 1856 733 notio
1892 669 2299 733 ordinationis
2332 669 2394 731 in
2427 669 2646 732 Deum.
2680 666 2820 730 Non

360 770 523 833 enim
555 769 819 845 diverse,
870 769 975 833 sed
1023 788 1273 852 prorsus
1322 769 1533 834 eodem
1570 769 1775 845 mod0,
1811 789 1935 852 quo
1968 770 2250 855 singulae
2299 770 2590 843 actioneS,
2625 786 2823 833 neces-

357 871 557 935 sariae
589 891 648 935 v.
683 892 779 956 gr.
806 871 885 936 ad
907 872 1388 937 construendum
1413 873 1736 954 templum,
1772 873 2255 939 subordinantur
2284 872 2394 939 fini
2432 873 2648 955 templi
2679 891 2822 936 con-

359 972 638 1037 struendi
684 975 873 1055 616116
920 973 1070 1037 61160
1105 974 1157 1037 61
1190 974 1406 1057 templi
1453 974 1801 1039 aedificatio
1836 975 1908 1038 ad
1945 976 2060 1040 Dei
2089 975 2356 1059 gloriam
2393 974 2714 1052 referatur,
2751 993 2821 1039 eo

360 1074 490 1158 ipso
542 1075 621 1139 ad
668 1076 870 1139 Deum
918 1075 1150 1139 relatae
1189 1078 1512 1139 censentur
1544 1077 1815 1140 actiones
1855 1077 2136 1160 singulae
2175 1076 2370 1141 eidem
2407 1076 2517 1141 fini
2548 1077 2824 1141 subordi-

358 1177 576 1252 natae;
612 1176 705 1240 ita
739 1195 951 1242 omnes
984 1177 1257 1241 actiones
1288 1177 1607 1242 moraliter
1645 1178 1859 1253 bonae,
1901 1197 2060 1259 quae
2091 1198 2307 1260 nempe
2347 1180 2511 1243 recto
2560 1179 2822 1243 rationis

361 1277 559 1341 ordini
585 1279 735 1341 sunt
763 1297 1085 1355 consonae,
1121 1298 1191 1343 ex
1229 1298 1293 1342 se
1325 1281 1389 1343 et
1412 1280 1631 1362 suapte
1657 1280 1879 1343 natura
1914 1279 2396 1345 subordinantur
2426 1280 2535 1344 fini
2571 1280 2818 1355 ultimO,

356 1380 463 1461 qui
508 1383 606 1443 est
653 1381 767 1444 Dei
815 1381 1200 1462 obsequium,
1252 1401 1357 1463 per
1403 1381 1568 1464 quod
1616 1382 1678 1445 et
1724 1382 2170 1446 beatitudinem
2232 1383 2635 1463 assequimur.
2686 1383 2823 1446 Hac

356 1483 521 1546 enim
567 1482 809 1546 ratione
848 1485 987 1546 tum
1041 1503 1112 1547 ex
1165 1484 1251 1548 rei
1306 1485 1533 1547 natura
1582 1485 1717 1547 tum
1766 1503 1834 1547 ex
1885 1484 1999 1548 Dei
2044 1484 2448 1566 dispositione
2504 1484 2580 1547 ad
2626 1486 2818 1548 istum

356 1583 539 1647 finem
588 1584 886 1648 ultimum
932 1585 1118 1651 homo
1169 1585 1489 1650 ordinatur
1529 1588 1642 1667 (6).

444 1684 508 1749 Si
557 1705 707 1770 ergo
742 1687 821 1751 ad
868 1687 1201 1751 virtualem
1234 1689 1597 1753 relationem
1630 1690 1908 1753 omnium
1948 1691 2010 1751 et
2056 1689 2446 1772 singularum
2484 1690 2817 1764 actionum,

358 1806 514 1868 61166
538 1787 618 1851 611
643 1789 947 1870 templum
972 1789 1380 1855 extruendum
1403 1790 1822 1870 requiruntur,
1857 1790 2090 1853 sufficit
2122 1791 2174 1853 si
2206 1791 2392 1853 semel
2425 1791 2573 1855 haec
2607 1790 2821 1872 templi

357 1889 701 1955 aedificatio
743 1891 822 1955 ad
868 1891 983 1956 Dei
1029 1892 1297 1976 gloriam
1343 1891 1666 1967 referatur,
1708 1891 2040 1957 dummodo
2080 1895 2144 1955 et
2180 1911 2502 1974 quousque
2539 1893 2697 1957 hanc
2726 1911 2823 1956 re-

355 1991 650 2055 lationem
700 2011 810 2075 per
848 1994 1058 2057 actum
1097 1994 1479 2057 contrarium
1517 1994 1656 2075 quis
1686 2012 1809 2057 non
1849 1994 2209 2058 excluserit:
2245 2013 2281 2057 a
2319 1994 2454 2076 pari
2490 1995 2820 2077 postquam

354 2112 457 2175 per
502 2096 717 2158 actum
764 2094 1045 2159 caritatis
1094 2096 1301 2159 totum
1341 2114 1405 2161 se
1437 2096 1748 2178 quispiam
1798 2098 1860 2159 et
1906 2115 2019 2160 sua
2069 2096 2274 2160 omnia
2312 2096 2375 2159 in
2415 2097 2616 2160 Deum
2666 2096 2823 2160 ordi-

430 2444 491 2495 (a)
521 2441 765 2485 Advertit
794 2454 909 2485 cum
937 2442 1054 2485 aliis
1080 2442 1254 2485 doctor
1295 2454 1468 2486 recens
1497 2442 1806 2494 (Dominicns
1835 2440 2112 2484 Mannaioli
2140 2443 2195 2484 de
2217 2440 2561 2485 conditionibus
2587 2440 2652 2482 ad
2683 2442 2818 2482 meri·

349 2512 445 2551 tum
471 2511 710 2564 requisitis
746 2510 895 2552 Casus
926 2511 1266 2563 Conscientiae)
1287 2520 1400 2563 pag.
1416 2510 1486 2552 21.
1506 2510 1643 2563 quod
1666 2527 1684 2546 α
1705 2508 1887 2552 relatio
1913 2519 2122 2563 operum
2140 2509 2195 2550 in
2215 2508 2377 2551 Deum
2405 2506 2604 2561 proprie
2638 2510 2690 2549 et
2708 2506 2823 2549 stri·

348 2578 429 2619 cta
456 2574 827 2630 significatione
856 2575 1073 2619 virtuali-s
1094 2578 1186 2627 est,
1222 2575 1425 2628 qnando
1442 2574 1740 2630 praecedens
1761 2576 1907 2619 actus
1927 2574 2174 2628 caritatis,
2199 2573 2454 2618 mediante
2481 2572 2652 2627 aliquo
2679 2575 2816 2626 actu,

348 2641 435 2696 qui
461 2654 598 2685 nunc
626 2643 716 2694 sit,
746 2640 935 2685 influat
959 2642 1135 2695 aliquo
1181 2642 1326 2684 modo
1363 2642 1418 2685 in
1455 2645 1775 2695 praesentem
1801 2645 1991 2693 actum,
2020 2654 2109 2684 seu
2135 2641 2252 2684 aliis
2280 2640 2471 2684 verbis:
2502 2639 2732 2683 consistit
2762 2638 2815 2682 in

350 2711 465 2751 actu
493 2708 729 2751 caritatis
758 2708 882 2751 olim
911 2708 1084 2751 elicito
1104 2709 1155 2751 et
1176 2707 1343 2750 adhuc
1364 2711 1692 2761 permanente
1720 2720 1820 2751 non
1850 2708 2055 2762 quidem
2071 2707 2129 2750 in
2150 2720 2200 2751 se
2224 2709 2310 2764 (sic
2328 2708 2465 2751 enim
2493 2709 2622 2750 esset
2642 2709 2817 2767 actua·

346 2775 444 2828 lis),
471 2776 559 2819 sed
586 2776 785 2818 virtute
816 2775 869 2817 in
897 2775 998 2818 6110
1024 2780 1143 2818 actu
1171 2775 1235 2817 ad
1266 2787 1415 2828 quem
1437 2777 1603 2818 movet
1625 2775 1704 2818 vel
1724 2775 1979 2819 mediante
1999 2778 2282 2829 quomovet
2313 2776 2377 2817 ad
2405 2775 2568 2818 alium
2588 2778 2813 2818 actum...

348 2842 463 2885 Sine
489 2843 646 2885 dubio
673 2841 884 2895 (Suarez
902 2844 957 2886 de
979 2842 1118 2887 Orc-t.
1139 2842 1175 2885 l.
1196 2843 1264 2886 12.
1289 2855 1333 2886 6.
1351 2841 1395 2885 9.
1422 2855 1472 2886 6.
1488 2842 1548 2894 Ι.)
1568 2842 1631 2884 611
1648 2844 1900 2896 propriam
1921 2842 2222 2885 relationem
2241 2853 2329 2885 seu
2359 2842 2696 2886 intentionem
2718 2842 2818 2884 vir-

347 2909 540 2952 tualem
569 2909 664 2952 hoc
692 2909 1034 2952 necessarium
1063 2913 1138 2952 est
1168 2912 1244 2963 (ut
1278 2910 1523 2952 nimirum
1552 2909 1854 2962 praecedens
1885 2913 2032 2953 actus
2061 2910 2309 2961 caritatis,
2352 2909 2607 2953 mediante
2647 2910 2822 2963 aliquo

346 2977 446 3020 alio
469 2982 608 3029 actu,
639 2977 730 3030 qui
760 2988 897 3019 nunc
926 2976 1008 3029 sit,
1040 2976 1230 3018 influet
1259 2977 1430 3030 aliquo
1458 2976 1603 3018 modo
1629 2976 1681 3018 in
1704 2980 2022 3029 praesentem
2051 2980 2258 3029 actum),
2289 2980 2347 3018 ut
2377 2976 2430 3018 in
2458 2976 2500 3019 3.
2532 2979 2667 3020 tomo
2695 2977 2738 3019 3.
2770 2990 2819 3030 p.

345 3043 477 3097 disp,
510 3042 580 3086 13.
622 3045 745 3086 sect.
789 3043 831 3086 8.
879 3043 1036 3086 latius
1081 3042 1185 3085 dixi
1209 3041 1461 3091 ».Quibns
1506 3042 1794 3096 praemissis
1835 3043 2006 3085 subdit
2050 3044 2221 3087 doctor
2260 3042 2348 3085 ille
2386 3054 2562 3087 recens
2603 3043 2818 3086 citatus:

354 3127 371 3147 e
391 3109 527 3160 Dice,
557 3114 733 3153 actum
762 3109 914 3154 illum
958 3108 1207 3161 caritatis,
1237 3120 1386 3162 quem
1416 3109 1564 3153 homo
1593 3109 1758 3151 iustus
1793 3109 1916 3152 olim
1952 3109 2129 3152 elicuit
2165 3120 2257 3151 nec
2285 3109 2604 3160 retractavit,
2642 3121 2742 3162 quo
2769 3122 2821 3151 se

348 3188 539 3231 666666
575 3175 747 3220 omnia
777 3176 833 3219 in
861 3176 1020 3220 Deum
1051 3176 1249 3227 retulit,
1280 3176 1580 3230 neutiquam
1616 3175 1844 3217 sufficere
1871 3173 1937 3217 ad
1971 3175 2358 3227 imprimendam
2379 3174 2655 3216 virtualem
2684 3174 2820 3216 ordi-

347 3244 608 3288 nationem
641 3244 697 3287 in
731 3243 895 3286 Deum
930 3243 1083 3287 finem
1116 3243 1361 3286 ultimum
1397 3241 1844 3295 supernaturalem
1883 3242 1939 3283 in
1968 3241 2197 3284 omnibns
2240 3240 2436 3284 actibus
2475 3239 2818 3293 sequentibus,

347 3312 433 3364 qni
459 3312 612 3354 iuxta
641 3310 849 3353 moralis
885 3309 1167 3354 honestatis
1196 3309 1427 3365 regulam
1457 3309 1520 3351 ab
1549 3308 1721 3351 eodem
1754 3308 1958 3351 homine
1987 3307 2261 3350 iustificate
2287 3307 2520 3360 deinceps
2550 3307 2822 3360 prodeunt,

346 3378 531 3432 quique
560 3389 655 3421 nec
684 3376 868 3421 actuali
902 3390 994 3421 nec
1040 3377 1237 3420 virtuali
1260 3378 1459 3430 proprie
1494 3376 1621 3417 dicta
1659 3374 1978 3417 ordinatione
2014 3373 2077 3416 ab
2119 3374 2210 3416 illo
2249 3373 2480 3416 caritatis
2508 3377 2627 3416 actu
2656 3385 2823 3426 proce·

344 3443 474 3487 dunt
492 3459 503 3485 ι
523 3443 755 3498 adeoque
783 3443 849 3486 ad
877 3442 968 3485 hos
995 3445 1148 3504 actus„
1169 3443 1303 3497 quod
1334 3444 1543 3495 spectat,
1576 3440 1831 3484 ordinatio
1862 3439 2152 3484 huiusmodi
2171 3442 2405 3494 obice-tiva,
2435 3440 2640 3484 nomine
2668 3443 2823 3483 tenus

344 3510 549 3564 quidem
578 3511 703 3553 talis
740 3509 857 3562 erit,
887 3521 1066 3552 revera
1094 3512 1169 3552 est
1199 3509 1348 3552 nulla
1369 3526 1407 3550 2.
1438 3507 1589 3550 Ratio
1616 3512 1792 3552 autem
1819 3508 2022 3550 brevius
2050 3511 2329 3559 eontracta,
2358 3506 2455 3550 nisi
2485 3509 2623 3550 totus
2650 3505 2821 3560 fallor,

344 3575 442 3619 huc
469 3575 630 3619 redit:
661 3576 787 3630 quia
816 3574 905 3619 ille
948 3576 1144 3629 primus
1187 3579 1331 3618 actus
1370 3578 1445 3617 est
1483 3575 1688 3629 quidem
1731 3575 2038 3618 desiderium
2081 3574 2333 3628 quoddam
2374 3586 2473 3627 660
2500 3574 2642 3629 cupit
2671 3573 2824 3616 homo

344 3646 395 3685 et
422 3643 561 3696 vult,
593 3646 657 3686 ut
685 3655 860 3686 omnes
887 3645 1035 3686 actus
1063 3643 1425 3697 subsequentes
1453 3643 1741 3684 referantur
1769 3641 1824 3684 in
1853 3641 2028 3692 Deum,
2056 3640 2142 3684 sed
2170 3653 2272 3685 non
2300 3652 2452 3684 causa
2479 3640 2699 3685 influens
2727 3640 2823 3684 sal·

346 3714 447 3752 tem
475 3709 705 3752 mediata
733 3709 788 3752 in
818 3710 1171 3753 exsistentiam
1200 3708 1384 3753 horum
1412 3710 1639 3759 actuum,
1668 3708 1754 3762 qui
1786 3708 1996 3761 proinde
2023 3708 2087 3750 ab
2114 3708 2206 3750 illo
2235 3721 2325 3751 nec
2353 3712 2474 3752 actu
2503 3721 2594 3752 666
2625 3709 2822 3752 virtute

344 3774 631 3830 dependent
651 3791 661 3819 :
683 3775 770 3819 sed
800 3788 852 3819 se
872 3776 1064 3819 habent
1084 3776 1149 3819 ad
1177 3775 1332 3818 illum
1353 3776 1485 3818 sicut
1506 3775 1682 3828 pluvia
1698 3774 1766 3816 ad
1785 3775 2104 3817 voluntatem
2135 3775 2386 3829 agricolae
2407 3775 2495 3829 6111
2524 3774 2653 3817 forte
2675 3774 2823 3817 illam

344 3843 611 3896 expetivit3
648 3842 690 3886 si
726 3843 861 3886 enim
892 3843 1125 3896 deinceps
1154 3842 1432 3897 contingat,
1464 3841 1674 3884 dicenda
1701 3840 1912 3895 quidem
1937 3841 2036 3884 erit
2064 3840 2128 3884 ab
2155 3841 2262 3894 ipso
2289 3839 2571 3884 desiderata
2591 3843 2643 3885 et
2663 3840 2823 3894 volita,

345 3921 445 3951 6011
472 3921 595 3952 vero
617 3911 895 3963 processisse
925 3909 1142 3952 dicenda
1171 3909 1267 3951 erit
1295 3910 1353 3951 ab
1380 3910 1579 3952 eiusdem
1608 3907 1857 3950 voluntate.

422 3975 503 4018 Ad
531 3976 904 4031 argumentum
932 3987 1052 4018 vero
1068 3974 1280 4018 ductum
1309 3974 1371 4018 ab
1398 3974 1705 4017 auctoritate
1734 3987 1770 4016 s.
1798 3974 2028 4026 Thomas,
2060 3972 2302 4025 advertit,
2332 3985 2441 4027 pag.
2472 3973 2542 4016 24.
2573 3972 2827 4026 exempla,

342 4042 522 4095 quibus
551 4055 592 4086 s.
625 4041 815 4085 Doctor
836 4041 1148 4085 sententIam
1168 4053 1311 4085 suam
1340 4041 1583 4094 declarat,
1601 4041 1654 4084 in
1674 4041 1737 4083 iis
1751 4053 1946 4093 semper
1963 4039 2170 4088 versari,
2200 4039 2255 4082 in
2282 4039 2467 4094 quibus
2484 4049 2658 4091 reapse
2677 4041 2826 4081 actus

344 4107 646 4162 praecedens
680 4107 980 4150 virtualiter
1011 4112 1296 4162 perseveret
1319 4110 1371 4151 et
1393 4111 1470 4151 est
1490 4108 1624 4151 ratio
1648 4120 1738 4150 eur
1759 4108 1852 4150 alii
1872 4108 2018 4150 actus
2040 4105 2183 4148 fiant.
2214 4106 2350 4149 Haec
2377 4105 2584 4149 uberius
2602 4104 2826 4149 dilatata

344 4174 502 4219 videri
539 4177 757 4229 possunt
785 4174 845 4216 in
871 4174 990 4218 diss.
1028 4174 1188 4217 citata
1226 4177 1277 4218 et
1309 4173 1528 4217 fatemur
1564 4174 1630 4217 ab
1664 4174 1745 4216 his
1774 4186 1864 4217 nos
1892 4186 1991 4216 non
2019 4173 2303 4215 abhorrere.

417 4241 588 4286 Unum
617 4245 800 4285 autem
829 4242 1017 4284 saltem
1044 4247 1119 4285 est
1148 4242 1282 4296 quod
1311 4242 1366 4286 in
1394 4242 1489 4286 hac
1506 4243 1617 4296 ipsa
1637 4241 1836 4285 dissert.
1857 4241 2068 4295 probare
2101 4252 2202 4284 non
2230 4251 2510 4294 possumus.
2527 4239 2733 4285 Scilicet
2752 4241 2824 4286 di·

339 4308 552 4352 scrimen
581 4307 803 4352 virtutis
833 4309 1242 4361 supernaturalis
1270 4321 1302 4351 6
1322 4309 1551 4352 naturali
1579 4308 1854 4363 petendum
1875 4320 1979 4351 esse
1999 4320 2060 4351 ex
2079 4307 2294 4351 obiecto:
2318 4307 2627 4364 principium
2647 4322 2684 4352 s.
2701 4309 2823 4352 Tho-

340 4385 446 4417 11166
472 4376 610 4429 611οᾱ
638 4373 937 4418 differentia
966 4374 1225 4419 virtutum
1252 4377 1383 4420 sicut
1414 4379 1464 4419 et
1492 4378 1723 4426 actuum,
1752 4375 1820 4417 sit
1848 4375 1913 4417 ab
1940 4374 2165 4428 obiectis,
2190 4376 2332 4419 valet
2360 4375 2424 4418 ad
2468 4376 2826 4420 discernendas

342 4442 558 4486 virtutes
587 4443 646 4486 in
676 4440 859 4485 eodem
878 4441 1049 4486 ordine
1079 4443 1187 4488 sive
1207 4443 1435 4487 naturali
1454 4444 1560 4486 sive
1580 4442 1985 4496 supernaturali:
2018 4445 2072 4486 at
2100 4443 2142 4485 61
2172 4442 2390 4486 virtutes
2410 4443 2672 4487 naturales
2706 4455 2822 4487 cum

339 4508 828 4563 supernaturalibus
857 4513 1231 4563 comparentur,
1252 4523 1381 4565 quae
1410 4509 1687 4553 intrinseca
1705 4509 1950 4552 differunt
1972 4509 2290 4563 perfectione,
2336 4509 2669 4553 consideratio
2697 4510 2823 4554 obie-

340 4578 530 4633 ctorum
560 4576 630 4620 ad
660 4574 806 4619 nihil
837 4576 1088 4630 conducit,
1118 4589 1233 4621 cnm
1262 4578 1433 4621 eadem
1466 4577 1659 4621 obiecta
1677 4577 1741 4620 ab
1760 4577 1992 4630 utrisque
2013 4576 2294 4619 virtutibus
2324 4576 2514 4632 attingi
2532 4578 2741 4632 possint.
2765 4577 2807 4619 E
