3529 5158
708 298 818 353 540
1105 313 1316 354 minor.
1353 313 1435 352 1v.
1478 312 1564 350 Dm
1601 307 1906 349 muca-ns.
1944 306 2142 349 CAPUT
2179 308 2218 348 1.
2256 307 2399 349 Dus.
2437 307 2502 348 11.
2541 307 2679 348 Aur.
2719 309 2782 349 ιι.
3030 295 3174 371 [599]

801 409 885 473 Et
929 410 1168 473 Auctor
1212 407 1461 490 quidem
1506 407 1662 470 duas
1698 406 1950 470 tantum
1997 405 2336 469 sententias
2366 404 2590 469 refert:
2626 405 2890 469 alteram
2936 425 3171 484 eorum,

710 512 819 592 qui
850 511 1081 587 dicunt,
1116 529 1363 593 peccare
1394 508 1719 574 venialiter
1747 509 2000 572 tantum
2035 507 2235 584 illum,
2264 506 2376 588 qui
2402 525 2526 571 non
2562 507 2839 585 resistat,
2870 508 2979 573 sed
3009 528 3175 575 mere

712 613 998 696 negative
1044 631 1109 676 se
1149 612 1369 677 habet:
1406 612 1669 676 alteram
1700 610 1919 691 (quam
1965 609 2267 673 veriorem
2297 608 2475 693 dicit)
2507 627 2742 688 eorum,
2781 610 2890 692 qui
2935 610 3170 688 dicunt,

709 733 851 778 eum
889 734 1136 798 peccare
1181 715 1551 779 mortaliter.
1587 711 1703 777 Sed
1750 710 2027 775 addenda
2064 712 2161 775 est
2198 711 2387 776 tertia
2432 712 2740 776 sententia
2787 713 2952 795 apud
2983 734 3035 778 s,
3067 715 3174 779 Ai-

710 818 1016 900 phonsum
1045 819 1153 882 lib.
1190 820 1249 882 5.
1284 837 1342 881 n.
1379 819 1462 895 6.,
1497 817 1766 881 aliorum
1812 832 2048 897 nempe,
2081 813 2189 894 qui
2227 813 2459 890 dicunt,
2499 813 2682 878 illum
2711 814 2869 878 nihil
2899 835 3168 898 peecare.

795 920 988 984 Porro
1021 920 1183 984 idem
1229 940 1278 984 s.
1318 919 1672 1002 Alphonsus
1707 916 2134 999 quaestionem
2166 916 2258 980 ita
2290 915 2548 992 dirimit,
2582 918 2655 979 ut
2700 915 2824 980 fere
2870 936 3015 981 cum
3045 920 3172 983 Au·

710 1003 878 1086 ctore
940 1021 1306 1100 consentiat,
1356 1039 1605 1103 peccare
1656 1020 1897 1083 leviter.
1945 1017 2110 1082 Nam
2162 1017 2367 1099 quoad
2426 1019 2553 1082 tres
2611 1017 2755 1082 illas
2808 1021 3168 1100 sententias,

707 1124 1051 1206 generatim
1084 1124 1158 1188 de
1190 1123 1466 1188 motibus
1513 1122 1828 1205 appetitus
1874 1121 2154 1184 sensitivi
2198 1120 2359 1183 circa
2405 1120 2716 1185 obiectum
2763 1121 2879 1185 sub
2914 1124 3168 1188 mortali

707 1227 1109 1308 prohibitum,
1144 1227 1231 1290 sic
1276 1225 1466 1288 habet
1501 1225 1542 1287 l.
1577 1243 1659 1288 c.:
1694 1247 1729 1281 «
1761 1223 1975 1287 Tertia
2022 1224 2085 1287 et
2124 1242 2270 1285 vera
2303 1222 2609 1286 sententia
2654 1242 2798 1287 cum
2844 1242 2893 1287 s.
2927 1224 3172 1290 Thema

703 1328 778 1390 de
828 1329 1017 1392 Verit.
1054 1349 1112 1411 q.
1152 1328 1254 1393 16.
1291 1348 1344 1391 a.
1387 1329 1448 1391 4.
1485 1327 1562 1391 ad
1614 1329 1714 1390 10.
1766 1328 1955 1401 tenet,
1995 1327 2271 1390 cessante
2317 1325 2590 1408 periculo
2636 1345 2990 1404 consensuS,
3041 1347 3170 1393 esse

708 1431 945 1495 veniale
981 1450 1103 1495 non
1134 1431 1418 1495 resistere
1449 1429 1714 1512 positive
1751 1427 2028 1492 motibus
2059 1427 2313 1504 illicitiS,
2348 1427 2454 1491 sed
2491 1446 2613 1493 non
2650 1429 2938 1494 mortale.
2977 1429 3170 1512 quue

707 1533 954 1597 videtur
999 1551 1275 1616 expresse
1322 1531 1685 1598 confirmare
1716 1549 1764 1594 s.
1801 1529 2020 1594 Thom.
2061 1530 2117 1592 1.
2163 1531 2223 1593 2.
2262 1548 2322 1611 q.
2361 1530 2463 1593 74.
2499 1549 2554 1593 a.
2595 1532 2679 1608 4.,
2721 1532 2830 1596 ubi
2860 1533 2981 1596 ait:
3014 1531 3171 1598 Pec-

698 1637 904 1698 catum
948 1633 1208 1698 mortale
1245 1653 1373 1698 non
1405 1636 1617 1714 potest
1657 1651 1788 1696 esse
1819 1633 1890 1694 in
1919 1630 2345 1705 sensualitate,
2384 1631 2496 1695 sed
2537 1632 2739 1696 solum
2785 1635 2857 1697 in
2900 1636 3164 1704 ratz‘mne.

705 1737 893 1801 Ratio
939 1737 1136 1822 igitur
1181 1739 1296 1811 est,
1329 1737 1469 1800 tum
1501 1735 1649 1816 quia
1678 1752 2011 1798 consensus
2044 1733 2121 1798 ad
2157 1735 2434 1817 graviter
2464 1735 2840 1816 peccandum
2878 1756 3001 1801 non
3031 1758 3170 1821 pro-

706 1839 874 1902 venit
920 1859 991 1903 ex
1026 1839 1327 1922 appetitu,
1363 1837 1467 1901 sed
1499 1856 1570 1900 ex
1611 1837 1953 1913 voluntate,
1988 1854 2146 1917 quae
2191 1855 2335 1900 cum
2380 1855 2501 1900 non
2539 1839 2805 1920 positive
2836 1841 3164 1920 consentit,

706 1960 826 2005 non
874 1941 1293 2005 committitur
1339 1939 1661 2022 peccatum
1707 1938 2005 2002 mortale:
2040 1939 2104 2002 et
2148 1938 2285 2002 ideo
2333 1939 2751 2005 committitur
2794 1943 3058 2020 veniale,
3107 1945 3168 2008 in

705 2045 1011 2124 quantum
1060 2044 1245 2106 homo
1276 2060 1489 2105 cavere
1528 2040 1726 2116 debet,
1760 2060 1835 2104 ne
1871 2039 2184 2123 appetitus
2222 2041 2437 2106 trahat
2472 2044 2614 2124 post
2650 2060 2714 2106 se
2753 2044 3167 2124 voluntatem,

703 2144 808 2207 sed
856 2146 1005 2208 haec
1052 2144 1375 2227 obligatio,
1422 2142 1667 2224 quando
1713 2142 2058 2225 periculum
2104 2160 2435 2207 consensus
2481 2163 2601 2208 non
2650 2146 2748 2209 est
2792 2147 3166 2228 proximum,

705 2252 801 2313 est
845 2251 1097 2313 tantum
1134 2249 1315 2324 levis3
1351 2250 1489 2312 tum
1522 2248 1669 2329 quia
1699 2248 1754 2310 si
1787 2247 1902 2311 sub
1934 2247 2112 2330 gravi
2142 2250 2491 2312 teneremur
2522 2267 2732 2313 omnes
2763 2252 2981 2315 motus
3012 2252 3172 2316 inor-

705 2350 952 2416 dinatos
984 2351 1250 2433 positive
1285 2350 1597 2432 repellere,
1637 2352 1988 2413 teneremur
2034 2348 2112 2412 ad
2142 2349 2555 2431 impossibile3
2589 2351 2978 2433 impossibile
3008 2356 3171 2419 enim

702 2455 815 2531 est,
837 2455 910 2517 ut
935 2454 1025 2517 ait
1050 2451 1268 2529 Caiet.,
1289 2471 1499 2516 omnes
1524 2451 1638 2516 hos
1660 2453 1873 2515 motus
1890 2449 2196 2513 collective
2211 2454 2497 2534 sumptos
2521 2453 2787 2535 positive
2809 2473 3163 2521 coercere».

789 2551 961 2627 599.
990 2555 1071 2619 Et
1093 2555 1218 2619 ista
1248 2553 1494 2636 quidem
1527 2553 1733 2636 quoad
1770 2553 2036 2637 primam
2068 2556 2309 2636 partem
2345 2555 2760 2638 responsionis
2790 2557 3001 2624 valere
3031 2578 3170 2643 pos-

702 2662 867 2736 sunt,
904 2660 1010 2723 ubi
1041 2658 1278 2723 Auctor
1306 2659 1586 2740 loquitur
1622 2658 1686 2721 in
1722 2658 2052 2742 hypothesi
2089 2659 2404 2723 absentiae
2439 2661 2715 2742 periculi.

785 2761 1003 2842 Quoad
1035 2761 1223 2825 aliam
1254 2781 1399 2826 vero
1448 2763 1705 2844 partem,
1742 2761 1849 2824 ubi
1881 2760 2304 2826 consideratur
2334 2763 2491 2827 illud
2522 2765 2886 2846 periculum,
2921 2766 3168 2834 faciunt

700 2886 792 2945 ea,
819 2884 977 2946 quae
1010 2883 1057 2928 s.
1085 2864 1438 2948 Alphonsus
1470 2882 1614 2927 mox
1645 2883 1716 2927 ex
1747 2862 1962 2927 eodem
1987 2864 2285 2947 principio
2318 2864 2570 2930 subiicit
2597 2866 2745 2930 ibid.
2780 2886 2839 2931 n.
2881 2869 2975 2933 7.:
3011 2895 3047 2929 ‹
3079 2870 3165 2934 Ex

702 2970 798 3033 his
829 2970 1039 3032 tamen
1062 2968 1342 3043 infertur,
1371 2965 1535 3048 quod
1567 2965 1814 3047 quando
1847 2966 2174 3030 delectatio
2206 2986 2462 3032 venerea
2484 2971 2859 3052 supervenit,
2881 2975 3167 3038 tenemur

703 3072 819 3136 sub
854 3070 1032 3155 gravi
1063 3070 1327 3153 positive
1375 3069 1430 3133 ei
1478 3069 1794 3143 resistere:
1831 3069 1977 3149 quia
2023 3069 2381 3133 huiusmodi
2415 3073 2882 3149 commotiones,
2918 3077 3167 3157 quando

707 3177 854 3239 sunt
875 3175 1284 3245 vehementes,
1311 3173 1365 3236 si
1396 3173 1660 3255 positive
1683 3190 1804 3235 non
1830 3172 2226 3253 repellantur,
2254 3172 2477 3237 saltem
2501 3193 2609 3256 per
2626 3178 2838 3238 actum
2858 3177 3164 3257 simplicis

704 3277 1152 3357 displicentiae,
1186 3277 1449 3339 trahunt
1484 3294 1692 3339 secum
1738 3293 2102 3337 consensum
2150 3275 2494 3339 voluntatis
2525 3300 2586 3339 ι».
2621 3276 2744 3341 Ubi
2785 3278 3033 3359 videtis,
3071 3300 3166 3345 ra-

696 3382 930 3444 tionem
978 3378 1104 3460 peti
1138 3397 1208 3440 ex
1242 3377 1510 3459 periculo
1543 3395 1893 3442 consensus.
1928 3375 2227 3454 Quocirca
2258 3395 2307 3441 s,
2341 3377 2696 3461 Alphonsus
2743 3399 2867 3445 non
2915 3382 3163 3449 videtur

702 3479 1042 3562 quidquam
1090 3478 1319 3542 deferre
1365 3479 1614 3553 rationi,
1655 3497 1844 3560 quam
1893 3478 2002 3541 alii
2047 3478 2109 3542 in
2155 3478 2272 3543 hac
2318 3480 2677 3560 quaestione
2723 3486 2967 3568 urgent,
3008 3485 3160 3548 obli-

699 3585 1015 3668 gationem
1050 3582 1332 3646 videlicet
1378 3582 1697 3647 cohibendi
1745 3582 2092 3664 appetitum
2130 3584 2515 3660 sensitivum,
2548 3604 2625 3649 ne
2662 3586 2726 3649 in
2756 3591 2968 3651 motus
2997 3588 3157 3653 inor-

687 3686 934 3750 dinatos
967 3688 1267 3750 excurrat.

790 3783 966 3858 600.
1008 3787 1091 3851 Et
1128 3788 1279 3851 haec
1310 3785 1556 3868 quidem
1590 3786 1795 3867 quoad
1819 3786 2201 3867 quaestionis
2233 3787 2671 3852 substantiam.
2705 3788 2823 3854 Sed
2856 3796 3009 3857 sunt
3039 3794 3159 3858 alia

711 3890 1016 3973 quaedam
1049 3891 1272 3953 notatu
1305 3889 1670 3973 dignissima
1702 3890 1839 3952 tum
1873 3888 1946 3953 ut
1976 3888 2212 3952 indoles
2243 3890 2698 3954 controversiae
2727 3895 3159 3977 cognoscatur,

698 3995 834 4057 tum
882 3996 956 4057 ut
1001 3992 1279 4056 vitentur
1324 3990 1560 4073 scopuli
1607 3991 1769 4055 inter
1814 3990 2104 4075 legendos
2150 3991 2466 4055 Doctores.

792 4096 871 4159 Et
904 4095 1109 4178 quoad
1134 4095 1525 4172 sententiam,
1553 4112 1711 4175 quae
1744 4113 1942 4175 neque
1974 4093 2276 4158 venialem
2307 4093 2553 4176 culpam
2584 4097 2818 4178 reperit
2840 4098 2905 4162 in
2929 4119 3020 4176 eo,
3052 4101 3158 4182 qui

704 4218 869 4263 mere
906 4198 1196 4281 negative
1233 4216 1298 4260 se
1346 4196 1533 4260 habet
1571 4198 1634 4260 et
1663 4215 1843 4277 quae,
1877 4200 1952 4260 ut
1987 4197 2172 4260 refert
2221 4219 2268 4260 S.
2302 4197 2486 4279 Alph.
2527 4198 2634 4261 lib.
2670 4201 2731 4262 5.
2767 4220 2827 4264 n.
2865 4203 2948 4279 6.,
2986 4203 3160 4268 iuxta

697 4300 1057 4363 Salmantic.
1085 4298 1491 4362 communiter
1518 4299 1806 4362 reite-itur
1837 4300 1901 4361 et
1932 4317 1968 4362 a
2005 4298 2189 4363 Croix
2219 4300 2446 4363 dicitur
2479 4300 2547 4362 in
2567 4303 2772 4379 praxi
2800 4302 3166 4371 nullatenus

709 4400 992 4475 tenenda,
1027 4401 1089 4464 in
1122 4401 1338 4483 primis
1370 4400 1715 4464 notandum
1761 4405 1856 4465 est
1905 4400 2252 4486 diligenter,
2286 4401 2594 4482 quomodo
2632 4421 2772 4468 eam
2809 4404 3166 4475 describunt

699 4502 858 4579 DD„
909 4504 1017 4584 qui
1065 4504 1272 4584 aliquo
1312 4502 1496 4566 modo
1536 4521 1647 4584 pro
1691 4523 1764 4567 ea
1812 4505 2057 4569 stetisse
2102 4502 2409 4568 dicuntur.
