3529 5158
1114 367 1202 406 nn
1234 367 1446 408 unum
1483 366 1530 406 6.
1570 365 1876 407 Alaenoi-isi
1913 365 2044 406 me.
2706 350 2813 408 637

338 467 639 549 gumento
663 465 728 529 in
751 464 1183 530 communibus
1200 462 1575 528 editionibus
1600 464 1739 527 tum
1756 461 2128 544 Theoloyiae
2145 461 2428 526 Moralis
2445 465 2584 527 tum
2609 463 2812 546 operis

341 566 550 631 Homo
585 566 997 646 Apostolimas
1026 566 1448 631 inveniuntur.

430 668 514 732 Et
536 687 683 733 sane
705 669 770 732 in
793 668 1060 733 editione
1085 667 1452 733 Taurinensi
1475 667 1691 750 Operis
1708 667 1898 731 Hom.
1918 667 2142 747 Apost.
2164 687 2303 732 ann.
2331 668 2521 731 1829.
2541 669 2724 734 tract.
2750 669 2808 731 1.

341 789 474 854 cap.
508 772 569 835 3.
604 791 665 835 n.
706 772 812 834 32.
847 771 1102 835 disserte
1134 770 1286 835 11660
1316 771 1639 855 leguntur:
1665 796 1702 830 «
1725 772 2007 835 Dicimus
2040 772 2129 847 3⁰,
2170 789 2292 835 non
2328 770 2510 834 licere
2549 771 2645 833 uti
2684 770 2812 853 opi-

342 874 526 938 nione
548 873 754 938 minus
787 873 1093 955 probabili
1123 874 1187 937 et
1215 874 1423 939 minus
1448 877 1589 938 tuta
1622 874 1917 938 adversus
1948 873 2425 956 probabiliorem
2453 873 2722 956 prolege
2748 897 2811 935 ».

343 975 425 1040 Et
457 995 670 1039 rursus
707 976 771 1039 in
803 975 1255 1041 Dissertatione
1284 977 1515 1041 inserta
1554 976 1813 1041 editioni
1846 976 2218 1041 Bassanensi
2252 974 2543 1056 Theoloy.
2569 973 2814 1038 Moral.

341 1097 484 1142 ann.
514 1078 707 1142 1785.
724 1064 832 1143 lib.
857 1079 915 1141 1.
935 1098 994 1142 n.
1014 1078 1121 1142 56.
1138 1078 1291 1142 haec
1314 1099 1362 1143 6.
1389 1080 1625 1143 Doctor
1647 1078 1927 1160 scripsit:
1956 1104 1990 1135 «
2014 1078 2337 1143 Praesenti
2360 1078 2816 1142 Dissertatione

342 1179 500 1244 duas
530 1181 708 1245 nobis
739 1180 1139 1263 proponimus
1170 1181 1563 1262 quaestiones
1610 1180 2045 1246 discutiendas.
2079 1181 2258 1245 Prior
2290 1184 2404 1257 est,
2441 1199 2519 1244 an
2564 1180 2811 1244 licitum

340 1283 427 1347 sit
472 1282 649 1364 sequi
693 1283 1043 1365 opinionem
1089 1282 1293 1347 minus
1340 1283 1741 1366 probabilem,
1782 1283 2001 1347 relicta
2031 1282 2453 1365 probabiliori,
2489 1301 2647 1363 quae
2678 1284 2814 1346 stat

338 1403 449 1467 pro
495 1384 651 1468 lege.
691 1384 1025 1459 Posterior,
1067 1404 1146 1448 an
1191 1385 1697 1450 concurrentibus
1735 1385 1979 1449 duabus
2027 1386 2422 1469 opinionibus
2462 1384 2812 1460 0061161116,

339 1486 681 1567 aequaliter
728 1487 841 1550 aut
885 1487 1065 1567 quasi
1112 1488 1455 1569 aequaliter
1485 1487 1930 1569 probabilibuS,
1965 1487 2152 1552 liceat
2183 1488 2392 1552 minus
2446 1489 2657 1551 tutam
2689 1505 2817 1549 am-

338 1588 521 1670 plecti
556 1614 617 1652 ».
653 1588 845 1653 Porro
885 1588 963 1653 ad
994 1590 1259 1671 priorem
1292 1590 1720 1671 quaestionem
1750 1590 1840 1654 sic
1876 1590 2164 1673 negative
2196 1589 2557 1670 respondet:
2592 1612 2628 1646 ‹
2652 1589 2805 1653 Dico

340 1690 539 1773 igitur
584 1691 805 1772 primo,
838 1690 1004 1772 quod
1034 1691 1087 1755 si
1127 1691 1353 1773 opinio,
1387 1709 1546 1773 quae
1591 1693 1723 1755 stat
1752 1710 1864 1774 pro
1911 1691 2067 1776 1636,
2101 1691 2346 1756 videtur
2391 1692 2561 1755 certe
2592 1690 2810 1772 proba-

338 1791 543 1868 bilior,
575 1793 780 1875 ipsam
826 1792 1075 1857 omnino
1123 1793 1346 1857 sectari
1392 1794 1675 1857 tenemur
1709 1812 1821 1856 nec
1868 1812 2197 1875 possumus
2235 1795 2386 1858 tunc
2433 1792 2808 1875 oppositam,

339 1912 500 1975 quae
546 1894 679 1957 stat
708 1888 821 1976 pro'
857 1894 1165 1972 libertate,
1200 1895 1490 1977 amplecti
1529 1920 1588 1959 ».
1628 1895 1712 1958 Et
1741 1895 1893 1958 haec
1928 1895 2176 1976 quidem
2209 1913 2259 1959 s.
2294 1895 2586 1959 Doctoris
2635 1894 2811 1960 abso-

336 1995 476 2059 luta
502 1996 808 2059 sententia
839 1996 903 2059 in
937 1996 1222 2061 omnibus
1254 1997 1697 2079 posterioribus
1730 1996 2108 2081 Theologiae
2138 1996 2403 2061 Moralis
2436 1995 2814 2061 editionibus

338 2097 421 2161 ad
453 2097 714 2163 Moralis
745 2100 1105 2182 systematis
1140 2100 1393 2164 initium
1426 2100 1678 2183 legitur.

438 2200 633 2283 Atqui
694 2200 973 2282 (obiiciet
1017 2202 1355 2285 quispiam)
1400 2202 1552 2267 haec
1597 2203 1904 2267 sententia
1949 2203 2130 2285 plane
2176 2203 2421 2268 videtur
2469 2201 2813 2267 antithesis

336 2322 574 2380 eorum,
602 2322 762 2384 quae
784 2324 833 2366 s.
864 2304 1096 2368 Doctor
1128 2306 1311 2368 antea
1340 2304 1652 2386 professus
1676 2304 1882 2369 fuerat
1913 2324 1984 2368 60
2008 2307 2530 2388 propugnaverat,
2557 2303 2808 2385 quando

337 2408 479 2471 tum
526 2425 684 2470 anno
737 2406 929 2470 1749.
962 2409 1101 2471 tum
1147 2426 1308 2471 anno
1344 2407 1535 2471 1755.
1571 2408 1890 2490 proposita
1935 2406 2331 2487 quaestione:
2367 2410 2582 2470 utrum
2626 2404 2814 2469 liceat

331 2528 487 2572 usus
532 2508 845 2587 opinionis
885 2507 1233 2586 probabilis
1273 2510 1341 2571 in
1385 2529 1690 2574 cmwursu
1725 2508 2186 2589 probabilioris
2218 2528 2344 2588 pro
2383 2507 2535 2591 leqe,
2570 2526 2818 2591 respon-

332 2610 512 2676 derat
543 2611 707 2675 Diss.
752 2612 941 2675 1755.
977 2632 1036 2676 n.
1087 2613 1170 2689 3.,
1205 2611 1448 2676 licitum
1494 2633 1622 2677 csse
1670 2614 1766 2675 uti
1811 2612 2099 2691 opinione
2136 2610 2462 2691 probabili
2508 2611 2699 2675 etiam
2743 2612 2815 2673 in

333 2732 641 2777 concursu
662 2712 1112 2792 probabilioris
1124 2734 1246 2793 pro
1271 2714 1420 2796 leye.
1448 2714 1711 2780 Videtur
1735 2735 1882 2798 6130
1908 2714 2216 2796 posterius
2241 2713 2596 2796 repudiasse
2623 2718 2811 2795 atque

336 2817 721 2898 improbasse
767 2815 1131 2894 doctrinam,
1152 2836 1361 2898 quam
1408 2817 1579 2900 prius
1626 2819 1915 2881 tenuerat
1960 2836 2031 2881 ac
2077 2816 2431 2881 defenderat
2486 2818 2549 2880 et
2601 2815 2807 2897 quoad

337 2918 496 2982 hanc
542 2919 901 3002 systematis
932 2919 1187 2983 moralis
1221 2921 1461 3001 partem
1493 2920 1571 2983 ad
1602 2919 2139 3002 probabilioristas
2178 2919 2529 2993 accessisse,
2571 2920 2816 2982 utcum-

335 3039 454 3101 que
491 3022 709 3084 contra
742 3021 908 3104 ipsos
954 3021 1290 3105 negaverit,
1325 3023 1667 3086 necessario
1701 3021 2195 3103 amplectendam
2234 3040 2364 3084 esse
2399 3020 2721 3094 tutiorem,
2757 3020 2811 3083 si

333 3123 582 3205 quande
622 3124 828 3206 opinio
868 3142 977 3206 pro
1024 3124 1314 3187 libertate
1360 3125 1445 3188 sit
1476 3142 1669 3204 aeque
1709 3126 1822 3187 aut
1868 3123 2047 3203 quasi
2102 3139 2294 3201 aeque
2340 3119 2704 3202 probabih'S,
2741 3139 2813 3182 ac

341 3226 552 3307 opinio
592 3245 701 3308 pro
748 3227 904 3310 1636.

430 3329 491 3391 6.
532 3327 619 3393 At
656 3347 799 3393 vero
846 3327 1150 3392 eiusmodi
1194 3327 1550 3400 difficultas,
1601 3344 1759 3407 quae
1805 3327 2030 3389 merito
2078 3324 2272 3388 videri
2320 3324 2529 3406 potest
2576 3322 2808 3406 gravis,

337 3432 703 3516 praesertim
748 3432 846 3506 116,
885 3432 1112 3514 quibus
1141 3432 1345 3495 cetera
1392 3449 1440 3493 s.
1475 3429 1766 3494 Doctoris
1805 3429 2034 3511 scripta
2080 3428 2282 3510 legere
2321 3445 2391 3489 ac
2443 3424 2815 3508 perpendere

338 3536 558 3600 datum
606 3554 729 3600 non
775 3537 878 3611 sit,
911 3535 1091 3600 facile
1136 3533 1417 3597 diluitur.
1451 3531 1705 3596 Ostendi
1738 3532 1965 3614 quippe
2003 3528 2268 3594 dilucide
2308 3529 2532 3612 potest,
2571 3529 2841 3592 statum·

336 3637 742 3719 quaestionis,
777 3637 852 3700 ad
886 3656 1077 3718 quam
1114 3636 1353 3719 spectat
1384 3634 1579 3698 thesis
1612 3633 1921 3716 posterius
1952 3631 2293 3715 proposita,
2331 3631 2585 3713 penitus
2635 3630 2712 3693 ab
2746 3647 2821 3693 60

335 3739 651 3804 diversum
697 3760 826 3804 esse
874 3741 953 3804 ad
998 3759 1182 3821 quem
1228 3738 1420 3802 thesis
1455 3757 1490 3801 a
1523 3757 1571 3801 6.
1606 3737 1875 3800 Doctore
1918 3755 2058 3800 ann.
2097 3735 2286 3797 1749.
2331 3739 2393 3797 et
2434 3733 2634 3795 1755.
2671 3750 2810 3812 pro-

342 3846 626 3926 pugnata
663 3842 955 3906 refertur.

431 3944 514 4006 Et
558 3944 809 4026 quidem
839 3945 914 4008 de
944 3945 1060 4008 hac
1090 3943 1528 4025 quaestionum
1557 3941 1919 4005 diversitate
1965 3958 2221 4023 gravem
2267 3936 2683 4018 suspicionem
2715 3935 2815 3999 vel
2869 3943 2872 3946 '
2983 4007 2996 4019 ⁸

339 4045 500 4110 illud
533 4066 726 4111 unum
757 4046 1005 4110 iniicere
1042 4049 1270 4128 posset,
1305 4044 1471 4126 quod
1508 4064 1557 4108 6.
1593 4044 1827 4107 Doctor
1850 4043 2000 4106 dum
2032 4039 2260 4104 thesim
2299 4039 2513 4121 postea
2550 4037 2815 4101 statuit:

338 4170 467 4213 non
499 4149 683 4213 licere
716 4151 811 4212 uti
852 4149 1139 4228 opinione
1183 4148 1393 4210 minus
1425 4145 1749 4226 probabili
1784 4165 1858 4208 ac
1897 4145 2104 4207 minas
2143 4147 2278 4206 tuta
2322 4141 2623 4205 adversus
2669 4160 2820 4219 pro-

340 4252 710 4316 babiliorem
726 4273 850 4332 pro
897 4252 1050 4332 leqe,
1082 4251 1319 4316 nullam
1366 4251 1464 4315 vel
1510 4249 1836 4314 minimam
1881 4249 2258 4312 mentionem
2305 4245 2545 4309 iniiciat
2576 4247 2815 4309 senten-

340 4355 487 4434 tiae,
536 4374 728 4436 quam
774 4355 945 4436 prius
999 4354 1426 4438 operosissime
1485 4352 1857 4426 defenderat,
1909 4353 2056 4414 utut
2103 4349 2283 4431 plane
2334 4346 2824 4412 contradictoria

338 4458 665 4522 recentiori
713 4457 858 4521 huic
895 4458 1054 4521 thesi
1088 4457 1278 4521 videri
1316 4458 1531 4540 possit.
1566 4455 1743 4534 Quod
1791 4454 1955 4518 enim
2000 4472 2096 4517 res
2143 4472 2250 4535 per
2298 4471 2361 4516 se
2408 4450 2715 4533 postulat,
2749 4450 2813 4514 id

340 4562 406 4625 61
436 4580 485 4627 6.
513 4560 870 4643 Alphonsus
894 4560 958 4624 in
997 4578 1167 4624 more
1195 4560 1436 4636 habuit,
1462 4563 1536 4625 111
1573 4559 1625 4623 61
1657 4557 1905 4639 quando
1938 4560 2001 4620 et
2033 4555 2282 4638 quidem
2314 4555 2507 4620 etiam
2543 4553 2608 4617 in
2632 4553 2824 4617 rebus
