3529 5158
876 400 1371 446 PROPOSITIONUM
1409 401 1860 456 DAMNATARUM,
1900 402 1940 441 A
1978 400 2079 441 1²10
2118 400 2198 441 VI.
2560 396 2772 438 LXXVII

306 520 373 563 eo
419 500 584 577 quod
631 505 723 559 est
752 501 1087 577 proprium
1118 500 1513 578 disciplinae,
1549 501 1904 576 subiungit
1934 501 2004 560 in
2038 501 2152 559 hac
2197 500 2336 576 ipsa
2370 496 2773 575 (disciplina)

306 589 840 665 dist-inquemlum,
875 590 1039 665 quod
1086 595 1175 649 est
1223 591 1641 650 necessarium
1688 595 1804 649 aut
1835 590 1990 649 utile
2022 590 2106 648 ad-
2139 590 2495 648 retinendos
2544 589 2604 646 in
2647 588 2774 664 spi-

307 681 441 739 ritu
471 678 698 755 fideles
731 677 808 737 ab
856 696 924 738 eo
972 679 1135 754 quod
1167 685 1256 738 est
1287 679 1514 738 inutile
1545 684 1659 738 aut
1705 679 2029 738 onerosius
2076 696 2263 753 quam
2308 678 2563 737 libertas
2611 676 2774 745 silio-

308 786 449 827 rum
499 767 646 825 owni
676 766 964 844 foederis
999 768 1321 843 patiatur,
1356 768 1557 844 mayn
1603 785 1746 827 vero
1795 767 1872 826 ab
1906 785 1996 843 eo,
2032 768 2194 842 quod
2233 773 2322 826 est
2350 766 2772 842 periculosa-m

309 863 420 916 aut
453 857 737 931 nonium,
772 861 985 931 utpote
1021 856 1319 916 inducens
1351 858 1437 916 ad
1467 857 1974 933 superstitionem
2006 861 2066 915 et
2097 856 2644 928 materiali-smum,

406 946 760 1018 Quatenus
813 961 934 1019 pro
989 946 1429 1020 generalitate
1481 946 1836 1006 verborum
1892 944 2414 1020 comprehendat
2466 949 2536 1003 et
2585 959 2775 1018 prae-

307 1034 558 1110 scripto
603 1032 897 1093 examini
944 1033 1259 1095 subiiciat
1289 1034 1488 1094 etiam
1529 1034 1953 1111 disciplinam
1985 1034 2071 1094 ab
2103 1034 2404 1094 Ecclesia
2448 1033 2775 1092 constitu-

306 1127 444 1183 tam
493 1126 565 1183 et
610 1123 989 1200 probatam3
1025 1124 1220 1198 quasi
1252 1123 1570 1195 Ecclesia,
1605 1141 1778 1198 quae
1811 1124 2060 1199 spiritu
2092 1124 2216 1182 Dei
2266 1123 2543 1198 regitur,
2578 1120 2775 1182 disci-

308 1212 560 1288 plinam
585 1210 998 1272 constituere
1024 1217 1247 1287 posset
1270 1230 1405 1273 non
1430 1214 1643 1274 solum
1668 1213 1978 1272 inutilem
2004 1216 2071 1273 et
2098 1212 2540 1273 onerosior-em
2572 1228 2769 1285 quam

310 1301 587 1361 libertas
605 1300 975 1361 christiana
996 1301 1316 1379 patiatur,
1339 1302 1456 1362 sed
1471 1306 1540 1363 et
1558 1302 2016 1378 periculosam,
2036 1302 2323 1378 noxiam,
2348 1300 2771 1361 inducentem

311 1390 381 1450 in
413 1389 962 1464 superstitionem
994 1394 1064 1451 et
1095 1391 1676 1451 materialismum:

402 1479 619 1555 Falsa,
653 1479 1029 1555 temeraria,
1071 1479 1479 1558 scandalosa,
1520 1480 1913 1557 perniciosa,
1949 1480 2210 1555 piarum
2258 1479 2522 1539 aurium
2571 1480 2777 1539 offen-

488 1567 657 1644 siva,
693 1568 1029 1629 Ecclesiae
1066 1586 1145 1629 ac
1176 1569 1447 1645 spiritui
1485 1570 1628 1647 Dei,
1663 1587 1798 1645 quo
1832 1570 1978 1645 ipsa
2008 1569 2287 1645 regitur,
2323 1569 2666 1643 iniuriosa,
2694 1566 2780 1625 ad

490 1674 715 1716 minus
746 1673 1041 1718 erronea.

740 1867 1095 1915 coNVIOIA
1127 1870 1517 1930 ADVERSUS
1552 1870 1871 1928 ALIQUAS
1906 1870 2358 1917 SENTENTIAS

609 1955 689 2004 IN
736 1955 1046 2003 SOHOLIS
1079 1956 1521 2006 CATHOLICIS
1558 1960 1801 2018 USQUE
1835 1959 2090 2007 ADHUO
2126 1958 2484 2008 AGITATAS

684 2104 864 2164 Orat.
899 2106 984 2165 ad
1015 2106 1244 2183 Synod.
1281 2107 1340 2185 ξ.
1375 2109 1436 2167 2.

410 2197 511 2256 79.
530 2194 864 2271 Assertio,
890 2212 1063 2270 quae
1095 2196 1417 2257 conviciis
1447 2201 1519 2257 et
1549 2198 1974 2259 contumeliis
2007 2197 2379 2258 insectatur
2409 2196 2782 2257 sententias

310 2284 385 2343 in
431 2283 677 2343 scholis
716 2283 1064 2346 catholicis
1093 2286 1385 2361 agitatas
1416 2290 1486 2347 et
1530 2287 1613 2346 de
1661 2288 1910 2362 quibus
1956 2287 2322 2361 apostolica
2370 2285 2576 2347 Sedes
2609 2285 2781 2343 nihil

314 2372 536 2433 adhuc
573 2372 1025 2433 definiendum
1067 2378 1187 2434 aut
1225 2375 1800 2450 pronunciandum
1841 2376 2122 2436 censuit.

405 2462 624 2537 Falsa,
667 2462 1039 2539 temeraria,
1079 2463 1149 2521 in
1199 2464 1459 2525 scholas
1507 2465 1871 2526 catholicas
1917 2464 2261 2541 iniuriosa,
2312 2463 2579 2524 debitae
2625 2479 2782 2539 apo-

495 2549 751 2612 stolicis
797 2551 1392 2615 constitutionibus
1438 2554 1858 2615 obedientiae
1903 2553 2251 2632 derogans.

406 2750 507 2797 DE
557 2753 826 2801 TRIBUS
875 2753 1203 2802 REGULIS
1241 2755 1730 2802 FUNDAMENTI
1769 2757 1956 2803 Loco
1997 2759 2045 2802 A
2085 2756 2373 2802 sYNODo
2414 2756 2697 2802 POSI'HS

910 2844 1056 2890 PRO
1095 2843 1681 2892 REFORMATIONE
1720 2845 2222 2892 REGULARIUM

684 2993 911 3054 Libell.
947 2995 1295 3054 menzorial.
1320 3013 1444 3071 pro
1481 2995 1738 3068 reso-rm.
1773 2998 2183 3074 reynerium.
2220 2998 2278 3073 ξ.
2317 3001 2375 3056 9.

415 3088 519 3146 80.
555 3083 817 3159 Regula
863 3084 917 3142 I.
952 3100 1125 3158 quae
1155 3084 1398 3144 statuit
1429 3085 1743 3146 universe
1776 3092 1846 3146 et
1892 3086 2497 3158 indiscriminatim,
2541 3089 2793 3144 Statum

325 3175 674 3251 regularem
723 3177 838 3231 aut
884 3172 1296 3231 monasticum
1344 3179 1579 3232 natura
1609 3193 1724 3234 sua
1766 3177 2049 3250 componi
2081 3194 2206 3232 ‘non
2233 3193 2418 3248 posse
2467 3192 2604 3230 cum
2654 3173 2793 3230 uni-

330 3281 574 3322 marum
624 3279 781 3322 cura
827 3278 1081 3336 cumque
1116 3262 1279 3321 vitae
1301 3264 1655 3339 pastoralis
1688 3281 1743 3321 m
1757 3263 2048 3321 cineribus
2083 3279 2187 3320 uec
2233 3261 2386 3318 culeo
2438 3261 2502 3316 iu.
2539 3265 2791 3335 partem

330 3352 536 3410 tenire
571 3367 759 3428 posse
805 3350 1253 3409 ecclesiasticae
1302 3350 1713 3425 hierarchiae,
1754 3351 1904 3426 quin
1951 3369 2024 3409 er
2071 3349 2332 3408 adverso
2371 3354 2607 3426 puynet
2653 3366 2787 3406 cum

332 3441 654 3516 ipsiusmet
700 3439 868 3499 ‘vitae
914 3440 1295 3499 monasticae
1331 3439 1694 3516 principiis,

420 3531 635 3602 Falsa,
670 3528 1060 3606 perniciosa,
1096 3529 1167 3589 in
1200 3528 1655 3590 sanctissimos
1686 3529 2002 3590 ecclesiae
2049 3529 2288 3589 Patres
2318 3535 2387 3589 et
2419 3529 2794 3605 Praesules,

506 3618 625 3695 qui
658 3617 986 3694 regularis
1019 3617 1203 3678 vitae
1234 3617 1552 3678 instituta
1581 3635 1729 3677 cum
1764 3619 2089 3679 clericalis
2121 3618 2376 3678 ordinis
2410 3619 2795 3680 muneribus

506 3708 998 3782 consociarunt,
1047 3706 1387 3784 iniuriosa,
1436 3707 1548 3782 pio
1595 3711 1865 3768 vetusto
1919 3709 2199 3783 probato
2249 3708 2582 3768 Ecclesiae
2631 3709 2794 3769 mori

509 3812 1057 3872 summorumque
1089 3796 1493 3857 Pontificum
1525 3797 1985 3858 sanctionibus
2023 3798 2383 3858 contraria:
2433 3799 2629 3871 Quasi
2670 3815 2798 3854 mo-

512 3885 723 3960 nachi,
759 3902 910 3961 quos
956 3903 1203 3945 morum
1247 3886 1533 3963 gyra-vitas
1581 3891 1639 3945 et
1686 3887 1853 3946 ritae
1898 3905 1974 3945 ac
2005 3887 2166 3962 fidei
2213 3887 2531 3945 institutio
2579 3892 2796 3944 sancta

513 3975 925 4048 commendat,
962 3991 1095 4034 non
1129 3974 1260 4035 rite
1298 3992 1422 4035 nec
1454 3976 1647 4035 modo
1678 3976 1824 4035 sine
1857 3975 2228 4050 Religionis
2260 3975 2646 4050 offensione,
2685 3973 2801 4033 sed

515 4069 585 4123 et
622 4080 771 4123 cum
808 4063 1021 4123 multa
1042 4063 1342 4125 utilitate
1366 4064 1703 4125 Ecclesiae
1728 4065 2095 4124 clericorum.
2120 4064 2338 4141 officiis
2372 4068 2798 4140 ‹199›·eyentur.

519 4152 623 4212 Ex
655 4168 707 4212 s.
744 4151 967 4213 Siricii
998 4152 1194 4227 epist.
1229 4153 1476 4214 decret.
1509 4154 1596 4214 ad
1634 4153 2011 4213 Himerium
2044 4153 2393 4213 Tarracon.
2427 4170 2482 4213 c.
2520 4155 2622 4212 13.

436 4243 536 4301 81.
572 4241 747 4300 Item
792 4239 863 4300 in
897 4257 975 4301 eo
1007 4242 1187 4317 quod
1219 4242 1589 4320 subiungit,
1624 4248 1893 4303 sanctos
1923 4243 2242 4303 Thomam
2274 4246 2343 4302 et
2375 4242 2805 4303 Bonaventu-

340 4343 482 4388 ram
529 4329 625 4390 sic
670 4328 740 4389 in
790 4328 1064 4390 tuendis
1093 4330 1419 4393 adversus
1452 4348 1745 4392 summos
1786 4332 2087 4392 homines
2133 4331 2658 4392 mendicantium
2706 4334 2806 4392 in-

342 4415 604 4478 stitutis
652 4423 955 4479 versatos
1007 4435 1171 4497 esse,
1222 4425 1297 4481 ut
1344 4421 1414 4480 in
1459 4437 1683 4482 eorum
1732 4421 2234 4483 defensionibus
2288 4420 2503 4481 minor
2557 4424 2803 4500 aestus,

341 4507 681 4567 accuratio
717 4506 928 4567 maior
959 4507 1399 4572 desideranda
1429 4510 1690 4582 fuisset,

444 4593 858 4672 Scandalosa,
893 4596 963 4656 in
1003 4599 1456 4660 sanctissimos
1487 4599 1792 4661 doctores
1826 4598 2164 4676 iniuriosa,
2200 4599 2423 4674 impiis
2459 4599 2806 4663 damnato·

534 4702 678 4744 rum
710 4689 1057 4746 auctorum
1098 4688 1516 4749 contumeliis
1554 4689 1810 4749 favens.
