3529 5158
362 395 505 474 [548]
613 411 999 473 vannorum
1033 414 1120 454 nn
1157 412 1316 455 Ac‘ru
1360 412 1436 453 111
1472 411 1670 452 61111611
1713 411 1875 453 som.
1913 413 2238 455 noctuam
2275 414 2577 457 romono
2723 402 2830 457 503

362 509 504 575 Iust
547 514 609 573 et
651 510 789 573 Iur.
821 510 931 574 lib.
965 511 1026 574 4.
1062 529 1195 592 cap.
1238 512 1297 573 3.
1333 529 1392 572 n.
1449 509 1593 573 106.
1628 509 1692 571 111
1739 509 1881 573 fin.:
1917 508 2081 573 Nam
2129 510 2205 573 ad
2253 510 2622 575 instantiam
2669 512 2827 577 eius-

361 613 562 678 modi:
604 636 639 672 «
676 611 934 692 Quando
980 612 1063 690 id,
1099 613 1264 695 quod
1304 632 1410 695 per
1456 630 1521 675 se
1565 611 1807 676 malum
1844 612 1958 685 est,
1992 612 2086 676 ita
2130 612 2222 690 fit,
2266 615 2338 677 ut
2369 632 2475 695 per
2514 631 2824 692 somnum,

361 715 588 779 furiam
625 716 723 779 vel
752 714 1175 798 ignorantiam
1213 715 1554 790 excusetur,
1581 731 1704 777 non
1737 714 1833 778 est
1869 713 2115 778 licitum
2147 718 2292 780 ante
2323 715 2419 778 vel
2459 718 2601 797 post
2636 715 2828 782 libere

359 817 422 880 in
453 817 610 880 illud
647 816 991 880 consentire
1026 840 1058 874 »
1090 817 1449 900 respondet:
1485 840 1520 874 «
1552 816 1689 880 Hoc
1720 834 1851 879 esse
1881 817 2358 901 intelligendum
2396 817 2470 882 (16
2501 836 2822 896 consensu,

362 939 483 1000 quo
507 919 678 984 istud
708 920 953 1001 placeat
982 938 1090 1001 per
1113 938 1177 983 se
1209 922 1272 983 et
1303 919 1606 994 absolute,
1637 919 1708 981 ut
1744 918 1925 982 docet
1956 918 2268 985 Adrianus
2293 939 2514 1003 supra:
2542 921 2631 983 616
2662 920 2828 984 6111111

358 1021 732 1085 consentires
764 1020 828 1084 in
858 1020 1034 1098 illud,
1058 1024 1256 1099 prout
1284 1024 1379 1084 est
1405 1021 1695 1083 obiective
1740 1019 1979 1084 malum
2015 1021 2117 1103 (en
2149 1021 2431 1086 Lessium
2471 1022 2826 1105 improban-

359 1127 486 1187 tem
518 1122 684 1204 quod
714 1122 1029 1204 improbat
1074 1141 1122 1186 S.
1158 1123 1543 1206 Alphonsus)
1575 1124 1639 1187 et
1678 1126 2122 1204 consequenter
2154 1124 2428 1188 traheret
2459 1125 2600 1188 inde
2644 1125 2828 1189 mali-

360 1226 517 1289 tiam
548 1224 900 1288 formalem:
936 1224 1052 1290 hoc
1080 1223 1265 1289 modo
1304 1224 1398 1287 fas
1431 1241 1551 1287 non
1584 1226 1679 1288 661
1709 1223 1980 1308 gaudere
2017 1224 2091 1288 de
2122 1225 2467 1306 pollutione
2500 1226 2600 1289 vel
2633 1226 2829 1290 homi-

356 1327 517 1392 cidio
550 1326 886 1392 secundum
918 1345 983 1390 se
1012 1325 1426 1400 considerato:
1454 1326 1559 1390 sed
1592 1326 1796 1391 solum
1830 1326 1909 1389 ob
1942 1326 2194 1407 aliquod
2226 1327 2479 1403 bonum,
2506 1345 2630 1408 quo
2664 1326 2822 1390 illud

356 1430 818 1496 incommodum
849 1429 1220 1510 rependatur
1252 1453 1313 1493 ».

446 1533 704 1599 Adriani
735 1534 948 1596 autem
980 1531 1183 1606 verba,
1210 1550 1369 1612 quae
1400 1534 1726 1607 memorat,
1755 1532 1880 1596 ista
1911 1534 2077 1608 sunt,
2117 1533 2194 1596 ab
2227 1550 2297 1596 eo
2329 1530 2476 1595 ibid.
2513 1532 2825 1616 allegata:

361 1663 396 1696 «
421 1637 614 1702 Nullo
637 1634 822 1700 modo
854 1633 1002 1697 licet
1033 1633 1376 1697 consentire
1413 1652 1732 1710 consensu,
1760 1632 1870 1714 qui
1903 1633 1987 1697 sit
2019 1653 2208 1697 causa
2247 1637 2444 1711 661116,
2471 1635 2534 1698 111
2568 1634 2826 1716 aliquid,

352 1740 525 1822 quod
570 1739 645 1802 de
682 1756 746 1801 se
793 1739 954 1800 esset
997 1735 1282 1811 mortale,
1318 1735 1371 1798 si
1405 1734 1466 1797 111
1498 1734 1717 1817 vigilia
1755 1734 1950 1811 fieret,
1991 1736 2064 1798 ut
2095 1735 2500 1801 homicidium
2531 1754 2642 1818 pro
2676 1737 2828 1800 tem-

354 1860 504 1924 pore
540 1839 740 1903 furiae
788 1837 886 1901 vel
930 1837 1132 1902 somni
1163 1837 1661 1919 perpetrandum,
1698 1839 1811 1901 aut
1841 1837 1904 1899 111
1938 1837 2392 1919 stuprationem
2432 1837 2691 1923 virginis
2730 1837 2828 1904 161

349 1941 767 2026 pollutionem
806 1940 869 2002 111
902 1957 1117 2003 66111116
1149 1938 1693 2008 committendam:
1729 1939 1835 2003 sed
1867 1958 2169 2004 consensu
2201 1940 2401 2004 nudae
2448 1933 2830 2023 complacen-

349 2046 481 2109 tiae
528 2043 677 2107 licet
720 2041 785 2106 111
831 2042 958 2104 1616
1004 2040 1408 2123 praeteritum
1442 2041 1540 2104 161
1570 2040 1858 2105 futurum
1905 2041 2248 2105 consentire
2296 2043 2548 2123 propter
2592 2042 2827 2106 bonum

348 2146 495 2212 inde
533 2147 869 2226 sequutum
901 2142 999 2206 vel
1035 2145 1394 2206 secuturum
1427 2167 1488 2205 ».

443 2243 624 2318 548.
658 2245 821 2325 Quin
861 2246 924 2309 61
971 2243 1173 2319 Croix,
1214 2264 1399 2325 quem
1446 2262 1556 2326 pro
1605 2263 1669 2310 66
1719 2246 1954 2330 allegat
2001 2265 2051 2311 6.
2083 2247 2314 2329 Alph..,
2351 2247 2566 2327 utique
2613 2247 2721 2310 lib.
2764 2247 2824 2310 5.

347 2372 408 2415 11.
447 2351 557 2414 89.
592 2347 836 2412 scribit:
869 2370 906 2405 «
938 2346 1286 2410 Delectatio
1318 2346 1392 2410 de
1427 2347 1665 2412 obiecto
1697 2349 1761 2411 in
1810 2369 1874 2413 se
1921 2350 2109 2425 malo,
2147 2350 2250 2414 sed
2284 2351 2413 2413 61116
2445 2349 2627 2432 culpa
2658 2349 2825 2413 16616

347 2475 407 2517 1.
441 2472 541 2537 gr.
575 2450 906 2515 commisso
938 2468 1010 2513 ex
1055 2449 1414 2532 ignorantia
1461 2449 1825 2526 invincibili,
1859 2451 1924 2514 in
1956 2451 2275 2527 ebrietate,
2309 2452 2374 2518 in
2421 2469 2636 2516 somno
2687 2452 2826 2527 etc„

348 2559 446 2621 661
484 2554 810 2640 peccatum
857 2551 1003 2627 tale,
1039 2551 1222 2634 quale
1272 2551 1602 2616 obiectum.
1640 2551 1737 2615 Ita
1788 2551 2080 2618 Suarez...
2117 2553 2347 2637 aliique
2395 2552 2824 2619 communiter.

350 2664 546 2728 Ratio
568 2663 685 2736 661,
712 2659 861 2741 quia
885 2658 1195 2723 obiectum
1230 2657 1386 2723 illud
1418 2661 1514 2722 661
1546 2659 1607 2722 111
1646 2677 1711 2722 66
1743 2660 2009 2733 1116111111;
2037 2661 2204 2743 quod
2238 2664 2450 2726 autem
2480 2680 2603 2726 non
2635 2662 2826 2728 fuerit

347 2767 698 2850 peccatum,
731 2760 867 2826 ideo
914 2763 1029 2837 est,
1063 2761 1213 2842 quia
1261 2779 1381 2824 non
1416 2761 1540 2824 fuit
1582 2761 2036 2827 voluntarium:
2071 2782 2218 2847 ergo
2268 2764 2321 2828 si
2367 2784 2529 2828 nunc
2576 2763 2827 2829 accedat

345 2869 646 2934 voluntas
680 2864 866 2929 talem
908 2867 1116 2927 actum
1144 2862 1502 2943 approbans
1533 2864 1632 2928 vel
1662 2864 1737 2928 de
1774 2864 1881 2928 efllo
1918 2865 2219 2948 qaudms,
2255 2867 2421 2948 quod
2451 2867 2526 2932 fit
2557 2869 2621 2931 in
2668 2867 2827 2932 dele-

345 2972 648 3047 ctatione,
687 2969 806 3033 erit
852 2969 1173 3050 peccatum
1220 2968 1333 3032 etc.
1378 2990 1438 3029 ».
1474 2966 1615 3030 Huc
1663 2987 1882 3049 usque,
1916 2971 1987 3031 ut
2035 2972 2230 3050 patet,
2271 2970 2402 3031 stat
2449 2989 2591 3033 cum
2639 2989 2687 3031 6.
2719 2968 2827 3032 AJ-

346 3078 592 3159 phonso
640 3076 704 3137 et
739 3072 1085 3137 doctrinam
1134 3070 1315 3152 primi
1362 3070 1625 3133 membri
1672 3069 2092 3133 distinctionis
2139 3088 2210 3131 ex
2243 3068 2469 3132 Suarez
2517 3071 2580 3131 et
2611 3068 2824 3133 Lessio

346 3177 709 3262 propositae
756 3173 1005 3256 promit.

442 3279 798 3343 Audiantur
844 3275 1026 3339 modo
1076 3292 1234 3355 quae
1282 3273 1419 3335 (lein
1454 3271 1643 3334 addat
1684 3272 1832 3334 ibid.
1873 3291 1930 3333 n.
1968 3272 2073 3334 91.
2109 3274 2172 3334 et
2218 3270 2467 3353 quidem
2515 3270 2707 3333 etiam
2752 3270 2826 3335 de

336 3384 620 3464 peccate,
654 3399 775 3447 non
821 3380 885 3443 in
933 3394 1170 3452 somno,
1207 3374 1311 3439 sed
1348 3374 1411 3436 in
1447 3374 1661 3456 vigilia
1708 3375 1774 3437 et
1818 3373 2006 3437 libere
2053 3374 2338 3455 patrato:
2372 3397 2409 3432 «
2439 3372 2638 3436 Putat
2683 3391 2825 3435 cum

346 3487 496 3553 aliis
532 3483 748 3548 multis
782 3480 1171 3551 Μ61611116...,
1200 3477 1439 3541 licitam
1473 3495 1602 3539 esse
1636 3475 2109 3540 delectationem
2143 3476 2216 3541 dc
2242 3477 2512 3558 peccatO,
2540 3476 2603 3539 in
2636 3495 2827 3558 quan-

343 3593 490 3656 tum
540 3587 663 3653 fuit
707 3603 896 3649 causa
946 3582 1042 3646 vel
1093 3580 1330 3644 occasio
1364 3579 1507 3642 boni
1541 3578 1820 3651 effectus:
1857 3578 2005 3659 quia
2053 3581 2373 3662 peccatum
2413 3578 2529 3642 sub
2577 3578 2691 3642 tali
2738 3598 2827 3642 re-

344 3693 570 3776 spectu
601 3708 725 3753 non
756 3688 853 3752 est
874 3684 1147 3749 malum:
1175 3680 1278 3746 sed
1304 3680 1527 3744 melius
1557 3680 1812 3754 dicitur,
1841 3682 2088 3746 tantum
2120 3702 2250 3747 esse
2281 3682 2524 3746 licitum
2556 3682 2825 3765 gaudere

343 3795 419 3859 de
468 3795 608 3877 ipso
664 3791 948 3855 effectu...
989 3785 1053 3849 Si
1102 3788 1309 3848 tamen
1358 3783 1631 3847 effective
1682 3784 2146 3866 praescindatur
2201 3784 2445 3848 malitia
2497 3784 2824 3860 obiectiva,

341 3896 512 3961 idest
557 3895 613 3959 si
659 3891 906 3957 malitia
963 3887 1269 3953 obiectiva
1326 3905 1445 3950 non
1499 3888 1751 3949 moveat
1808 3885 2096 3949 affectum
2155 3888 2218 3949 et
2265 3884 2593 3948 delectatio
2641 3883 2827 3947 cadat

341 3998 623 4083 praecise
669 4012 855 4077 super
890 3990 1333 4074 praedicatum,
1356 3989 1555 4067 prout
1583 3991 1677 4050 est
1714 3988 2103 4051 causativum
2141 3986 2305 4059 boni,
2340 3985 2669 4051 delectatio
2702 4004 2825 4050 non

341 4102 469 4169 erit
501 4099 738 4165 mala...
779 4123 842 4160 ».
876 4096 958 4159 Et
988 4096 1141 4158 11666
1178 4093 1273 4156 661
1310 4091 1592 4155 doctrina
1624 4090 1937 4153 Auctoris

436 4205 647 4287 Lugo,
680 4201 759 4264 ab
790 4200 1059 4265 Auctore
1091 4196 1420 4279 allegatus,
1456 4194 1581 4256 ista
1612 4193 1803 4256 habet
1834 4191 1908 4253 dc
1945 4190 2192 4255 Poenit.
2229 4192 2384 4274 disp.
2418 4192 2519 4255 16.
2549 4213 2606 4255 n.
2637 4193 2819 4256 389.:

348 4334 386 4369 <
421 4306 636 4373 1111616
669 4305 912 4379 661616,
939 4300 1012 4366 (16
1046 4299 1301 4364 obiectis
1331 4297 1522 4361 etiam
1554 4296 1688 4361 iure
1721 4296 1982 4358 naturae
2016 4294 2366 4377 prohibitis,
2395 4315 2431 4358 a
2468 4296 2694 4377 quibus
2719 4314 2825 4377 per

337 4406 876 4476 inadvertcntiam
907 4402 1246 4468 secluditur
1276 4400 1541 4475 malitia,
1569 4417 1745 4481 posse
1780 4416 1892 4461 nos
1915 4396 2259 4477 aliquando
2291 4397 2559 4481 gaudere
2583 4396 2826 4480 (vocem

337 4508 702 4593 aliquando
734 4508 921 4571 babet
950 4506 1015 4569 et
1043 4504 1313 4568 Auctor:
1355 4520 1656 4583 quorsum
1690 4518 1855 4576 vere,
1888 4499 2049 4563 infra
2097 4500 2336 4582 patebit
2369 4520 2427 4564 11.
2469 4500 2826 4583 129.-131.)

340 4611 607 4699 quando
654 4610 785 4673 sine
822 4605 1207 4671 adveitentia
1256 4603 1458 4685 posita
1488 4604 1653 4666 sunt.
1696 4602 1796 4665 Sic
1845 4620 2174 4685 possumus
2222 4602 2492 4686 gaudere
2539 4602 2612 4667 de
2659 4620 2826 4666 men-
