3529 5158
329 356 473 432 [333]
546 373 632 412 AN
668 371 962 414 namon-1³8
999 374 1366 417 onmomun.
1394 374 1499 422 Qm
1539 375 1930 418 onnon-mun
1969 377 2232 418 mamus
2270 376 2606 418 aconnsmn
2680 362 2789 418 343

331 488 583 552 corpore
628 469 1000 552 reipublicae
1048 470 1431 534 dissonantia
1477 490 1620 535 cum
1671 490 1784 536 suo
1841 472 2075 554 capite:
2126 472 2338 538 eodem
2383 474 2566 537 modo
2614 476 2793 538 natu—

332 572 448 636 rali
494 572 734 636 ratione
780 574 1044 649 constat,
1095 574 1430 656 principem
1477 574 1610 637 vita
1657 576 1719 637 et
1766 575 2044 638 moribus
2082 594 2222 639 cum
2267 577 2506 658 reliquo
2539 595 2792 659 corpore

331 673 653 739 convenire
700 673 915 738 debere
953 699 1014 738 ».
1046 674 1240 739 Addit
1288 675 1477 739 aliam
1523 676 1831 740 rationem
1880 675 2183 757 Vasquez,
2217 678 2383 759 quod
2421 697 2595 743 secus
2633 679 2794 760 prin-

332 794 468 859 ceps
491 775 557 840 in
583 775 778 840 oculis
801 777 1015 859 populi
1039 777 1391 852 vilesceret3
1419 796 1576 859 quae
1601 778 1762 842 ratio
1787 779 1997 861 potius
2024 779 2101 843 ad
2125 779 2484 844 scandalum
2508 780 2789 845 refertur.

404 932 571 984 XXV.
601 933 650 982 2.
684 932 906 984 infideles
929 945 1022 983 non
1052 930 1301 997 baptizati,
1341 930 1484 984 ctiam
1514 931 1866 994 catechumeni,
1895 946 1987 984 non
2028 931 2305 995 obligantur
2330 931 2604 998 praeceptis
2629 934 2794 985 Eccle-

336 1015 435 1069 siae
448 1030 466 1083 3
487 1014 767 1078 obligantur
793 1021 952 1068 tamen
980 1013 1215 1068 haeretici
1240 1021 1288 1067 et
1316 1014 1416 1077 alii,
1443 1015 1528 1079 qui
1556 1030 1641 1082 per
1672 1015 1964 1083 baptismum
1991 1014 2241 1069 Ecclesiae
2269 1017 2418 1069 semel
2440 1023 2551 1069 sunt
2572 1015 2794 1068 subiecti.

418 1156 600 1230 333.
635 1157 792 1223 Cum
831 1160 1084 1224 ecclesia
1133 1157 1364 1223 Christi
1404 1160 1666 1224 visibilis
1714 1162 1799 1225 sit
1844 1162 2190 1245 respublica
2237 1182 2346 1227 seu
2394 1166 2794 1248 congregatio

333 1264 626 1339 fidelium,
675 1263 782 1344 qui
831 1262 1212 1327 sollemniter
1251 1281 1357 1346 per
1389 1262 1769 1346 baptismum
1800 1263 1985 1329 fidem
2017 1265 2420 1348 profitentur;
2470 1269 2795 1350 propterea

335 1369 606 1434 infideles
654 1367 761 1448 qui
815 1386 934 1431 non
991 1368 1390 1448 susceperunt
1443 1365 1846 1447 baptismum,
1900 1367 2177 1430 membra
2231 1386 2351 1431 non
2408 1368 2556 1432 sunt
2609 1367 2795 1431 huius

335 1468 798 1536 communitatis
847 1469 1032 1550 atque
1081 1467 1231 1532 adeo
1281 1486 1400 1532 non
1451 1467 1598 1531 sunt
1643 1468 1933 1531 ecclesiae
1980 1468 2234 1532 subditi.
2272 1469 2478 1534 Nullis
2512 1488 2657 1553 ergo
2707 1489 2797 1533 ec-

333 1575 550 1641 clesiae
586 1573 829 1657 legibus
859 1572 1167 1648 tenentur,
1207 1571 1354 1635 licet
1383 1571 1446 1634 in
1479 1570 1766 1635 civilibus
1798 1572 2060 1636 infidelis
2095 1572 2408 1638 subiectus
2446 1592 2575 1637 esse
2608 1574 2797 1653 queat

334 1676 591 1762 principi
637 1675 994 1750 christiam,
1035 1673 1160 1737 imo
1209 1676 1272 1738 et
1318 1673 1580 1757 principi
1626 1674 2060 1750 eeclesiastico,
2111 1676 2207 1739 nti
2253 1675 2465 1739 Iudaei
2506 1675 2796 1757 degentes

332 1781 388 1844 in
435 1777 755 1844 territorio
804 1776 1110 1840 Ecclesiae
1151 1776 1485 1839 Romanae.

413 1882 581 1946 Hinc
628 1881 739 1956 est,
790 1878 949 1960 quod
1008 1877 1303 1955 infideleS,
1355 1897 1495 1941 eum
1553 1897 1670 1943 non
1729 1879 2003 1962 ligentur
2049 1879 2291 1964 legibus
2345 1879 2794 1955 ecclesiasticiS,

334 1984 533 2050 valide
581 1981 959 2046 contrahunt
1004 1980 1495 2058 matrimonium,
1533 1982 1650 2045 etsi
1689 1985 2010 2047 versentur
2056 1983 2119 2046 in
2165 1984 2243 2047 iis
2277 1983 2603 2060 adiunctis,
2639 2003 2797 2066 quae

332 2087 690 2152 inducerent
733 2082 1245 2165 impedimentum
1278 2083 1570 2147 dirimens
1602 2084 1778 2148 iuxta
1816 2085 1953 2148 iura
2002 2085 2432 2162 ecclesiastica,
2467 2105 2524 2149 v.
2560 2105 2653 2170 gr.
2688 2087 2800 2149 im-

331 2189 751 2273 pedimentum
784 2185 1079 2262 criminiS,
1117 2186 1462 2262 affinitatis,
1498 2187 2060 2270 consanguinitatis
2092 2187 2156 2251 in
2183 2189 2242 2250 2.
2271 2188 2331 2250 3.
2360 2188 2421 2251 4.
2447 2187 2648 2272 gradu
2679 2191 2795 2252 etc.

224 2331 240 2348 ο
329 2290 596 2357 Proinde
643 2290 698 2353 si
735 2288 1038 2352 eiusmodi
1071 2288 1363 2373 coniuges
1397 2290 1648 2352 veniant
1682 2289 1757 2352 ad
1796 2289 1999 2366 fidem,
2034 2290 2207 2354 nulla
2245 2290 2526 2374 indigent
2564 2287 2801 2373 dispen-

329 2396 591 2470 satione,
628 2395 700 2456 ut
736 2391 797 2454 in
831 2391 1150 2455 contracto
1190 2391 1588 2455 matrimonio
1623 2394 2043 2474 permaneant.

410 2497 556 2562 Hoc
603 2495 771 2558 valet
817 2493 1008 2558 etiam
1071 2493 1143 2557 de
1199 2493 1660 2558 catechumeno.
1717 2494 1892 2558 Licet
1947 2495 2111 2558 enim
2157 2495 2635 2560 catechumenus
2692 2515 2800 2579 per

329 2601 505 2665 tidem
549 2597 894 2662 inchoativo
941 2597 1286 2662 membrum
1333 2597 1638 2662 Ecclesiae
1687 2597 1888 2661 factus
1936 2598 2036 2674 sit,
2085 2616 2209 2662 non
2256 2599 2465 2662 tamen
2510 2597 2658 2662 talis
2704 2600 2798 2662 est

328 2703 715 2785 complective
761 2705 822 2764 et
864 2699 1235 2780 formaliter,
1285 2720 1425 2764 cum
1474 2701 1655 2765 fidem
1688 2720 1794 2784 per
1841 2701 2136 2784 baptismi
2181 2701 2632 2784 susceptionem
2665 2720 2801 2784 pro-

329 2807 520 2871 fessus
570 2825 696 2871 non
745 2806 847 2869 sit.
903 2804 1165 2868 Proinde
1211 2806 1687 2869 catechumenus
1745 2824 1782 2867 a
1846 2804 2310 2874 fiderecedens,
2368 2804 2798 2869 ecclesiasticis

329 2909 782 2975 haereticorum
830 2907 1041 2990 poenis
1070 2907 1322 2971 minime
1363 2907 1695 2991 obligatur.
1731 2908 1947 2991 Laym.
1983 2907 2089 2971 lib.
2127 2909 2186 2970 2.
2222 2909 2404 2971 tract.
2441 2909 2500 2970 2.
2527 2926 2660 2989 cap.
2692 2907 2792 2969 13.

329 3031 385 3074 n.
424 3013 481 3074 1.
516 3010 753 3079 Eadem
799 3010 872 3073 de
919 3027 1105 3073 causa
1142 3009 1618 3073 catechumenus
1667 3012 1986 3090 exemptus
2034 3010 2129 3071 est
2176 3028 2211 3070 a
2256 3008 2499 3091 legibus
2545 3008 2799 3087 impedi-

329 3114 686 3177 mentorum
730 3112 885 3175 iuris
932 3111 1329 3176 ecclesiastici
1376 3110 1580 3192 quoad
1626 3108 2099 3174 matrimonium
2160 3110 2223 3170 et
2277 3109 2328 3170 si
2382 3108 2480 3170 vel
2527 3107 2798 3187 baptizet

331 3216 423 3278 vel
471 3217 688 3279 teneat
734 3214 1122 3298 baptizatum
1170 3234 1278 3277 ceu
1329 3212 1630 3295 patrinus,
1670 3230 1792 3274 non
1842 3209 2157 3273 contrahit
2203 3207 2635 3290 cognationem
2683 3207 2803 3286 spi-

328 3318 643 3382 ritualem.
677 3318 760 3381 Et
797 3318 958 3382 ratio
994 3320 1114 3392 est3
1150 3316 1296 3398 quia
1329 3316 1492 3379 sicut
1522 3332 1644 3377 non
1677 3311 1992 3375 contrahit
2024 3308 2458 3393 cognationem
2491 3308 2799 3370 carnalem

329 3419 436 3500 qui
485 3420 760 3484 nondum
808 3424 903 3483 est
947 3418 1217 3504 genitUS,
1267 3419 1357 3481 ita
1407 3418 1512 3499 qui
1563 3414 1833 3479 nondum
1883 3414 2131 3497 genitus
2171 3414 2265 3476 est
2311 3409 2646 3476 secundum
2685 3410 2803 3493 spi-

327 3523 541 3599 ritum,
586 3523 846 3605 incapax
894 3525 987 3585 est
1035 3520 1426 3605 cognationis
1467 3518 1813 3602 spiritualis
1846 3519 1910 3581 et
1939 3516 2086 3580 licet
2133 3535 2240 3599 per
2285 3514 2668 3598 baptismum
2700 3512 2807 3575 fla-

327 3624 510 3689 minis
560 3625 725 3689 forte
759 3624 1060 3707 acceperit
1089 3622 1362 3707 gratiam
1395 3622 1904 3697 sanctificantem,
1940 3622 2149 3684 tamen
2190 3617 2462 3682 nondum
2493 3612 2802 3679 mediante

323 3727 558 3791 visibili
617 3729 1005 3790 sacramento
1059 3727 1456 3810 regeneratus
1520 3726 1614 3788 est
1675 3726 1738 3788 et
1801 3724 2083 3787 societati
2139 3721 2415 3783 fidelium
2470 3718 2800 3781 adunatus.

321 3826 711 3913 Schmalzgr.
747 3829 818 3892 In
851 3829 957 3892 lib.
993 3829 1054 3890 4.
1091 3829 1190 3891 tit.
1231 3829 1331 3891 11.
1375 3848 1431 3890 n.
1477 3828 1723 3890 29.-30.

411 3927 601 4001 334.
642 3930 830 3995 Secus
877 3930 1200 3995 dicendum
1247 3930 1319 3994 de
1367 3930 1710 3995 haereticis.
1752 3929 1861 4009 qui
1898 3928 2208 4008 baptismo
2243 3920 2445 3984 abluti
2477 3918 2701 3982 habent
2737 3917 2799 3979 in

319 4055 381 4098 se
429 4038 574 4099 tum
627 4035 879 4117 signum
927 4037 1066 4099 tum
1110 4034 1580 4098 fundamentum
1616 4029 2015 4095 subiectionis
2064 4026 2140 4089 ad
2188 4021 2665 4088 ecclesiasticam
2698 4035 2804 4097 po-

319 4140 647 4201 testatem.
685 4136 765 4200 Et
794 4136 941 4200 licet
988 4137 1320 4201 secundum
1354 4137 1740 4217 praesentem
1788 4132 2027 4195 statum
2060 4146 2181 4191 non
2215 4126 2342 4188 sint
2387 4120 2663 4185 membra
2696 4117 2805 4180 Ec-

318 4240 565 4317 clesiae,
621 4238 701 4302 de
746 4239 880 4301 iure
919 4241 1126 4303 tamen
1165 4238 1464 4320 potestati
1501 4234 1807 4300 Ecclesiae
1856 4230 2207 4295 subduntur
2246 4228 2433 4306 atque
2472 4221 2622 4285 adeo
2653 4219 2806 4301 legi-

318 4342 434 4408 bus
468 4340 762 4408 eiusdem
793 4340 926 4403 iure
955 4341 1254 4425 ligantur,
1297 4359 1416 4403 non
1450 4358 1623 4402 secus
1657 4357 1728 4401 ac
1760 4333 2065 4406 subditus,
2109 4331 2258 4394 utut
2289 4325 2551 4397 rebellis,
2588 4320 2806 4400 utique

299 4445 392 4507 ‘ad
444 4442 801 4528 superioris
836 4441 935 4507 sui
963 4442 1128 4525 leges
1162 4443 1424 4506 tenetur.

411 4548 619 4632 Leges
673 4550 885 4609 tamen
925 4545 1211 4627 poenales
1245 4544 1305 4606 in
1339 4544 1509 4619 locis,
1552 4541 1656 4605 ubi
1689 4537 1982 4603 haeretici
2015 4534 2383 4602 tolerantur,
2418 4547 2539 4591 non
2578 4524 2810 4587 habent
