3529 5158
572 337 684 393 718
1383 352 1696 392 Arra-,unu
1736 352 1807 392 11.
1843 351 2244 394 mssmrxno

666 453 749 517 Et
793 452 1042 535 quidem
1087 451 1409 537 Laymann
1454 452 1561 515 lib.
1602 453 1658 515 1.
1691 453 1875 516 tract.
1917 452 1979 515 4.
2021 449 2096 514 dc
2141 450 2360 533 Lcyib.
2395 470 2527 535 cap.
2578 454 2639 516 2.
2679 472 2739 517 n.
2781 452 2842 516 5.
2875 472 3040 518 com-

577 574 829 620 munem
876 554 1222 620 doctrinam
1262 555 1544 619 absolute
1590 555 1763 619 tenet
1793 555 1857 618 et
1885 553 2083 632 docet,
2115 553 2427 636 inquiens·
2453 580 2488 613 «
2513 553 2652 618 Lex
2687 553 3035 635 Pontificem

573 655 763 720 cernel
805 676 880 721 ac
923 655 1163 721 Romae
1197 656 1523 737 publicata
1569 660 1679 735 est,
1713 675 1953 720 omnem
1997 655 2324 739 obliyandi
2365 657 2491 719 vim
2535 655 2756 735 habet‚·
2786 676 2900 720 σαν
2928 677 3039 720 αα-

577 761 699 822 tem
741 756 1161 824 Dioecesanos
1204 778 1331 823 non
1376 759 1591 823 statim
1643 778 1851 822 omnes
1896 758 2143 841 obliyet,
2182 778 2310 823 non
2345 759 2638 838 provenit
2677 779 2758 823 ex
2800 758 3039 838 defectu

575 859 735 943 leffl's
778 881 888 925 seu
924 861 1470 943 promulyatz'oms,
1504 860 1617 924 sed
1658 881 1734 925 ea:
1780 860 2017 940 defectu
2061 860 2332 925 alicuius
2375 860 2784 926 accidentalis
2824 861 3038 926 condi·-

580 964 788 1037 mnis,
821 984 878 1026 v.
915 985 1011 1046 yr.
1047 965 1198 1046 quia
1242 965 1545 1046 iqnorant
1572 989 1633 1027 ».
1668 963 1831 1028 Tum
1877 985 1936 1029 n.
1973 964 2032 1028 6.
2068 964 2272 1028 addit.
2308 988 2344 1023 ⁴<
2375 964 2569 1030 Porro
2614 968 2848 1047 quanto
2896 968 3040 1029 tem-

567 1085 720 1146 pore
752 1069 905 1146 post
938 1065 1095 1148 Icyis
1124 1067 1195 1129 in
1235 1064 1433 1130 Curia
1458 1065 2026 1148 promulgat-tionem
2054 1067 2421 1148 iynorantia
2437 1066 2902 1147 praesumenda
2929 1068 3036 1142 sit,

574 1172 649 1231 ut
692 1188 828 1232 eam
872 1167 1183 1251 alleyanti
1225 1169 1295 1232 in
1340 1172 1595 1233 externo
1630 1167 1768 1248 foro
1805 1188 1961 1233 onus
1995 1168 2316 1249 probandi
2348 1171 2588 1250 imponi
2629 1190 2758 1234 non
2802 1169 3038 1244 debeat,

572 1264 657 1334 (ἐπ’
683 1270 956 1334 locorum
987 1270 1312 1334 distantiis
1332 1270 1601 1351 aliisque
1632 1272 2141 1345 circumstantiis,
2166 1272 2348 1336 iudex
2380 1272 2807 1350 arbitrabitur,
2834 1274 2908 1336 ut
2937 1272 3041 1339 do-

573 1376 717 1437 cent
752 1374 867 1439 etc.
908 1400 944 1433 »

667 1476 1146 1541 Excusationem
1179 1477 1391 1540 autem
1422 1494 1533 1560 pro
1564 1476 1661 1554 iis,
1695 1477 1804 1558 qui
1851 1476 2033 1541 aliter
2080 1478 2427 1561 operentur,
2461 1478 2652 1541 talem
2690 1477 2878 1542 habet
2904 1478 2946 1540 l.
2979 1496 3032 1541 c.

574 1596 710 1660 cap.
733 1578 793 1641 3.
820 1597 880 1640 n.
907 1578 967 1641 3.
995 1578 1340 1659 Postquam
1373 1577 1535 1642 enim
1560 1578 1734 1655 dixit,
1764 1597 1920 1643 onus
1950 1579 2302 1643 incumbere
2332 1578 2651 1662 Episcopis
2675 1579 3038 1663 praesertim

576 1680 1075 1763 metropolitanis
1099 1681 1449 1763 publicandi
1475 1681 1643 1765 leges
1676 1680 2036 1746 Pontificias
2067 1683 2131 1746 in
2154 1682 2283 1746 suis
2306 1681 2656 1765 provinciiS,
2685 1682 2774 1746 sic
2803 1682 3037 1767 pergit:

584 1811 618 1843 «
645 1783 709 1849 Si
744 1784 842 1848 lex
878 1784 942 1847 in
975 1781 1163 1848 Curia
1196 1783 1496 1867 Principis
1529 1784 1846 1867 publicata
1875 1784 1939 1847 in
1972 1784 2350 1849 distantibus
2387 1785 2719 1868 provinciis
2751 1804 2872 1850 non
2904 1803 3043 1868 pro·

574 1888 914 1971 mulgetur,
950 1888 1196 1951 constat
1227 1905 1298 1950 ex
1336 1886 1728 1969 supradictiS,
1771 1887 2052 1952 subditos
2083 1888 2489 1969 provinciales
2520 1907 2641 1952 non
2681 1888 2948 1973 obligari
2982 1889 3040 1953 si

574 1994 664 2058 sit
684 1991 1105 2074 imperatoria.
1125 1989 1262 2054 Etsi
1285 2007 1429 2054 vero
1456 1989 1687 2074 delego
1705 1988 2053 2067 Pontificia‚
2074 1990 2352 2072 spectata
2376 1990 2508 2053 eius
2534 1991 2780 2067 natura,
2798 1991 3042 2054 contra-

576 2095 741 2158 rium
773 2093 1160 2158 sentiendum
1206 2094 1308 2167 sit,
1344 2094 1550 2156 tamen
1589 2092 1754 2174 quod
1788 2092 2016 2156 attinet
2053 2091 2130 2156 ad
2176 2091 2434 2174 praxim,
2475 2092 2762 2172 arbitror,
2801 2091 3038 2175 peccati

574 2196 957 2261 damnandos
982 2215 1104 2260 non
1130 2214 1260 2260 esse
1283 2213 1479 2277 neque
1510 2194 1848 2277 puniendos
1882 2195 2161 2279 singulos
2194 2213 2226 2258 e
2252 2192 2731 2273 Communitate,
2758 2194 2811 2258 si
2833 2195 3038 2278 legem

576 2298 969 2363 Pontificiam
1014 2299 1078 2362 in
1117 2316 1229 2362 sua
1277 2297 1536 2362 dioecesi
1584 2315 1779 2379 neque
1810 2297 2272 2381 promulgatam
2305 2317 2499 2377 neque
2545 2316 2664 2360 usu
2707 2300 3031 2375 receptam,

575 2402 694 2485 ipsi
726 2420 971 2484 quoque
1007 2420 1131 2466 non
1165 2401 1507 2465 observent.
1542 2400 1773 2477 Primo,
1809 2400 1956 2482 quia
1987 2398 2299 2464 contraria
2328 2417 2451 2464 non
2483 2417 2821 2481 paucorum
2848 2398 3033 2462 DD...

576 2505 903 2582 sententia,
945 2504 1108 2587 quod
1140 2522 1262 2567 non
1299 2503 1505 2567 minus
1545 2501 1622 2566 ad
1653 2501 2066 2582 Pontificiam,
2107 2520 2296 2585 quam
2332 2501 2797 2585 imperatoriam
2833 2500 3036 2585 legem

576 2625 734 2689 opus
768 2608 850 2671 sit
888 2608 1387 2691 promulgatione
1418 2608 1481 2670 in
1513 2606 1864 2689 provinciis,
1898 2605 2234 2689 probabilis
2269 2604 2421 2689 ipsis
2458 2604 2652 2669 videri
2684 2606 2908 2688 potest,
2934 2603 3036 2669 cni

574 2710 826 2793 proinde
852 2729 915 2774 se
946 2709 1328 2774 conformare
1357 2709 1561 2773 liceat.
1589 2708 1823 2773 Deinde
1852 2709 2000 2791 quia
2031 2707 2546 2791 praesumendum
2578 2725 2698 2770 non
2731 2709 2845 2784 est,
2872 2726 3037 2771 men-

576 2813 705 2875 tem
736 2811 1114 2895 legislatoris
1147 2830 1295 2890 6886,
1331 2812 1404 2875 ut
1439 2810 1536 2874 lex
1576 2811 1942 2892 praesertim
1972 2810 2035 2873 in
2066 2810 2345 2874 Dioecesi
2375 2828 2498 2874 non
2543 2809 2963 2893 promulgata,
2998 2827 3034 2872 a

573 2914 932 2979 dioecesano
958 2933 1080 2979 uno
1115 2914 1212 2978 vel
1246 2914 1441 2977 altero
1467 2913 1567 2977 vel
1598 2913 1812 2996 paucis
1846 2913 2223 2988 observetur,
2251 2913 2303 2976 si
2326 2911 2526 2976 maior
2550 2910 3032 2976 Communitatis

572 3035 717 3101 pars
755 3036 876 3081 non
922 3016 1169 3101 recepit,
1204 3035 1399 3098 neque
1443 3015 1614 3080 brevi
1649 3017 1926 3099 tempore
1972 3016 2292 3097 receptura
2337 3015 2435 3078 vel
2468 3015 2871 3079 observatura
2913 3014 3030 3077 exi·

573 3120 889 3184 stimatur.
932 3118 1246 3202 Siquidem
1276 3121 1497 3204 legem,
1533 3138 1673 3183 cum
1706 3120 1790 3183 sit
1835 3136 2159 3183 commune
2204 3118 2590 3193 mandatum,
2625 3117 3034 3182 communiter

574 3221 886 3286 observari
922 3223 1186 3306 oportet,
1220 3223 1294 3286 ut
1323 3222 1569 3286 notavit
1598 3220 1918 3285 Navarrus
1950 3222 2064 3283 etc.
2100 3244 2160 3283 ».

662 3324 828 3410 Ergo
863 3343 986 3389 non
1037 3329 1235 3388 tutam
1265 3325 1512 3407 quidem
1546 3323 1696 3387 dicit
1732 3322 2078 3387 doctrinam
2109 3323 2303 3401 illam,
2340 3322 2444 3387 sed
2490 3322 2767 3387 excusari
2815 3341 2850 3386 a
2897 3340 3037 3405 pec-

570 3429 714 3492 cato
764 3427 1056 3504 affirmat,
1092 3429 1227 3491 tum
1275 3427 1421 3509 quia
1469 3447 1539 3491 611
1570 3426 1870 3509 principio
1904 3425 2272 3510 generaliori
2316 3443 2495 3490 nemo
2541 3426 2789 3490 tenetur
2832 3426 3033 3510 legem

572 3548 695 3592 non
751 3531 1064 3613 receptam
1114 3549 1147 3593 a
1196 3529 1422 3594 maiori
1466 3532 1641 3611 parte
1689 3526 2174 3593 Communitatis
2221 3528 2542 3593 observare
2581 3527 2674 3611 (et
2716 3528 2834 3592 hoc
2878 3527 3035 3591 nihil

571 3631 842 3713 pertinet
889 3631 966 3695 ad
1014 3632 1203 3696 robur
1249 3631 1419 3696 illius
1453 3631 1814 3716 doctrinae),
1865 3634 2002 3696 tum
2052 3632 2198 3714 quia
2245 3651 2317 3697 ea
2363 3631 2642 3697 doctrina
2693 3633 2902 3714 potest
2947 3630 3036 3695 vi-

572 3732 701 3796 deri
748 3732 874 3797 illis
906 3733 1261 3816 probabilis,
1324 3733 1431 3796 ubi
1478 3734 1649 3812 nota,
1698 3733 1864 3816 quod
1909 3753 2031 3798 non
2079 3734 2208 3817 ipse
2240 3733 2632 3814 probabilem
2676 3735 2878 3810 vocat,
2929 3732 3034 3797 sed

572 3835 778 3900 solum
826 3836 976 3900 dicit
1022 3855 1198 3919 posse
1244 3836 1370 3900 illis
1419 3836 1610 3900 talem
1656 3835 1869 3900 videri.
1906 3835 2002 3900 Ad
2035 3855 2193 3918 quae
2222 3835 2472 3919 insuper
2503 3835 2842 3908 advertam,
2876 3834 3037 3920 Lay-

570 3957 758 4002 mann
782 3939 845 4002 id
871 3939 1180 4003 affirmare
1210 3941 1461 4023 propter
1492 3939 1931 4004 auctoritatem
1963 3939 2122 4016 DD.,
2156 3957 2311 4022 quos
2340 3939 2472 4022 ipse
2502 3957 2611 4022 pro
2651 3957 2722 4003 ea
2754 3937 3034 4003 doctrina

573 4042 957 4126 allegaverat
987 4042 1049 4106 in
1097 4061 1295 4126 praec.
1330 4061 1461 4126 cap.
1499 4043 1558 4105 2.
1593 4062 1656 4106 11.
1689 4042 1749 4105 4.
1796 4043 1851 4125 ξ.
1902 4041 2042 4106 Lea>
2085 4046 2324 4105 autem:
2366 4042 2513 4106 sunt
2545 4043 2754 4106 autem
2801 4040 3025 4116 Abbaa

574 4143 858 4222 Armilla,
892 4144 1232 4219 Navarrus,
1267 4144 1437 4224 Soto,
1472 4145 1730 4210 Molina.
1772 4144 1966 4227 Atqui
1996 4145 2196 4229 reipsa
2243 4164 2421 4210 nemo
2454 4164 2615 4210 unus
2651 4165 2722 4209 ex
2753 4144 2891 4208 istis
2927 4160 3033 4226 po·

577 4246 701 4310 test
732 4266 872 4310 vere
905 4265 1014 4330 pro
1046 4266 1118 4312 ea
1150 4247 1432 4312 doctrina
1482 4248 1703 4312 afferri.
1739 4247 1820 4312 Et
1867 4248 2031 4330 quod
2081 4249 2307 4313 attinet
2345 4248 2422 4313 ad
2452 4247 2759 4313 Abbatem
2807 4248 3036 4312 Panor-

570 4346 899 4428 mitanum,
933 4350 994 4413 id
1030 4350 1409 4414 ostendimus
1445 4369 1580 4433 sup.
1614 4371 1674 4414 n.
1703 4351 1877 4428 2.-6.,
1905 4350 1977 4413 de
2000 4335 2281 4416 Navarro
2304 4372 2364 4415 n.
2398 4352 2520 4429 13.,
2555 4350 2630 4415 de
2654 4349 2804 4415 Soto
2837 4373 2895 4415 n.
2928 4349 3030 4413 17.

661 4450 765 4512 22.
808 4450 1026 4529 Quoad
1073 4451 1401 4516 Armillam
1446 4451 1705 4516 fidenter
1767 4453 1986 4531 dicam,
2043 4453 2106 4517 in
2152 4453 2288 4519 loco
2351 4455 2460 4536 qui
2520 4454 2833 4537 allegatur
2877 4453 3039 4538 Lay-

570 4570 762 4617 mann
810 4552 885 4615 V.
920 4553 1059 4616 Lex
1095 4574 1154 4618 n.
1194 4556 1294 4617 11.
1345 4575 1418 4619 116
1464 4555 1717 4619 verbum
1769 4555 2014 4638 quidem
2054 4554 2183 4621 fieri
2223 4555 2296 4620 de
2327 4557 2444 4620 hac
2488 4555 2877 4638 quaestione:
2927 4555 3034 4621 sed
