3529 5158
714 303 824 360 428
1227 318 1439 360 maor.
1478 318 1568 359 111.
1605 319 1691 358 nn
1727 316 2006 359 memus.
2046 316 2248 359 capu-r
2284 318 2365 359 ιν.
2403 318 2547 359 nun.
2585 317 2667 358 iv.
3034 304 3188 380 [446]

805 418 941 481 Erit
978 416 1458 499 exprimendum.
1498 410 1564 478 1⁰
1602 412 1676 477 Si
1704 415 1910 478 maius
1944 417 2243 496 sequatur
2262 413 2727 493 praeiudicimn
2761 415 2954 489 tertii,
2990 435 3048 478 v.
3086 437 3182 501 gr.

716 520 769 584 si
823 522 999 604 petas
1045 519 1568 602 dispensationem
1616 538 1651 581 a
1698 516 2007 582 solvendis
2051 516 2303 581 decimis
2349 516 2506 600 agri,
2554 518 2891 598 postquam
2944 516 3189 600 dispen·
3264 573 3268 576 ⁴

717 624 891 686 satus
938 621 1118 685 fuisti
1162 640 1274 705 pro
1321 620 1572 686 decimis
1618 620 1850 685 vineae.
1901 620 2061 683 Item
2092 618 2147 683 si
2177 618 2347 683 aliud
2394 618 2758 684 beneficium
2804 619 3085 703 possides
3121 622 3189 684 et

715 725 888 789 aliud
934 726 1115 809 petis.

897 833 967 894 2⁰
1001 830 1076 896 Si
1105 851 1297 896 cau-sa
1326 851 1453 895 non
1484 834 1579 895 est
1596 830 1920 912 sufficiens
1935 849 2062 910 pro
2093 827 2330 909 duplici
2358 828 2839 909 dispensatione.
2864 830 2970 894 Ita
3000 850 3061 895 v.
3087 851 3189 916 gr.

713 933 768 997 si
819 934 1075 998 obtenta
1128 933 1582 1017 dispensatione
1636 932 1999 996 residentiae
2055 932 2132 995 ad
2185 931 2540 1008 triennium,
2593 931 2704 995 ffle
2758 932 2868 1013 qui
2922 933 3192 1015 percipit

713 1035 975 1115 fructus,
1025 1039 1201 1119 petat
1249 1036 1326 1100 ad
1373 1035 1544 1100 aliud
1588 1034 1923 1099 triennium
1975 1053 2098 1100 non
2155 1034 2318 1099 facta
2370 1033 2683 1099 mentione
2744 1033 2990 1117 prioriS,
3041 1053 3190 1098 cum

715 1157 903 1203 eausa
952 1138 1163 1202 valeat
1210 1157 1320 1221 pro
1369 1156 1493 1201 uno
1525 1138 1775 1201 tantum
1821 1137 2105 1202 triennio.
2146 1137 2307 1200 Item
2352 1136 2407 1201 si
2451 1136 2845 1219 dispensatus
2878 1136 2959 1200 ab
2995 1136 3190 1218 impe-

722 1240 997 1305 dimento
1032 1240 1110 1304 ob
1140 1239 1571 1315 uxoricidium,
1605 1258 1821 1303 rursus
1853 1238 2108 1303 eandem
2138 1238 2660 1321 dispensationem
2697 1239 2893 1321 petat.

894 1344 964 1407 3⁰
1003 1342 1078 1407 Si
1106 1342 1270 1406 desit
1295 1340 1583 1405 voluntas
1613 1341 2000 1405 concedentis
2019 1361 2142 1422 pro
2170 1344 2452 1422 utroque.
2486 1342 2589 1405 Ita
2618 1342 2674 1406 si
2704 1343 2912 1407 stante
2945 1341 3192 1426 dispen-

716 1445 957 1510 satione
1005 1464 1116 1528 pro
1164 1444 1565 1508 matrimonio
1612 1462 1753 1507 cum
1800 1463 1926 1507 una
1971 1445 2447 1529 consanguinea,
2495 1444 2613 1508 hac
2656 1463 2782 1509 non
2818 1462 2992 1521 usne,
3042 1445 3192 1525 quis

716 1549 892 1631 petat
938 1566 1048 1631 pro
1098 1548 1222 1612 alia
1269 1547 1759 1631 consanguinem
1811 1565 1957 1610 nam
2003 1546 2305 1611 alterutra
2349 1546 2529 1611 irrita
2571 1545 2788 1610 evadit
2817 1565 2891 1610 ac
2921 1547 3063 1610 DD.
3094 1546 3192 1611 di-

715 1652 993 1733 sputant,
1044 1650 1153 1714 alii
1184 1650 1486 1730 primam,
1535 1649 1643 1712 alii
1688 1647 2024 1712 secundam
2067 1651 2398 1713 censentes,

803 1752 997 1816 Extra
1046 1752 1161 1817 hos
1207 1771 1387 1816 casus
1434 1770 1557 1816 non
1604 1751 1945 1815 necessario
2007 1752 2103 1815 est
2156 1750 2546 1833 exprimenda
2588 1750 2976 1835 dispensatio
3025 1752 3189 1817 alias

715 1856 988 1935 obtenta,
1039 1856 1101 1919 et
1148 1855 1237 1918 sic
1281 1853 1488 1918 valida
1535 1853 1671 1930 erit,
1719 1853 1869 1917 licet
1913 1853 2081 1935 prior
2128 1854 2427 1918 taceatur.

804 1958 904 2020 Ita
957 1958 1022 2020 1⁰
1070 1956 1134 2020 Si
1183 1956 1447 2021 secunda
1493 1956 1828 2038 impetrata
1874 1954 1997 2018 fuit
2044 1955 2121 2018 ad
2169 1955 2510 2020 tollendum
2547 1956 2808 2021 dubium
2854 1975 2971 2021 seu
3017 1976 3191 2022 scru-

711 2060 930 2143 pulum
976 2077 1086 2143 pro
1133 2060 1352 2143 prima.

892 2162 961 2226 2⁰
1007 2160 1072 2226 Si
1118 2162 1319 2246 prima
1363 2162 1488 2226 fuit
1532 2162 1825 2227 invalida.

890 2265 960 2328 3⁰
1006 2264 1071 2329 Si
1118 2266 1319 2348 prima
1366 2265 1505 2346 quis
1552 2284 1702 2328 usus
1748 2284 1870 2330 non
1918 2265 2125 2329 fuerit.

888 2364 959 2430 4⁰
1006 2366 1072 2431 Si
1117 2367 1509 2450 dispensatus
1548 2387 1604 2431 v.
1638 2388 1733 2451 gr.
1767 2387 1877 2450 pro
1908 2368 2168 2444 incestu,
2208 2367 2436 2431 iterum
2467 2366 2607 2448 quis
2638 2364 3038 2448 dispensatur
3069 2386 3184 2450 pro

709 2488 868 2534 novo
915 2470 1174 2534 incestu.

891 2571 960 2636 5⁰
1007 2572 1073 2637 Si
1119 2573 1512 2656 dispensatus
1571 2575 1648 2638 ab
1702 2574 2167 2660 irregularitate
2222 2572 2300 2637 ad
2349 2572 2589 2638 ordines
2643 2572 2912 2638 minores
2958 2571 3183 2637 deinde

707 2677 849 2757 quis
895 2676 1282 2759 dispensetur
1327 2676 1405 2739 ad
1451 2677 1735 2742 maiores

799 2774 985 2848 446.
1021 2779 1443 2843 Veruntamen
1477 2779 1688 2844 sedulo
1721 2781 1977 2843 monent
2008 2781 2166 2857 DD.,
2200 2779 2460 2862 duplicis
2505 2778 2747 2863 generis
2792 2778 3184 2863 distinguen-

707 2880 819 2944 das
866 2899 996 2944 esse
1043 2881 1399 2962 qualitates,
1449 2900 1606 2963 quae
1652 2882 2001 2965 Principem
2047 2899 2083 2946 a
2130 2881 2509 2947 concedenda
2544 2880 2753 2964 gratia
2799 2883 3173 2946 averterent.

708 2981 1026 3063 Quaedam
1073 2970 1236 3047 enim
1268 2985 1415 3047 sunt
1460 2983 1801 3066 qualitates
1830 2984 1952 3067 ipsi
1980 2986 2070 3049 rei
2099 2985 2484 3061 intrinsecae,
2525 3002 2683 3065 quae
2713 2983 3011 3047 nimirum
3041 3004 3179 3066 per·

709 3087 914 3150 tinent
943 3086 1022 3150 ad
1052 3086 1135 3163 id,
1170 3087 1331 3150 circa
1369 3086 1534 3169 quod
1572 3085 1949 3170 dispensatio
1982 3087 2077 3152 est
2113 3087 2463 3152 obtinenda.
2503 3087 2586 3150 Et
2614 3087 2772 3151 istae
2810 3087 2978 3163 sunt,
3011 3106 3178 3167 quae

709 3189 1051 3253 necessario
1084 3190 1234 3252 sunt
1263 3189 1706 3272 exprimendae,
1747 3189 1994 3273 quando
2042 3192 2189 3254 sunt
2234 3207 2457 3254 causae
2488 3189 2702 3253 finales
2738 3189 3171 3253 concessionis.

705 3288 925 3356 Sanch.
966 3292 1009 3356 1.
1043 3312 1093 3355 c.
1128 3311 1187 3355 n.
1227 3292 1328 3355 18.

796 3395 976 3459 Aliae
1025 3414 1168 3459 vero
1218 3395 1365 3459 sunt
1411 3396 1805 3473 extrinsecae,
1855 3416 2014 3478 quae
2049 3416 2267 3479 nempe
2312 3416 2434 3461 non
2482 3395 2793 3479 pertinent
2837 3394 2917 3459 ad
2961 3394 3045 3472 id,
3096 3393 3176 3458 ad

706 3496 872 3578 quod
905 3494 977 3558 de
1009 3496 1143 3560 iure
1177 3515 1330 3578 opus
1369 3499 1464 3562 est
1501 3499 1975 3582 dispensatione.
2007 3498 2090 3561 Et
2120 3498 2236 3562 hae
2265 3518 2385 3562 non
2425 3500 2575 3562 sunt
2601 3498 2945 3563 necessario
2979 3495 3176 3580 expli-

706 3597 937 3662 candae
985 3617 1180 3680 neque
1226 3617 1438 3663 earum
1478 3601 1876 3665 taciturnitas
1907 3600 2109 3664 reddit
2151 3601 2672 3684 dispensationem
2709 3601 3173 3683 subreptitiam,

707 3700 994 3784 quamvis
1040 3701 1117 3764 iis
1165 3702 1461 3784 expressis
1491 3703 1782 3787 Princeps
1814 3723 1936 3768 non
1966 3703 2341 3768 concederet.
2381 3703 2593 3786 Neque
2630 3705 2747 3769 hae
2792 3722 3021 3769 causae
3050 3703 3176 3768 dici

707 3809 970 3892 possunt
1014 3808 1075 3871 in
1123 3807 1211 3872 rei
1260 3809 1522 3873 veritate
1568 3829 1791 3873 causae
1836 3810 2225 3892 impulsivae,
2275 3811 2500 3875 nedum
2544 3811 2779 3876 finales.
2820 3811 2985 3875 Hinc
3034 3811 3171 3876 DD.

704 3914 970 3988 censent,
1003 3911 1315 3976 hominem
1359 3912 1674 3976 irretitum
1718 3912 1937 3976 multis
1982 3913 2362 3990 criminibus,
2409 3932 2534 3978 non
2579 3913 2975 3978 reddentibus
3008 3916 3174 3979 inca·

708 4035 921 4098 pacem
969 4015 1264 4092 beneficii,
1306 4015 1508 4080 valide
1540 4015 1616 4080 iis
1648 4016 1857 4080 tacitis
1904 4015 2235 4099 impetrare
2268 4037 2304 4080 a
2335 4015 2634 4081 Pontifice
2664 4016 2938 4101 gratiam
2984 4017 3176 4082 colla-

706 4118 930 4192 tionis·,
982 4118 1267 4198 quamvis
1314 4119 1480 4182 certo
1528 4121 1789 4196 constet,
1822 4118 2206 4197 Pontificem,
2256 4120 2309 4183 si
2353 4119 2633 4186 conscius
2670 4137 2884 4183 eorum
2922 4118 3172 4196 fuisset,

706 4238 828 4283 non
861 4219 1051 4282 fuisse
1082 4238 1535 4283 concessurum.
1570 4221 1651 4283 Et
1681 4220 1954 4285 confirm.
1991 4241 2027 4284 a
2059 4222 2227 4304 pari;
2270 4242 2413 4287 nam
2445 4221 2809 4286 donationes
2841 4221 3002 4286 alias
3032 4242 3180 4307 gra-

707 4320 903 4384 tuitas
929 4322 992 4383 et
1015 4322 1432 4406 eleemosynas
1465 4341 1587 4387 non
1618 4324 1770 4386 facit
1800 4324 2008 4388 irritas
2030 4325 2387 4410 ignorantia
2410 4325 2737 4408 qualitatis
2768 4326 3177 4405 extrinsecae,

703 4440 863 4504 quae
894 4422 1023 4485 scil.
1061 4423 1137 4486 ad
1171 4424 1429 4487 titulum
1467 4424 1887 4510 eleemosynae
1920 4446 2040 4491 non
2074 4428 2358 4511 pertinet,
2392 4429 2678 4511 quamvis
2708 4428 2946 4494 donans
2978 4430 3061 4494 ab
3100 4450 3179 4495 ea

700 4524 1032 4589 donatione
1079 4546 1186 4591 seu
1233 4527 1617 4613 eleemosyna
1655 4529 2010 4607 abstineret,
2051 4531 2103 4594 si
2150 4533 2358 4596 nosset
2405 4551 2467 4596 se
2514 4531 2741 4596 donare
2777 4531 3038 4614 pauperi
3074 4553 3184 4598 ne-
