3529 5158
263 386 417 465 [881]
621 402 700 441 Ax
743 401 865 442 uxo
904 400 1063 444 Αοτυ
1099 401 1307 443 Possrr
1343 403 1512 442 mmm
1546 402 1717 443 sams
1757 401 2008 444 nurum
2038 401 2394 442 mammo
2629 390 2736 445 373

384 500 534 553 Lxu.
563 501 613 551 2.
639 500 824 552 Votum
853 503 903 552 et
927 497 1230 551 Paenitentia
1254 496 1302 550 in
1340 497 1645 552 confessione
1675 496 1891 553 iniuncta
1921 499 2212 564 plerumque
2237 512 2333 551 non
2357 497 2622 566 implentur
2647 514 2736 566 per

263 591 434 638 actum
473 582 596 636 alias
634 582 883 649 debitnm;
909 581 1022 648 qnia
1048 586 1169 636 baec
1206 585 1492 650 plerumque
1528 598 1624 637 non
1662 590 1737 637 est
1776 598 1912 637 mens
1940 583 2168 637 voventis
2205 588 2254 636 et
2291 583 2590 638 confessarii.
2617 584 2733 639 Vid.

264 672 459 723 Suarez
498 676 531 722 t.
558 668 607 722 4.
635 667 686 721 in
727 668 775 721 3.
809 682 857 734 p.
882 670 1058 721 Sancb.
1093 670 1140 721 1.
1166 668 1308 722 Mor.
1334 684 1376 721 c.
1408 668 1488 721 14.

383 751 497 806 Dixi
535 750 898 822 plerumqun
922 752 1033 818 quia
1074 751 1279 806 subinde
1315 751 1598 806 confessarii
1635 752 1889 817 iniuugunt
1927 768 2052 819 opus
2091 750 2211 805 alias
2250 760 2575 820 praeceptum.

365 857 546 932 380.
597 860 1016 925 Verissimum
1064 863 1177 940 est,
1218 861 1383 943 quod
1420 861 1608 926 habet
1643 861 1741 940 A„
1782 861 2223 927 confessarium
2253 861 2508 926 subinde
2538 863 2736 926 iniun-

264 983 417 1047 gere
467 981 577 1047 pro
632 963 1058 1028 satisfactione
1105 983 1278 1048 opuS,
1319 964 1483 1046 quod
1531 963 1687 1029 alias
1735 964 2083 1029 iniunctum
2119 965 2215 1027 est
2245 964 2309 1027 et
2344 964 2460 1028 hoc
2505 964 2736 1048 duplici

266 1065 344 1130 de
393 1084 581 1129 causa
629 1063 763 1129 fieri
800 1066 1043 1148 potest:
1083 1067 1152 1129 1⁸
1174 1066 1420 1147 quando
1468 1066 1568 1131 vix
1616 1067 1778 1130 alius
1814 1065 2034 1130 modus
2082 1066 2377 1148 suppetit,
2427 1085 2549 1147 quo
2598 1085 2737 1149 poe-

264 1168 475 1232 nitens
510 1167 787 1249 aliquam
823 1167 1314 1233 satisfactionem
1337 1169 1653 1252 praebeat3
1688 1171 1838 1233 tunc
1871 1168 2165 1252 applicari
2196 1170 2403 1253 potest
2439 1170 2501 1232 et
2538 1167 2732 1233 Missa

264 1291 461 1354 quam
509 1272 606 1337 die
653 1271 817 1336 festo
867 1271 1043 1337 audit
1091 1274 1153 1336 et
1198 1273 1332 1356 ipsa
1389 1272 1696 1356 paschalis
1756 1273 2129 1337 communio.
2181 1273 2253 1335 2⁸
2304 1273 2435 1350 Est,
2486 1274 2730 1355 quando

265 1374 591 1457 poenitens
639 1372 946 1438 desiderat
991 1377 1054 1438 et
1085 1375 1491 1440 confessarius
1524 1377 1943 1459 opportunum
1974 1374 2163 1452 ducit,
2197 1376 2272 1439 ut
2308 1375 2422 1440 hoc
2460 1375 2730 1439 medium

264 1476 391 1560 ipsi
442 1480 735 1561 suppetat
781 1477 1200 1542 satisfaciendi
1230 1477 1501 1543 uberius.

357 1578 432 1642 Id
478 1579 686 1643 locum
723 1579 911 1643 habet
948 1578 1138 1643 etiam
1175 1580 1368 1645 relate
1424 1580 1502 1643 ad
1547 1584 1787 1658 votum,
1827 1582 2189 1665 praesertim
2221 1582 2465 1663 quando
2512 1583 2730 1645 votum

265 1684 366 1745 est
397 1681 472 1744 de
505 1701 568 1745 re
599 1681 964 1764 quotidiana
995 1683 1108 1745 aut
1133 1682 1395 1767 alligata
1425 1683 1612 1747 alicui
1649 1684 1790 1762 diei,
1826 1705 1883 1748 v,
1917 1704 2009 1769 gr.
2045 1685 2099 1748 si
2132 1685 2270 1766 quis
2302 1684 2561 1760 voverit,
2584 1703 2732 1766 quo-

264 1783 422 1848 tidie
479 1804 542 1848 se
582 1785 991 1849 recitaturum
1029 1785 1337 1850 rosarium
1392 1787 1504 1849 aut
1549 1785 1973 1850 ieiunaturum
2012 1786 2274 1871 singulis
2329 1786 2516 1851 sextis
2562 1785 2729 1850 feriis

263 1889 385 1951 aut
430 1888 727 1952 sabbatis.
761 1887 882 1952 Hic
928 1908 1123 1970 neque
1169 1887 1391 1972 duplex
1437 1890 1744 1955 rosarium
1793 1890 2079 1955 recitabit
2126 1891 2203 1954 ob
2248 1889 2591 1954 iniunctam
2636 1910 2732 1955 sa-

269 1990 695 2056 tisfactionem
741 2010 851 2055 nec
898 1991 1198 2055 ieiunium
1245 1993 1573 2056 transferet
1621 1992 1680 2056 in
1732 1993 1921 2056 aliam
1968 1992 2148 2069 diem,
2200 1992 2254 2056 si
2290 1991 2449 2057 forte
2487 2012 2556 2056 eo
2596 1994 2729 2057 sab-

262 2095 418 2158 bato
453 2093 854 2158 ieiunandum
892 2094 975 2159 sit
1000 2094 1077 2158 ob
1103 2094 1304 2177 legem
1327 2093 1652 2172 Ecclesiae,
1687 2115 1744 2158 v.
1764 2115 1858 2179 gr.
1900 2094 1977 2158 ob
2003 2094 2284 2179 vigiliam
2302 2113 2382 2158 ss.
2400 2095 2729 2177 Apostolo-

261 2217 408 2260 rum
434 2195 607 2260 Petri
639 2198 703 2260 et
737 2197 939 2260 Pauli.
982 2196 1170 2261 Ratio
1196 2198 1309 2273 est,
1334 2196 1482 2278 quia
1507 2197 1614 2278 qui
1636 2196 1939 2261 eiusmodi
1964 2196 2327 2279 obsequium
2364 2197 2494 2261 Deo
2520 2202 2724 2276 vovet,

261 2319 390 2364 non
440 2298 712 2362 excludit
759 2299 837 2362 ab
882 2298 1016 2382 ipso
1066 2317 1245 2381 opere
1292 2298 1482 2362 aliam
1517 2299 1944 2363 intentionem.
1995 2299 2093 2363 lta
2140 2299 2515 2363 confessione
2562 2300 2726 2363 facta

263 2422 338 2465 ex
379 2402 533 2465 voto
575 2400 886 2465 satisfacis
919 2400 1258 2466 conditioni
1290 2401 1687 2465 confessionis
1727 2400 1805 2464 ad
1849 2400 2176 2465 lucrandas
2214 2401 2650 2485 indulgentias.

367 2545 539 2599 Lxlll.
564 2544 613 2596 3.
643 2542 739 2611 Qui
777 2542 918 2598 alteri
959 2557 1021 2596 ex
1058 2542 1290 2610 pluribus
1326 2541 1706 2608 obligationibus
1744 2545 1891 2598 debet
1922 2550 2115 2597 centum
2149 2556 2196 2595 v.
2219 2557 2313 2609 gr„
2340 2557 2436 2597 non
2472 2542 2721 2607 satisfacit,

258 2631 302 2685 si
330 2633 487 2685 semel
514 2631 597 2683 dat
621 2636 833 2693 centum,
854 2628 967 2695 quia
993 2628 1040 2682 in
1069 2629 1250 2682 debitis
1268 2628 1482 2683 iustitiae
1511 2627 1780 2682 attenditur
1804 2627 2072 2694 aequalitas
2097 2627 2169 2681 rei
2199 2629 2259 2681 ad
2287 2643 2415 2682 rem:
2441 2643 2535 2682 non
2562 2635 2724 2694 potest

258 2723 427 2770 autem
457 2728 606 2768 unum
631 2722 825 2767 centum
851 2716 1051 2780 aequale
1078 2728 1186 2767 esse
1211 2712 1389 2767 debitis
1412 2712 1624 2780 plurium
1644 2721 1854 2767 centum.
1880 2715 2017 2766 Unde
2041 2711 2089 2766 in
2122 2711 2200 2766 bis
2227 2711 2318 2765 alia
2347 2721 2422 2767 est
2445 2713 2648 2766 intentio
2674 2720 2722 2767 et

253 2814 398 2854 mens
435 2797 715 2863 obligantis.
739 2799 913 2851 Sancb.
945 2798 1044 2851 Sal.
1070 2798 1102 2851 Ι.
1129 2812 1173 2851 c.

349 2909 478 2973 Res
516 2908 685 2972 clara
723 2909 836 2971 est.

364 3053 542 3104 LXlV.
573 3052 720 3116 Resp.
751 3052 798 3103 2.
828 3051 993 3104 Potest
1017 3049 1126 3115 quis
1162 3051 1332 3105 eodem
1370 3056 1591 3116 tempore
1628 3050 1842 3104 diversis
1865 3049 2056 3102 actibus
2082 3049 2265 3115 duplici
2293 3057 2554 3115 praecepto
2581 3051 2717 3104 satis-

257 3142 443 3201 facere,
465 3137 730 3189 dnmmodo
760 3149 905 3189 unum
931 3149 1027 3188 non
1044 3135 1276 3201 impediat
1298 3141 1521 3189 alterum.
1547 3138 1630 3187 Est
1648 3134 1935 3187 communis
1960 3137 2017 3186 Et
2038 3132 2162 3185 ratio
2188 3141 2280 3197 est,
2297 3133 2408 3198 qnia
2431 3136 2718 3199 plerumque

257 3229 541 3288 temporum
579 3219 841 3273 diversitas
876 3234 972 3273 non
1010 3219 1326 3286 praecipitur.
1352 3222 1492 3272 Suar.
1520 3222 1661 3272 Azor.
1694 3232 1741 3284 p.
1772 3220 1819 3270 1.
1846 3219 1879 3270 l.
1905 3217 1955 3268 7.
1983 3231 2024 3268 c.
2054 3219 2104 3268 5.
2132 3219 2308 3268 Sancti.
2338 3220 2368 3269 1.
2400 3219 2444 3289 1.
2473 3231 2517 3268 c.
2550 3217 2630 3268 14.

349 3330 469 3392 Est
500 3329 652 3394 satis
688 3329 857 3394 clara
882 3329 1031 3393 haec
1067 3328 1368 3400 doctrina,
1401 3325 1734 3390 dummodo
1775 3326 2051 3390 servetur
2089 3323 2262 3400 illud,
2296 3343 2371 3387 ne
2402 3343 2596 3386 unum
2629 3324 2721 3387 al-

248 3436 469 3498 terum
500 3431 815 3515 impediat.

1249 3564 1428 3633 Unde
1465 3563 1748 3629 resolve&

365 3707 522 3760 LXV.
552 3709 600 3759 1.
633 3706 798 3759 Potest
835 3705 946 3772 quis
970 3707 1143 3759 eodem
1171 3711 1390 3770 tempore
1414 3701 1584 3756 andire
1616 3701 1808 3756 Missam
1833 3701 1881 3755 in
1911 3705 2031 3755 testo
2056 3708 2363 3769 praeceptam
2390 3709 2439 3756 et
2477 3701 2617 3756 sinin!
2657 3706 2719 3757 le-

253 3805 375 3856 gere
413 3794 577 3845 Horas
614 3794 691 3845 vel
731 3789 851 3845 alias
887 3789 1137 3844 orationes
1171 3795 1290 3843 voto
1327 3786 1486 3841 aliave
1522 3786 1712 3841 ratione
1749 3785 1956 3840 debitas.
1981 3788 2101 3840 Bon.
2130 3802 2178 3854 p.
2208 3790 2290 3839 10.
2317 3802 2363 3840 n.
2391 3791 2438 3839 8.

351 3901 526 3966 Idem
566 3901 761 3965 dicito
796 3900 869 3964 de
901 3898 1202 3983 precibuS,
1236 3915 1395 3980 quae
1425 3895 1762 3960 recitentur
1809 3895 1887 3960 ad
1924 3894 2427 3960 sacramentalem
2478 3894 2720 3958 satisfa-

259 4004 535 4070 ctionem
575 4009 688 4070 aut
720 4003 775 4068 si
806 4003 1002 4069 Missa
1034 4023 1106 4068 ex
1151 4004 1298 4067 voto
1330 4001 1645 4066 debeatur.

368 4148 547 4201 val.
570 4151 621 4201 2.
646 4149 813 4201 Potest
836 4144 951 4200 item
976 4144 1062 4212 qui
1087 4151 1278 4199 tenetur
1302 4142 1470 4196 andire
1494 4145 1616 4196 duas
1642 4141 1829 4205 Missas
1853 4156 1936 4195 eas
1956 4140 2122 4194 audire
2143 4139 2289 4193 simul
2307 4137 2404 4192 imo
2425 4138 2568 4192 etiam
2595 4148 2714 4205 treS,

254 4239 310 4286 nt
332 4234 510 4286 docent
535 4231 702 4298 aliqui,
721 4235 838 4285 dum
858 4231 1002 4285 simul
1026 4230 1076 4284 in
1097 4229 1318 4296 pluribus
1339 4228 1574 4282 altaribus
1598 4229 1923 4280 celebrantur.
1943 4228 2117 4278 Sancb.
2147 4227 2188 4277 1.
2212 4225 2351 4279 Mor.
2373 4239 2415 4277 c.
2447 4225 2529 4278 14.
2551 4239 2597 4278 n.
2634 4227 2714 4277 12.

249 4315 412 4372 unior
447 4317 497 4371 in
537 4317 586 4370 t.
617 4316 733 4370 dist.
763 4319 844 4370 18.

348 4422 510 4497 381.
562 4426 754 4491 Ratio
804 4425 1201 4490 resolutionis
1262 4425 1374 4501 est,
1424 4422 1568 4503 quia
1617 4440 1737 4485 non
1786 4419 2120 4503 impeditur
2166 4419 2324 4502 quiS,
2387 4419 2717 4502 quominus

265 4548 466 4611 aeque
499 4528 742 4594 duobus
783 4530 895 4593 aut
932 4527 1134 4592 tribus
1172 4525 1474 4590 attendat.
1509 4524 1608 4588 Ita
1647 4521 1916 4586 Sanchez
1952 4518 2192 4586 Moral.
2225 4520 2267 4584 l.
2308 4541 2358 4585 c.

357 4630 545 4696 Secus
577 4633 809 4710 tamen,
845 4631 897 4695 si
929 4629 1284 4694 confessarii
1314 4647 1485 4692 mens
1517 4645 1587 4691 eo
1625 4626 1907 4704 ferretur,
1942 4628 2014 4689 ut
2051 4626 2295 4708 tempus
2332 4624 2597 4691 duarum
2622 4625 2717 4691 vel
