3529 5158
697 322 808 376 402
1215 332 1427 374 macr.
1468 333 1558 373 111.
1599 334 1684 374 nn
1718 331 2001 373 nameus.
2044 329 2244 371 capum
2281 330 2363 372 ιν.
2401 329 2546 371 nun.
2585 330 2666 370 ιν.
3027 312 3169 389 [411]

699 431 855 496 ciale
903 431 1299 513 praeceptum
1346 430 1690 513 positivum
1734 429 1948 513 posuit
1990 427 2420 512 perseverandi
2466 428 2530 490 in
2586 427 2760 489 statu
2808 427 3164 510 assumptam

702 533 808 598 sed
854 533 971 596 hoc
1017 531 1295 595 naturali
1340 532 1733 617 obligationi,
1790 549 1951 614 quae
1997 549 2070 594 ex
2116 529 2251 614 ipso
2298 530 2475 593 statu
2526 528 2831 610 sequitur,
2878 528 3165 611 reliquit:

702 635 866 701 sicut
901 653 1023 699 non
1063 635 1311 717 oportet
1341 634 1682 718 positivum
1729 634 2127 717 praeceptum
2157 632 2303 697 dare
2334 631 2408 696 de
2438 630 2756 696 servandis
2786 631 2973 707 votis,
3012 650 3167 714 quae

701 738 766 801 in
814 755 885 801 eo
931 737 1106 801 statu
1153 736 1333 815 fiunt,
1383 738 1532 819 quia
1579 739 1697 802 hoc
1727 735 2016 800 naturale
2062 734 2458 818 praeceptum
2489 735 2603 799 est.

792 836 998 902 Simili
1028 839 1211 904 modo
1244 857 1367 903 non
1400 839 1711 922 praecepit
1742 836 2030 902 Christus
2054 836 2305 920 speciali
2337 838 2663 921 praecepto
2689 837 2982 920 positivo,
3007 836 3169 900 hunc

705 942 946 1006 statum
984 943 1174 1006 semel
1211 942 1602 1025 assumptum
1635 959 1767 1006 esse
1799 941 2049 1005 omnino
2097 939 2552 1004 immutabilem
2584 959 2693 1004 nec
2726 940 2901 1004 vetat
2945 939 3170 1022 specia-

704 1050 850 1115 liter
896 1050 1418 1133 dispensationem
1464 1049 1629 1125 eius3
1671 1048 1777 1113 sed
1814 1049 1931 1112 hoc
1962 1066 2208 1130 quoque
2239 1048 2327 1111 rei
2364 1048 2559 1131 ipsius
2597 1048 2859 1111 naturae
2894 1046 3167 1128 reliquit,

706 1154 1015 1234 quatenus
1045 1171 1188 1214 cum
1219 1151 1329 1214 illa
1366 1151 1846 1235 repugnantiam
1875 1151 2105 1214 habeat
2137 1151 2231 1214 vel
2263 1168 2384 1215 non
2415 1150 2663 1225 habeat,
2704 1149 2836 1212 scil.
2861 1151 3166 1231 quatenus

707 1254 1011 1318 eiusmodi
1057 1254 1254 1317 statui
1300 1254 1603 1339 repugnet
1633 1253 2012 1336 dispensatio
2047 1253 2160 1316 aut
2195 1271 2316 1316 non
2355 1253 2677 1336 repugnet.

797 1357 975 1437 Quod
1023 1360 1234 1422 autem
1265 1358 1502 1422 dictum
1534 1359 1630 1422 est
1665 1357 1738 1422 de
1776 1357 2152 1440 professione
2183 1376 2291 1439 per
2320 1357 2445 1422 tria
2478 1358 2626 1421 vota
2655 1356 2970 1440 religiosa,
3006 1354 3170 1420 valet

705 1478 953 1541 quoque
984 1459 1057 1523 de
1079 1462 1229 1524 voto
1263 1459 1547 1542 simplici.
1582 1459 1746 1523 Nam
1771 1459 1988 1542 utique
2012 1459 2111 1523 ius
2134 1459 2415 1523 divinum
2439 1460 2552 1535 est,
2575 1458 2741 1540 quod
2771 1460 2836 1522 et
2867 1458 3171 1542 approbat

705 1564 771 1627 et
814 1562 1085 1627 consulit
1131 1565 1279 1626 vota
1327 1580 1571 1643 quoque
1618 1561 1957 1644 simplicia3
2001 1581 2146 1625 nam
2177 1561 2241 1625 et
2277 1559 2562 1625 Christus
2607 1559 2673 1623 in
2718 1559 3062 1645 Evangelio
3108 1561 3168 1623 et

705 1666 942 1729 Paulus
989 1665 1052 1728 in
1100 1665 1396 1749 Epistolis
1444 1665 1573 1729 suis
1631 1664 2058 1749 virginitatem
2105 1664 2359 1746 eiusque
2405 1663 2877 1746 promissionem
2930 1663 3062 1726 sive
3106 1660 3166 1724 in

703 1767 1003 1852 religione
1043 1768 1172 1832 sive
1210 1768 1382 1831 extra
1427 1766 1790 1851 religionem
1837 1767 2173 1831 consulunt
2216 1786 2412 1849 neque
2442 1766 2652 1829 tamen
2685 1764 2887 1828 ullum
2934 1782 3170 1847 praece-

705 1870 887 1954 ptum
934 1870 1195 1953 speciale
1241 1869 1582 1953 positivum
1629 1871 1725 1933 est
1771 1872 1883 1933 aut
1928 1870 2002 1933 de
2046 1868 2325 1934 vovendo
2375 1870 2488 1932 aut
2533 1867 2606 1932 de
2652 1866 3168 1930 immutabilitate

703 1972 770 2035 in
819 1992 884 2036 re
931 1972 1237 2055 promissa
1283 1972 1614 2039 servanda:
1664 1973 1771 2037 sed
1817 1972 1907 2037 rei
1952 1974 2213 2036 naturae
2260 1972 2394 2055 ipsa
2442 1970 2745 2055 obligatio
2793 1970 3013 2034 relicta
3052 1971 3168 2033 est.

707 2073 888 2139 Suar.
913 2074 956 2138 l.
997 2095 1048 2138 c.
1082 2095 1140 2139 n.
1179 2075 1281 2138 18.

797 2177 992 2241 Porro
1039 2197 1109 2242 ex
1156 2177 1252 2241 his
1287 2177 1570 2243 omnibus
1603 2179 1783 2261 plane
1830 2177 2154 2243 deducitur
2184 2197 2307 2259 quo
2340 2179 2478 2242 tum
2523 2175 2817 2261 religiosa
2848 2175 3165 2258 professio,

705 2279 846 2342 tum
892 2281 1040 2343 vota
1085 2279 1341 2361 quaevis
1388 2280 1694 2364 simplicia
1724 2299 1845 2345 non
1878 2279 2014 2344 ideo
2060 2279 2563 2363 indispensabilia
2594 2280 2760 2353 sunt,
2801 2276 2970 2359 quod
3001 2275 3169 2359 quid-

708 2381 876 2464 piam
906 2382 1177 2446 habeant
1207 2382 1280 2446 de
1317 2383 1451 2447 iure
1488 2383 1697 2447 divino
1735 2382 2039 2465 positiv03
2082 2382 2187 2447 sed
2218 2383 2272 2447 si
2301 2382 2449 2464 quid
2482 2380 2930 2464 dispensationi
2970 2379 3169 2444 obsta-

704 2485 819 2561 ret,
869 2484 933 2548 id
964 2485 1316 2567 proveniret
1346 2485 1611 2549 aliunde.
1647 2486 1832 2570 Ergo,
1868 2485 2034 2567 quod
2067 2485 2144 2549 ad
2176 2484 2401 2549 thesim
2438 2484 2824 2568 praesentem
2855 2482 3029 2560 facit,
3064 2480 3165 2545 nbi

706 2588 973 2652 solvitur
1021 2588 1322 2671 obligatio
1371 2589 1504 2653 voti
1535 2591 1647 2652 aut
1678 2589 1974 2671 simplicis
2024 2590 2136 2652 aut
2180 2588 2476 2672 religiosi,
2516 2587 2689 2650 nulla
2727 2585 3055 2650 intercedit
3085 2584 3167 2648 di-

705 2689 1018 2770 spensatio
1064 2711 1106 2752 a
1152 2688 1283 2771 leye
1328 2689 1546 2752 divina
1581 2692 1875 2770 positiva.

798 2786 936 2858 411.
977 2790 1285 2856 Professio
1318 2811 1464 2876 ergo
1495 2791 1788 2876 religiosa
1821 2813 1927 2876 per
1963 2794 2086 2857 tria
2119 2794 2288 2869 vota,
2322 2794 2460 2856 tum
2499 2792 2821 2856 vinculum
2861 2790 2995 2855 voti
3027 2790 3166 2853 sim-

707 2892 885 2975 plicis
930 2896 1186 2958 eatenus
1223 2894 1503 2959 dicentur
1533 2896 1696 2958 ino-223
1733 2894 1954 2968 divini,
2003 2897 2310 2977 quatenus
2348 2895 2627 2959 divinum
2675 2894 2905 2958 dicitnr
2936 2893 3035 2956 ius
3065 2910 3166 2955 na-

705 2994 943 3072 turale3
994 2996 1221 3061 etenim
1268 2997 1346 3061 ad
1395 2998 1841 3082 obligationem
1889 2998 2040 3062 iuris
2086 2997 2393 3062 naturalis
2440 2996 2747 3079 pertinet,'
2767 2997 2843 3059 ut
2890 2997 3165 3059 servetur

704 3097 854 3162 fides
900 3098 966 3162 in
1012 3101 1356 3176 contractu,
1406 3119 1528 3181 quo
1577 3102 1716 3181 quis
1764 3120 1828 3165 se
1874 3100 2161 3184 religioni
2206 3120 2315 3182 per
2360 3100 2800 3182 professionem
2858 3096 3053 3160 tradit
3096 3113 3165 3158 ac

703 3200 924 3285 religio
950 3202 1349 3267 traditionem
1375 3204 1687 3286 acceptat:
1722 3204 1996 3284 itemque
2022 3202 2099 3266 ad
2122 3204 2220 3266 ius
2244 3202 2530 3267 naturale
2554 3203 2843 3285 pertinet,
2875 3201 2952 3264 ut
2980 3200 3161 3262 homo

702 3303 967 3386 impleat
1001 3305 1218 3368 votum
1256 3305 1415 3369 idest
1447 3306 1917 3388 promissionem
1948 3306 2080 3370 Deo
2117 3305 2348 3370 factam
2380 3307 2445 3370 et
2481 3324 2517 3369 a
2551 3305 2681 3369 Deo
2715 3304 3120 3386 acceptatam.

795 3406 937 3469 Alio
972 3425 1218 3488 quoque
1249 3407 1435 3472 modo
1465 3407 1824 3472 huiusmodi
1850 3408 2261 3491 obligationes
2294 3407 2371 3471 ad
2401 3407 2500 3472 ius
2524 3406 2806 3471 divinum
2837 3403 3162 3488 pertinent,

702 3506 1020 3586 quatenus
1053 3508 1201 3570 vota
1240 3507 1454 3572 dicunt
1499 3510 1968 3592 promissionem
2016 3511 2146 3575 Deo
2192 3510 2423 3574 factam
2472 3511 2659 3591 atque
2706 3508 2857 3573 adeo
2888 3509 2989 3572 ius
3036 3505 3163 3569 Deo

701 3606 824 3688 ipsi
872 3607 1222 3688 acquiritur
1269 3610 1346 3673 ad
1392 3631 1520 3675 rem
1567 3613 1973 3694 promissam:
2012 3613 2262 3695 insuper
2299 3612 2397 3676 ius
2430 3611 2807 3693 acquisitum
2854 3606 3162 3692 Religioni

702 3727 814 3791 per
846 3709 1307 3791 professionem,
1344 3715 1418 3777 ut
1448 3715 1629 3778 notat
1665 3712 1891 3778 Suarez
1926 3715 1967 3778 l.
2001 3734 2073 3790 c.‚
2114 3716 2320 3779 totum
2352 3717 2449 3779 est
2478 3715 2541 3778 in
2575 3713 2784 3779 ordine
2819 3712 2895 3776 ad
2933 3712 3162 3784 Deum;

700 3831 851 3898 ergo
899 3816 965 3879 et
1010 3815 1073 3879 in
1110 3817 1226 3880 hac
1257 3818 1554 3881 habemus
1585 3817 1684 3880 ius
1723 3819 1854 3882 Deo
1895 3817 2287 3899 acquisitum.

795 3915 1254 3982 Ostendendum
1285 3938 1432 4002 ergo
1479 3920 1779 4000 superest,
1820 3920 2129 4000 quomodo
2161 3920 2385 3985 resolvi
2417 3922 2647 4002 quaeat
2694 3918 2997 4004 obligatio
3031 3917 3165 3980 tum

702 4038 814 4102 per
846 4022 1284 4104 professionem
1327 4023 1463 4086 tum
1504 4041 1610 4105 per
1641 4023 1890 4104 aliquod
1931 4025 2147 4088 votum
2186 4023 2446 4107 simplex
2477 4023 2748 4087 inducta.

793 4120 955 4192 412.
1006 4124 1182 4204 Quod
1230 4126 1443 4206 itaque
1492 4125 1720 4189 attinet
1776 4126 1851 4189 ad
1909 4126 2353 4210 obligationem
2400 4127 2551 4190 iuris
2598 4126 2791 4190 divini
2839 4123 3169 4198 naturalia,

702 4229 956 4290 monent
981 4228 1116 4292 DD.
1154 4227 1361 4309 (Suar.
1397 4226 1470 4290 de
1503 4228 1655 4308 Ley.
1689 4228 1798 4292 lib.
1834 4231 1893 4291 2.
1929 4248 2061 4312 cap.
2101 4231 2200 4292 14.
2234 4249 2292 4293 n.
2323 4231 2414 4313 6.)
2448 4229 2682 4310 aliquid
2720 4228 2955 4311 duplici
2982 4224 3170 4289 modo

700 4327 824 4391 dici
857 4328 931 4392 de
962 4330 1094 4393 iure
1133 4330 1443 4394 naturali:
1485 4330 1721 4412 primus
1771 4331 1834 4394 et
1878 4332 2143 4395 maxime
2190 4333 2474 4414 proprius
2521 4332 2742 4397 modus
2773 4332 2888 4407 est,
2922 4325 3174 4412 quando

698 4430 798 4494 lex
848 4431 1059 4512 aliqua
1091 4432 1401 4495 naturalis
1434 4432 1754 4514 quidpiam
1788 4434 2104 4517 praecipit,
2140 4435 2270 4498 scil.
2311 4435 2472 4499 ratio
2504 4433 2811 4498 naturalis
2843 4433 2909 4496 in
2940 4449 3004 4495 se
3039 4448 3179 4511 spe—

700 4536 878 4597 ctata
929 4534 1146 4610 dictat,
1199 4534 1432 4616 aliquid
1481 4555 1610 4600 esse
1657 4537 2069 4601 necessarium
2118 4537 2193 4601 ad
2241 4557 2487 4603 morum
2534 4538 2944 4604 honestatem.
2993 4532 3183 4598 Alius
