3529 5158
792 363 899 416 342
1326 374 1537 416 macr.
1577 375 1666 414 111.
1707 376 1793 414 nn
1828 374 2108 416 Lamnus
2147 374 2344 417 carm
2382 376 2447 415 11.
2488 375 2632 416 nrm.
2670 376 2711 415 1.
3112 362 3252 438 [331]

791 475 1038 558 cogitur
1062 494 1096 537 a
1123 493 1185 537 se
1219 474 1380 556 ipso:
1406 474 1502 536 lex
1536 477 1746 535 autem
1782 491 1901 536 non
1934 472 2120 535 habet
2154 472 2280 535 vim
2312 473 2678 550 coactivam,
2704 472 2826 537 nisi
2856 492 2929 537 ex
2962 473 3250 557 principis

791 579 1100 660 potestate
1135 603 1192 639 ».
1229 577 1392 660 Ergo
1431 595 1540 639 nec
1572 574 1855 638 Pontifex
1890 594 1997 638 nec
2042 574 2381 657 Episcopus
2413 576 2741 639 incurrunt
2789 594 3077 640 censuras
3116 596 3151 640 a
3190 596 3252 642 se

791 680 954 743 latas
987 682 1202 743 contra
1235 681 1720 762 transgressores
1751 680 1870 740 etc.

879 781 1175 861 Quaestio
1208 781 1404 865 igitur
1450 780 1652 843 solum
1686 781 1781 842 est
1811 778 1885 842 de
1933 779 1994 841 vi
2040 778 2357 857 directiva,
2396 799 2549 844 num
2594 780 2726 845 6611.
2760 780 3039 865 princeps
3070 780 3253 866 legis·

790 886 957 949 lator
986 903 1106 947 non
1147 875 1370 958 niinus,
1405 902 1592 964 quam
1633 882 1885 956 subditi,
1919 882 2055 966 lege
2101 883 2362 946 naturae
2394 885 2457 946 et
2487 883 2603 946 sub
2641 885 2891 965 peccato
2940 884 3250 968 obligetur

793 988 869 1051 ad
901 985 1263 1050 servandam
1310 985 1530 1069 legem.
1571 1003 1729 1065 quae
1760 984 1882 1047 toti
1915 984 2353 1049 communitati
2400 983 2693 1067 imposita
2725 988 2839 1062 est,
2875 1006 3026 1050 num
3059 1006 3115 1049 v.
3155 1007 3245 1070 gr.

789 1090 1065 1172 graviter
1095 1090 1374 1170 peccaret
1403 1087 1574 1168 Papa
1607 1105 1728 1150 non
1776 1087 2071 1150 sumendo
2119 1086 2579 1152 Eucharistiam
2624 1087 2903 1170 paschali
2950 1090 3243 1170 tempore,

791 1193 904 1254 aut
948 1210 1070 1255 non
1115 1188 1443 1253 ieiunando
1491 1209 1598 1271 per
1634 1188 2195 1273 quadragesimam,
2236 1190 2348 1252 aut
2392 1188 2732 1271 Episcopus
2776 1208 2900 1254 non
2949 1189 3245 1253 audiendo

791 1293 1050 1357 Missam
1087 1292 1183 1355 die
1220 1293 1377 1356 festo
1409 1293 1693 1374 propriae
1726 1291 2051 1355 dioecesis:
2086 1291 2365 1376 intellige
2404 1294 2635 1368 autem,
2675 1292 2944 1374 praecise
2984 1293 3061 1356 ob
3091 1292 3243 1376 legis

791 1394 1342 1479 transgressionem
1373 1394 1502 1456 sine
1533 1394 1702 1457 iusta
1734 1413 1921 1457 causa
1954 1396 2017 1457 et
2048 1393 2325 1458 seiuncto
2358 1393 2647 1458 scandalo
2682 1396 2803 1458 etc.

877 1494 1036 1569 331.
1071 1497 1312 1580 Duplex
1343 1515 1525 1580 porro
1563 1497 1869 1560 sententia
1916 1496 2056 1560 fuit.
2097 1496 2308 1559 Prima
2352 1498 2543 1580 negat
2580 1496 2916 1579 principem
2956 1497 3152 1561 teneri
3184 1501 3244 1560 et

789 1602 852 1666 in
884 1602 1040 1665 hanc
1072 1619 1202 1665 rem
1234 1599 1498 1664 afferunt
1545 1599 1883 1662 sententias
1920 1599 2075 1663 iuris
2107 1619 2166 1661 v.
2204 1619 2300 1683 gr.
2337 1598 2382 1661 1.
2414 1599 2521 1662 31.
2556 1599 2698 1682 Dig.
2734 1597 2809 1661 dc
2854 1598 3133 1681 Leyibus
3175 1620 3241 1663 ex

787 1703 1083 1786 Ulpiano:
1127 1728 1160 1759 «
1193 1702 1481 1784 Princeps
1526 1702 1769 1785 legibus
1816 1701 2061 1765 solutus
2099 1703 2221 1774 est:
2258 1700 2549 1785 Augusta
2580 1703 2792 1765 autem
2826 1701 2973 1766 licet
3003 1702 3242 1784 legibus

788 1807 994 1870 soluta
1043 1824 1162 1868 non
1213 1807 1326 1872 est,
1366 1804 1668 1886 principes
1715 1806 1925 1866 tamen
1973 1803 2184 1867 eadem
2230 1803 2325 1866 1111
2371 1803 2695 1887 privilegia
2741 1804 3048 1880 tribuunt,
3089 1824 3240 1886 quae

791 1908 906 1992 ipsi
953 1907 1180 1970 habent
1231 1932 1288 1968 ».
1339 1905 1437 1969 Ita
1486 1906 1545 1968 et
1592 1904 1633 1967 1.
1677 1905 1736 1967 3.
1779 1903 1846 1968 C.
1896 1904 1969 1967 de
2019 1904 2433 1969 Testamentis
2477 1906 2818 1990 imperator
2861 1906 3238 1970 Alexander:

797 2036 830 2066 «
863 2010 1036 2072 Licet
1065 2008 1307 2092 legibus
1342 2007 1532 2072 soluti
1580 2008 1793 2083 61111116,
1828 2007 2069 2092 legibus
2117 2009 2325 2072 tamen
2358 2008 2625 2072 vivimus
2657 2034 2718 2072 ».
2753 2008 2897 2072 Alia
2928 2009 3052 2072 vid.
3087 2009 3241 2093 apud

793 2112 1005 2196 Laym.
1040 2112 1145 2176 lib.
1186 2113 1242 2175 1.
1278 2114 1459 2175 tract.
1496 2113 1556 2174 4.
1591 2131 1721 2194 cap.
1760 2113 1820 2174 9.
1856 2132 1913 2174 11.
1952 2113 2012 2174 2.
2046 2112 2234 2176 Ratio
2267 2115 2379 2189 est,
2414 2113 2561 2195 quia
2597 2112 2693 2176 lex
2725 2114 2820 2177 est
2850 2119 3238 2196 praeceptum

789 2214 1120 2297 superioris
1154 2214 1226 2276 ad
1266 2213 1615 2276 inferiorem
1650 2232 1757 2277 seu
1793 2213 2111 2277 subditum
2159 2215 2221 2277 et
2260 2216 2531 2277 ceterum
2568 2234 2745 2279 nemo
2784 2216 2992 2297 potest
3028 2221 3242 2280 semet-

788 2318 991 2400 ipsum
1017 2316 1324 2400 obligare:
1366 2315 1512 2397 quia
1559 2334 1737 2380 nemo
1789 2315 1908 2379 sibi
1945 2317 2038 2379 est
2074 2315 2325 2380 inferior
2372 2334 2480 2379 seu
2527 2315 2831 2380 subditus.
2867 2315 3045 2381 Unde
3091 2317 3239 2382 illud

786 2438 835 2481 s.
868 2418 1142 2481 Thomae
1179 2421 1235 2480 1.
1274 2420 1331 2480 2.
1368 2438 1425 2499 q.
1463 2419 1566 2480 93.
1605 2421 1685 2480 5.:
1729 2443 1762 2473 «
1796 2417 1920 2481 Lex
1952 2421 2046 2482 est
2077 2417 2376 2482 directiva
2416 2420 2690 2495 actuum,
2726 2419 2834 2500 qui
2870 2420 3239 2484 conveniunt

785 2521 1075 2586 subiectis
1114 2520 1549 2605 gubernationi
1589 2520 1851 2584 alicuius
1889 2545 1948 2583 ».

875 2622 1234 2687 Communis
1299 2625 1503 2687 tamen
1562 2624 1888 2695 sententia,
1938 2624 2125 2706 prout
2170 2641 2559 2688 communem
2604 2624 2876 2688 testatur
2930 2627 2994 2688 et
3047 2643 3097 2689 S.
3145 2625 3239 2688 Al-

787 2727 1057 2808 phonsus
1092 2746 1148 2788 n.
1189 2726 1333 2789 154.
1369 2745 1558 2807 quam
1606 2726 1851 2789 exhibet
1897 2728 1960 2788 et
2007 2726 2259 2801 Auctor,
2310 2725 2585 2789 affirmat
2629 2726 2965 2809 principem
3014 2727 3231 2793 teneri:

786 2828 928 2892 licet
975 2828 1294 2913 Laymann
1326 2830 1368 2892 1.
1404 2848 1453 2892 6.
1489 2848 1548 2892 n.
1601 2829 1683 2905 3.,
1734 2827 1883 2892 (111111
1930 2846 2319 2892 communem
2365 2827 2517 2891 dicit
2561 2831 2626 2892 et
2670 2847 2793 2893 non
2839 2828 3020 2893 facile
3068 2830 3231 2893 relin-

785 2930 1108 3012 quendam,
1159 2931 1450 3005 fateatur,
1502 2929 1892 3016 argumenta,
1941 2929 2165 3011 quibus
2225 2930 2473 3014 probari
2533 2930 2710 3009 solet,
2760 2949 2880 2995 non
2936 2931 3127 2995 videri
3171 2928 3223 2992 id

783 3051 1076 3098 evincere.

869 3136 950 3199 Et
974 3136 1220 3218 quidem
1247 3136 1515 3212 fuerunt,
1537 3135 1643 3218 qui
1667 3136 2092 3220 legislatorem
2118 3154 2308 3216 aeque
2331 3135 2510 3218 gravi
2533 3134 2913 3219 obligatione
2940 3130 3223 3215 adstringi

779 3238 1082 3314 dixerunt,
1118 3258 1187 3303 66
1219 3239 1535 3303 subditos:
1578 3258 1731 3321 quos
1772 3239 2073 3303 Auctores
2111 3237 2386 3302 referunt
2423 3236 2937 3301 Salmanticenses
2975 3237 3049 3300 de
3081 3235 3219 3315 Ley.

779 3359 911 3422 cap.
954 3342 1012 3402 3.
1049 3361 1106 3403 n.
1144 3342 1404 3415 38.-39.,
1447 3360 1829 3422 quamquam
1860 3340 2169 3404 immerito
2198 3340 2323 3404 illis
2354 3341 2674 3404 accensent
2704 3339 3045 3424 Laymann.

867 3436 1048 3509 332.
1100 3439 1501 3504 Communior
1548 3444 1854 3506 sententia
1901 3445 2013 3520 est,
2063 3462 2250 3525 quam
2306 3444 2475 3507 tenet
2528 3443 2765 3506 Auctor
2817 3459 3121 3524 quamque
3166 3437 3225 3499 et

776 3561 824 3604 6.
859 3541 1042 3623 Alph.
1094 3543 1333 3624 probat,
1383 3543 1805 3627 legislatorem
1855 3545 1932 3608 ad
1978 3546 2135 3608 hanc
2183 3545 2675 3610 observationem
2721 3544 2919 3608 teneri
2966 3562 3035 3607 ex
3067 3555 3219 3604 mera

774 3643 1070 3724 decentia,
1119 3644 1442 3709 honestate
1491 3648 1550 3709 et
1600 3648 1914 3729 aequitate
1963 3650 2149 3729 atque
2196 3648 2366 3724 adeo,
2417 3648 2689 3731 praeciso
2747 3646 3063 3722 scandalo,
3113 3659 3221 3706 non

779 3746 917 3828 plus
963 3764 1152 3827 quam
1197 3747 1417 3812 leviter
1461 3768 1727 3832 peccare,
1779 3750 1927 3813 dum
1974 3768 2095 3813 non
2136 3750 2423 3814 observat
2459 3751 2679 3834 legem.

865 3848 1160 3933 Allegant
1191 3852 1406 3914 contra
1430 3851 1580 3915 11666
1605 3872 1652 3915 6.
1680 3852 2020 3921 Τ1101116111;
2049 3853 2156 3933 qui
2187 3853 2397 3916 tamen
2427 3855 2482 3915 1.
2513 3854 2571 3915 2.
2600 3871 2658 3934 q.
2695 3852 2799 3915 96.
2836 3852 2954 3914 art.
2984 3854 3041 3913 5.
3070 3847 3137 3912 ad
3154 3847 3220 3908 3.

776 3952 1219 4036 obligationem
1267 3953 1422 4018 hanc
1469 3954 1692 4038 probat
1738 3955 1942 4018 solum
1989 3954 2114 4017 illis
2163 3954 2663 4032 auctoritatibus,
2713 3972 2869 4035 quas
2903 3954 3039 4017 DD.
3070 3967 3225 4015 com·

779 4055 1046 4120 muniter
1070 4056 1376 4139 explicant
1405 4056 1478 4121 de
1502 4077 1670 4121 mera
1695 4056 2038 4121 honestate.
2066 4056 2257 4120 Addit
2280 4058 2594 4139 praeterea
2627 4076 2675 4120 s.
2704 4056 3013 4120 Thomas:
3053 4080 3085 4111 «ε
3110 4050 3223 4115 Est

778 4159 964 4220 etiam
1011 4157 1322 4239 Princeps
1366 4180 1560 4239 snpra
1609 4159 1821 4240 lenem,
1870 4160 2261 4241 inquantum,
2311 4159 2362 4222 si
2410 4158 2727 4242 expediens
2774 4158 2982 4223 fuerit.
3032 4156 3222 4240 potest

777 4260 974 4341 legem
1025 4262 1265 4324 mutare
1313 4264 1374 4325 et
1419 4262 1484 4324 in
1531 4281 1601 4324 ea
1648 4262 2000 4345 dispensare
2046 4280 2155 4345 pro
2203 4262 2339 4325 1060
2388 4262 2451 4326 61
2494 4263 2771 4343 tempore
2803 4285 2864 4325 ».

865 4362 1073 4437 Ratio,
1123 4383 1279 4443 quae
1318 4365 1727 4428 comnmniter
1767 4366 2038 4441 affertur,
2080 4383 2149 4427 ea
2189 4366 2301 4439 est,
2337 4383 2521 4446 quam
2557 4364 2735 4428 affert
2766 4362 2956 4445 Vasq.
2991 4363 3051 4426 in
3084 4363 3135 4424 1.
3161 4359 3215 4420 2.

776 4461 930 4546 disp.
970 4464 1114 4528 167.
1159 4484 1289 4547 cap.
1327 4468 1386 4528 3.
1423 4487 1480 4528 n.
1521 4468 1658 4533 19.:
1707 4492 1740 4524 «
1774 4467 1936 4530 sieut
1980 4467 2078 4531 ius
2127 4468 2385 4531 naturae
2431 4466 2747 4549 praecipit,
2797 4468 2872 4530 ut
2917 4465 3218 4530 inferiores

772 4565 1157 4649 superiorum
1213 4567 1587 4631 mandatis...
1647 4570 2037 4643 obediant...;
2085 4569 2212 4633 illis
2272 4569 2436 4634 enim
2489 4587 2610 4633 non
2660 4568 2904 4633 obedire
2952 4567 3105 4633 esset
3157 4563 3213 4625 in
