3529 5158
738 343 847 398 548
1113 358 1324 399 mac-r.
1363 359 1443 399 ιν.
1482 358 1568 397 nn
1604 355 1910 399 mccxx-rs.
1949 353 2146 397 CAPUT
2182 355 2222 394 1.
2261 353 2404 397 nun.
2441 352 2533 393 111.
2571 352 2709 393 ΛΒΤ.
2749 353 2789 393 1.
3046 336 3191 412 [611]

733 453 1136 519 confessarios
1172 454 1457 537 pertinet,
1499 456 1572 518 ut
1601 453 1829 530 norint,
1864 471 2170 534 quaenam
2216 453 2467 534 peccata
2511 450 2676 513 citra
2712 450 3200 514 controversiam

733 555 1124 638 exprimenda
1168 556 1233 619 in
1269 556 1646 621 confessione
1691 555 1819 620 sint
1849 579 1911 617 ».
1945 554 2027 618 Et
2071 554 2239 632 dicit,
2280 554 2444 616 citra
2488 553 2974 617 controversiam
2991 571 3015 628 ,·
3052 552 3197 634 quia

733 657 939 739 quoad
983 658 1502 735 circumstantiae,
1537 677 1696 740 quae
1735 657 1968 740 peccati
2000 657 2263 739 speciem
2296 675 2420 720 non
2448 657 2721 733 mutant,
2756 674 2880 719 non
2925 655 3191 730 constat,

733 778 865 825 esse
903 759 1348 844 obligationem
1379 759 1729 825 confitendi.

822 862 1058 927 Verum
1080 882 1270 944 quam
1299 864 1567 928 maxime
1598 866 1693 928 est
1723 862 2075 940 dolendum,
2101 862 2267 944 quod
2298 881 2441 926 cum
2470 861 2735 926 materia
2766 861 2852 925 sit
2882 861 3048 926 tanti
3070 879 3197 925 mo-

732 966 924 1030 menti
972 969 1036 1031 et
1066 968 1198 1031 tam
1229 967 1393 1032 scitu
1429 966 1772 1031 necessaria
1803 968 1868 1031 et
1899 967 1960 1030 in
1992 966 2274 1047 qualibet
2299 965 2680 1031 confessione
2709 964 2837 1029 imo
2871 967 2936 1029 et
2966 963 3196 1029 confos-

733 1069 922 1134 sionis
949 1071 1125 1153 parte
1150 1069 1234 1151 (si
1263 1089 1358 1133 res
1392 1071 1476 1134 sit
1506 1069 1580 1132 de
1610 1069 1879 1152 peccatis
1902 1068 2303 1150 mortalibus)
2318 1067 2382 1131 in
2415 1067 2655 1150 praxim
2686 1067 2953 1142 venienS‚
2981 1069 3192 1131 tamen

731 1170 1030 1235 Doctores
1069 1172 1231 1235 inter
1267 1189 1331 1235 se
1378 1190 1499 1235 non
1545 1170 1913 1235 conveniant
1959 1171 2022 1234 in
2070 1169 2442 1254 assignanda
2487 1170 2782 1254 quapiam
2828 1170 3045 1252 regula
3092 1189 3195 1254 ge-

733 1272 944 1350 nerali,
993 1291 1064 1336 ex
1111 1292 1235 1355 qua
1279 1273 1519 1337 decerni
1571 1273 1750 1337 facile
1797 1272 2013 1355 possit,
2063 1272 2456 1354 quandonam
2503 1272 2810 1336 habeatur
2865 1272 3193 1338 diversitas

730 1392 841 1437 seu
870 1373 1185 1439 distinctio
1222 1375 1345 1439 ista
1382 1375 1777 1458 peccatorum
1809 1375 2124 1457 specifica3
2160 1375 2286 1439 imo
2319 1372 2502 1440 Oroix
2539 1374 2647 1439 lib.
2690 1375 2750 1438 5.
2787 1393 2847 1438 n.
2890 1375 3036 1437 121.
3069 1375 3187 1441 dis·

730 1478 891 1541 serte
938 1478 1248 1543 enunciet:
1282 1504 1318 1537 ‹
1348 1478 1596 1542 difficile
1627 1480 1724 1543 est
1754 1497 1864 1561 pro
1903 1479 2019 1542 hoc
2048 1478 2321 1542 invenire
2352 1498 2544 1543 unam
2578 1478 2884 1562 regulam,
2920 1498 3080 1561 quae
3110 1480 3194 1545 sit

731 1579 1097 1661 adaequata,
1154 1580 1334 1656 idest,
1383 1599 1541 1661 quae
1587 1580 1914 1645 conveniat
1960 1581 2126 1645 omni
2173 1583 2237 1646 et
2282 1581 2400 1645 soli
2446 1580 2831 1646 distinctioni
2878 1582 3193 1664 specificae

730 1680 974 1766 (nempe
1021 1702 1178 1764 quae
1224 1682 1533 1749 deserviat
1579 1683 1657 1747 ad
1702 1683 2145 1767 dignoscendas
2193 1701 2402 1747 omnes
2448 1682 2824 1748 differentias
2878 1684 3192 1767 specificas

730 1784 793 1847 et
824 1785 1013 1849 simul
1043 1804 1163 1850 non
1195 1785 1561 1850 extendatur
1606 1785 1685 1849 ad
1731 1785 2105 1850 differentias
2143 1785 2595 1868 accidentales),
2630 1786 2722 1850 ita
2767 1789 2844 1851 ut
2880 1788 3193 1870 possimus

729 1885 958 1951 dicere:
1010 1888 1380 1969 ubicumque
1425 1887 1577 1951 haec
1620 1887 1841 1971 regula
1887 1888 2216 1966 invenitur,
2264 1888 2352 1952 ibi
2398 1889 2493 1951 est
2545 1887 2862 1952 distinctio
2912 1891 3194 1972 specifica

729 1990 1121 2070 peccatorum
1159 1992 1223 2054 et
1253 1990 1624 2071 ubicumque
1657 1991 1753 2054 est
1784 1989 2099 2054 distinctio
2147 1989 2428 2073 specifica
2472 1992 2887 2073 peccatorum,
2923 1991 3013 2056 ibi
3044 1993 3194 2058 haec

727 2091 943 2174 regula
973 2091 1311 2155 invenitur:
1352 2092 1494 2156 hinc
1529 2092 1662 2157 AA.
1704 2091 1767 2154 in
1801 2093 2006 2156 varias
2041 2093 2176 2157 vias
2208 2093 2494 2158 abierunt
2527 2117 2589 2157 ».

817 2188 949 2261 611.
968 2193 1133 2257 Illud
1156 2195 1366 2258 tamen
1396 2195 1585 2259 solari
1615 2214 1727 2260 nos
1760 2195 1959 2273 debet,
1987 2195 2151 2277 quod
2182 2195 2520 2261 difficultas
2550 2214 2673 2260 non
2706 2198 2842 2261 tam
2870 2197 2935 2261 in
2975 2197 3193 2263 distin-

724 2294 983 2378 guendis
1013 2296 1215 2377 reipsa
1247 2298 1641 2379 peccatorum
1663 2298 1979 2380 speciebus
2003 2297 2288 2375 resideat,
2316 2317 2506 2381 quam
2538 2298 2600 2361 in
2635 2299 3003 2383 assignanda
3037 2320 3192 2382 qua-

726 2397 893 2480 piam
939 2397 1176 2482 regula‚
1216 2417 1375 2480 quae
1421 2399 1872 2482 complectatur
1911 2417 2091 2464 casus
2139 2418 2368 2477 91111199,
2408 2401 2472 2465 111
2509 2401 2735 2483 quibus
2783 2402 3062 2485 alioquin
3106 2404 3197 2469 di-

723 2498 1118 2564 stinctionem
1173 2500 1330 2564 hanc
1390 2501 1735 2585 specificam
1783 2502 1996 2566 haberi
2056 2521 2238 2586 penes
2301 2504 2602 2569 Doctores
2666 2508 2935 2571 constat.
2986 2505 3190 2587 Quam

724 2601 972 2682 quidem
1018 2602 1451 2667 difficultatem
1501 2602 1685 2669 Croix
1738 2606 1948 2687 potius
1997 2624 2185 2687 quam
2229 2606 2554 2684 minueret,
2605 2608 2849 2673 auxisse
2897 2609 3190 2676 dicendus

725 2705 838 2781 est,
866 2704 1110 2786 quando
1133 2706 1415 2789 regulam
1442 2708 1599 2770 hanc
1630 2707 1721 2771 ita
1745 2708 2095 2791 generalem
2120 2728 2249 2772 esse
2282 2710 2580 2792 postulat,
2604 2712 2677 2775 ut
2707 2713 3191 2793 comprehendat

724 2822 846 2868 non
877 2806 1059 2869 modo
1093 2807 1517 2872 distinctiones
1551 2811 1944 2892 peccatorum
1976 2810 2312 2876 secundum
2345 2812 2608 2895 speciem
2637 2810 2905 2877 ethicam
2928 2834 3042 2881 seu
3075 2836 3192 2880 mo·

725 2904 942 2981 ralem,
976 2927 1134 2989 quae
1165 2910 1399 2992 petitur
1430 2929 1501 2973 ex
1532 2909 1773 2975 diversa
1806 2914 1879 2976 ut
1914 2913 2006 2976 ita
2038 2912 2240 2977 dicam
2270 2915 2537 2977 mter-ia
2567 2915 2822 2997 peccati,
2857 2917 2966 2981 sed
3000 2920 3188 2983 etiam

724 3008 1181 3075 distinctionem
1227 3013 1563 3077 secundum
1608 3015 1873 3097 speciem
1923 3015 2337 3097 theoloyfflm,
2379 3035 2537 3098 quae
2584 3017 2821 3100 petitur
2867 3038 2941 3084 ex
2989 3023 3191 3105 gravi·

724 3114 856 3178 tate
889 3116 985 3179 vel
1022 3116 1279 3181 levitate
1310 3119 1520 3181 reatus
1550 3118 1716 3182 intra
1749 3119 2028 3183 eamdem
2066 3120 2328 3201 speciem
2360 3120 2646 3184 ethicam.

812 3216 1111 3297 Quocirca
1158 3220 1439 3302 quaestio
1487 3222 1602 3284 hoc
1647 3221 1783 3285 loco
1831 3223 1917 3285 sic
1965 3222 2207 3306 agitata
2255 3222 2463 3286 evadit
2507 3223 2718 3306 potius
2765 3225 3190 3307 speculativm

723 3338 846 3400 qua
889 3322 1255 3386 statuantur
1301 3342 1372 3386 ac
1416 3323 1612 3388 veluti
1648 3323 2083 3389 coordinentur
2113 3324 2432 3407 principia,
2467 3325 2803 3393 secundum
2860 3348 3025 3410 quae
3072 3332 3192 3396 Do-

722 3422 920 3485 ctores
944 3424 1250 3486 rationem
1272 3424 1537 3489 reddunt
1560 3425 1996 3502 distinctionis,
2015 3445 2174 3508 quae
2196 3428 2607 3492 communiter
2633 3429 2997 3496 admittitur
3024 3433 3191 3499 inter

723 3521 995 3585 diversas
1028 3526 1421 3606 peccatorum
1453 3527 1702 3608 specieS.

812 3621 969 3694 612.
1006 3626 1294 3691 Diversas
1334 3629 1604 3693 theorias
1643 3629 1715 3694 de
1748 3631 1864 3693 hac
1910 3650 1973 3695 re
2021 3632 2108 3697 sic
2153 3634 2426 3697 recenset
2471 3631 2653 3698 Croix
2685 3635 2793 3700 lib.
2832 3637 2891 3700 5.
2929 3658 2987 3702 n.
3035 3641 3183 3703 121.

721 3726 828 3808 qui
875 3728 938 3791 et
984 3730 1299 3811 praeterea
1344 3734 1650 3796 memorat
1698 3752 1912 3798 earum
1960 3735 2242 3799 auctores
2290 3754 2399 3799 seu
2445 3737 2759 3818 patronos.
2794 3762 2829 3796 «
2867 3740 2937 3802 1⁰
2968 3740 3185 3826 Aliqui

720 3848 828 3911 pro
867 3830 1085 3914 regula
1132 3836 1401 3914 ponunt:
1438 3834 1491 3898 si
1537 3836 1790 3918 peccata
1837 3839 2190 3902 mereantur
2226 3856 2453 3920 poenas
2484 3838 2847 3904 notabiliter
2883 3841 3182 3923 diversas,

719 3931 868 3995 tunc
898 3932 1200 4018 distingui
1232 3936 1447 4017 specie.
1485 3973 1566 3984 —
1603 3939 1672 3999 2ο
1702 3938 1832 4000 Alii
1868 3938 2099 4014 dicunt,
2126 3940 2630 4005 considerandam
2663 3962 2794 4008 esse
2826 3944 3185 4013 deformita-

720 4036 866 4112 tem,
900 4055 1091 4117 quam
1124 4039 1299 4101 actus
1332 4039 1565 4121 peccati
1598 4039 1787 4103 habet
1824 4059 1965 4104 cum
1997 4044 2164 4106 recta
2195 4042 2435 4106 ratione
2466 4044 2530 4107 et
2559 4045 2710 4109 tunc
2740 4050 3175 4113 recurrendum

718 4156 848 4202 esse
896 4138 974 4202 ad
1004 4139 1299 4204 iudicium
1339 4141 1732 4224 prudentum.
1770 4178 1851 4189 —
1887 4143 1957 4205 3⁰
1988 4143 2114 4207 Alii
2152 4144 2383 4219 dicunt,
2417 4163 2539 4209 non
2573 4166 2750 4228 posse
2799 4149 3082 4216 absolute
3113 4156 3180 4217 91

717 4240 1149 4305 universaliter
1194 4241 1439 4307 aliunde
1487 4244 1716 4328 colligi,
1752 4264 1942 4327 quam
1988 4265 2060 4310 ex
2106 4247 2419 4311 communi
2459 4248 2835 4330 prudentum
2881 4272 3067 4319 sensu
3113 4257 3180 4319 et

719 4343 1214 4421 apprehensione.
1251 4381 1332 4392 —
1382 4343 1452 4407 4⁰
1481 4346 1611 4410 Alii
1656 4346 1887 4423 dicunt,
1922 4347 2062 4412 inde
2108 4367 2237 4412 esse
2284 4349 2719 4434 colligendum,
2761 4352 2814 4416 si
2851 4354 2916 4418 in
2966 4356 3175 4439 aliquo

719 4441 804 4505 sit
850 4445 1129 4525 specialis
1176 4447 1337 4511 ratio
1370 4468 1480 4511 9111·
1511 4448 1945 4531 prohibeatur:
1981 4451 2144 4531 quod
2178 4453 2250 4515 ut
2281 4451 2693 4535 deprehendas
2726 4473 3023 4540 compara
3053 4459 3174 4525 duo

718 4546 968 4625 peccata
1015 4546 1174 4610 inter
1220 4568 1282 4611 99
1332 4569 1387 4612 v.
1437 4570 1530 4633 gr.
1581 4550 1822 4614 furtum
1869 4554 2115 4616 centum
2163 4554 2530 4620 ducatorum
2577 4559 2640 4621 et
2701 4557 2940 4624 furtum
2991 4561 3174 4627 unius
