3529 5158
666 306 771 361 152
1151 284 1362 358 macr.
1402 317 1465 356 11.
1504 316 1589 356 mr
1626 314 2041 356 οοΝεοιΕΝτιΑ.
2083 313 2279 355 CAPUT
2317 314 2356 353 1.
2394 312 2536 353 nun.
2574 315 2614 356 1.
2971 302 3116 377 [160]

754 415 959 493 SecuS,
994 415 1102 497 qui
1149 414 1461 480 confessus
1508 415 1602 477 est
1649 414 1920 496 peccata,
1963 431 2121 494 quae
2150 410 2297 476 fecit
2329 430 2400 474 ex
2432 410 2805 475 conscientia
2852 430 3122 489 erronea,

666 543 722 586 ν.
742 542 834 606 gr.
863 521 1027 603 quod
1043 521 1371 585 violaverit
1397 522 1614 584 votum
1640 522 1750 584 ant
1777 518 2027 603 fregerit
2051 520 2353 582 secretum
2373 520 2484 581 aut
2500 516 2851 594 detraxerit,
2879 518 3124 599 quando

664 623 879 689 deinde
911 624 1342 707 deprehendat,
1377 623 1475 688 vel
1507 626 1725 687 votum
1756 622 1913 685 illud
1950 620 2294 685 invalidum
2341 619 2528 684 fuisse
2575 621 2794 702 utpote
2825 621 2900 686 de
2931 640 2995 685 re
3041 622 3128 685 in-

664 725 987 804 differenti,
1022 727 1121 791 vel
1151 727 1389 790 nullam
1421 725 1609 789 fnisse
1658 724 2102 808 obligationem
2134 722 2370 798 secreti,
2404 722 2552 804 quia
2583 741 2678 787 res
2708 722 2836 787 iam
2883 724 3126 789 notoria

663 832 818 906 erat,
868 829 966 893 vel
1012 829 1256 893 nullum
1301 828 1489 893 fuisse
1536 830 1858 910 peccatum
1903 826 2322 904 detractioniS,
2371 825 2519 906 quia.
2566 828 2628 890 et
2674 825 2806 890 iure
2851 828 2915 890 et
2960 826 3125 891 facto

665 930 894 995 crimen
942 933 1075 996 erat
1121 930 1435 996 notorium
1483 932 1594 994 aut
1642 932 1803 993 certe
1850 948 2090 993 necesse
2120 929 2323 994 fuerat
2361 930 2630 994 revelare
2661 929 2891 994 crimen
2923 929 3001 993 ad
3032 950 3129 1013 pe-

665 1033 921 1097 tendum
968 1033 1322 1108 consilium;
1370 1032 1497 1096 iam
1543 1032 1643 1095 hic
1689 1032 2000 1095 teneretur
2044 1051 2256 1095 rursus
2302 1032 2580 1096 confiteri
2612 1033 2848 1096 etcum
2896 1031 3128 1115 passim

666 1133 815 1198 haec
864 1138 1205 1210 occurrant,
1240 1154 1429 1219 grave
1477 1153 1630 1198 onus
1663 1134 2121 1216 poenitentibus
2157 1134 2591 1216 imponeretur.
2628 1134 2727 1197 Ita
2767 1134 2945 1219 Lugo
2978 1134 3124 1198 ibid.

668 1239 1141 1301 nn.501.502.

848 1340 917 1401 3⁰
947 1338 1298 1421 Aliquando
1323 1340 1532 1402 tamen
1556 1338 1706 1401 haec
1736 1338 2204 1402 circumstantia
2229 1338 2566 1421 plurimum
2589 1337 2778 1401 habet
2809 1338 3124 1415 momenti,

668 1442 765 1506 vel
783 1445 1045 1521 propter
1074 1461 1421 1514 censu-ram,
1455 1459 1612 1523 quae
1645 1443 1807 1504 certe
1839 1460 1960 1505 non
2007 1440 2361 1515 incurritur,
2397 1440 2450 1503 si
2480 1439 2621 1521 quis
2652 1458 2818 1503 mere
2848 1459 2989 1503 reus
3036 1442 3128 1504 est

667 1564 737 1607 ex
769 1544 1141 1609 conscientia
1173 1563 1423 1609 erronea
1460 1544 1558 1608 vel
1578 1546 1841 1623 propter
1886 1543 2386 1614 reservationem,
2420 1560 2577 1624 quae
2624 1541 2855 1624 pariter
2885 1541 2947 1605 in
2981 1560 3126 1605 casu

667 1666 787 1711 non
815 1647 1055 1712 adesset
1077 1648 1175 1712 vel
1200 1648 1393 1711 etiam
1418 1647 1470 1711 si
1497 1646 1651 1710 alias
1674 1665 1798 1710 non
1821 1646 2274 1729 intelligeretur
2305 1646 2644 1728 peccatum,
2675 1664 2731 1707 ν.
2766 1664 2859 1728 gr.
2896 1644 2949 1707 si
2980 1663 3129 1727 puer

668 1769 731 1814 se
766 1751 1012 1814 accuset
1042 1748 1115 1813 de
1148 1750 1382 1814 violato
1416 1749 1674 1814 ieiunio:
1710 1767 1833 1832 quo
1866 1768 2015 1812 casu
2047 1747 2452 1813 confessarius
2477 1747 2782 1830 inquirere
2815 1747 3014 1823 debet,
3051 1767 3126 1811 an

668 1872 739 1915 ex
772 1852 1143 1916 conscientia
1176 1872 1423 1917 erronea
1459 1856 1747 1935 operatus
1773 1852 1874 1915 sit.

848 1954 918 2016 40
949 1952 1240 2018 Ceterum
1285 1972 1408 2019 non
1454 1954 1806 2031 verendum,
1851 1974 1925 2018 ne
1958 1953 2129 2017 aliud
2161 1971 2269 2035 pro
2304 1953 2425 2017 alio
2458 1952 2780 2034 peccatum
2813 1951 3007 2033 (quod
3055 1952 3129 2016 ti-

668 2057 897 2122 muisse
944 2057 1122 2144 Lugo
1171 2058 1442 2140 videtur)
1481 2057 1619 2139 quis
1667 2057 2054 2133 confiteatur,
2107 2057 2159 2120 si
2205 2055 2737 2119 circumstantiam
2785 2054 2958 2118 illam
3009 2072 3130 2118 non

667 2160 989 2242 exprimat.
1024 2160 1271 2225 Etenim
1317 2161 1478 2225 ratio
1527 2161 1762 2244 pecc-ati
1795 2159 2090 2237 formaliS,
2127 2178 2285 2241 quae
2316 2177 2459 2222 vera
2493 2161 2588 2223 est
2620 2158 2991 2222 sacramenti
3022 2177 3128 2222 seu

668 2263 1078 2328 absolutionis
1132 2263 1413 2342 materia,
1472 2264 1758 2329 consistit
1813 2264 1876 2327 in
1929 2261 2187 2341 formali
2231 2261 2626 2326 deformitate
2674 2264 2851 2326 act-us
2899 2262 2963 2325 et
3008 2280 3129 2325 non

666 2365 889 2446 pendet
936 2366 1013 2430 ab
1061 2365 1384 2442 obiectiva,
1432 2366 1554 2431 nisi
1598 2369 1904 2448 quatenus
1937 2368 1998 2429 et
2036 2364 2345 2447 quomodo
2380 2362 2875 2459 apprehenditur.
2910 2363 2992 2427 Et
3037 2363 3128 2428 ita

663 2472 867 2533 cessat
899 2470 1099 2553 reipsa
1132 2471 1292 2535 ratio
1332 2470 1675 2535 dubitandi.

1696 2659 1968 2726 CAPUT
2019 2662 2097 2724 II.

1501 2807 1579 2853 DE
1629 2807 2027 2854 coxscrmx'rm
2078 2808 2285 2855 nunni.

1766 2948 1926 3012 Dus.
1978 2949 2025 3011 I.

869 3108 1037 3191 Quid
1062 3110 1149 3172 sit
1177 3108 1554 3172 conscientia
1572 3108 1852 3186 practice
1892 3106 2084 3170 dubia
2117 3112 2177 3172 et
2206 3107 2361 3189 quid
2389 3109 2456 3171 in
2489 3128 2559 3171 ca
2593 3105 2922 3188 slyen-dum.

779 3267 885 3318 Vll.
913 3267 1060 3331 Resp.
1086 3266 1129 3316 1.
1152 3264 1365 3318 Dubium
1391 3270 1465 3317 est
1492 3262 1746 3328 suspensio
1782 3277 2009 3317 assensus
2036 3262 2164 3316 circa
2193 3263 2437 3317 obiectum
2464 3267 2839 3331 apprehensum.
2869 3265 3018 3329 quue
3058 3270 3131 3317 est

666 3353 867 3417 duplex.
895 3350 1260 3416 speculativum
1298 3363 1386 3402 seu
1426 3347 1717 3406 universale,
1744 3350 1942 3413 quando
1979 3347 2028 3401 in
2066 3362 2245 3412 genere
2285 3348 2551 3410 dubitatur,
2583 3363 2628 3401 v.
2656 3364 2729 3414 gr.
2758 3363 2818 3400 an
2845 3355 3129 3402 contractus

668 3435 925 3489 usurarius
963 3434 1025 3488 sit
1065 3434 1254 3501 licitus;
1281 3450 1339 3486 an
1379 3433 1457 3487 (lie
1496 3437 1619 3487 resto
1661 3432 1803 3486 liceat
1846 3434 2026 3498 venari,
2059 3433 2248 3500 piscari,
2278 3434 2472 3500 pingere
2506 3442 2598 3488 etc.
2627 3438 2688 3488 Et
2727 3433 2997 3501 practicam
3041 3449 3126 3488 seu

668 3519 978 3585 particulare.
1017 3533 1126 3572 cum
1165 3518 1429 3578 dubitatur,
1470 3533 1528 3570 an
1568 3517 1644 3571 his
1681 3518 2074 3581 circumstantiis,
2117 3533 2163 3570 v.
2186 3534 2257 3583 gr.
2299 3522 2393 3572 hoc
2432 3523 2553 3573 testo
2595 3518 2740 3580 liceat,
2776 3518 2896 3572 mihi
2939 3519 3127 3573 venari.

668 3606 742 3656 Ex
766 3618 865 3669 quo
903 3611 1048 3670 patet,
1075 3603 1191 3669 quid
1228 3602 1288 3656 sit
1326 3601 1621 3656 conscientia
1650 3602 1862 3670 practice
1891 3602 2053 3665 dubia,
2083 3603 2270 3658 scilicet
2297 3619 2422 3670 quae
2451 3605 2663 3671 practice
2702 3604 2926 3659 dubitat:
2954 3619 3124 3672 specu·

668 3686 818 3740 lative
855 3686 1019 3750 dubia,
1059 3701 1184 3753 quae
1218 3685 1534 3753 speculative.
1574 3689 1640 3740 lta
1682 3689 1858 3742 Navar.
1899 3690 2067 3753 haym.
2108 3689 2141 3740 1.
2181 3703 2222 3740 c.
2263 3691 2438 3743 Sancli.
2471 3690 2610 3744 Mor.
2642 3692 2675 3743 Ι.
2711 3691 2752 3743 1.
2794 3705 2835 3743 c.
2870 3691 2917 3742 9.
2950 3692 3124 3744 Becan.

669 3771 717 3823 in
755 3773 868 3825 1.2.
892 3778 948 3824 tr.
980 3773 1220 3839 l.c.4.q.
1243 3773 1290 3822 8.

760 3909 912 3984 160.
945 3913 1325 3997 Proponitnr
1371 3914 1688 3996 quaestio:
1724 3913 2015 3993 Quid-sit
2062 3915 2432 3979 conscientia
2481 3917 2749 3997 practice
2794 3916 3005 3981 dubia.
3050 3917 3130 3981 Et

670 4016 811 4080 huic
858 4017 1087 4081 satisfit
1134 4017 1313 4082 unica
1361 4017 1772 4100 responsione,
1823 4017 1886 4081 in
1933 4036 2057 4098 qua·
2095 4019 2158 4079 1⁰
2191 4016 2481 4082 definitur
2526 4017 2786 4083 dubium
2833 4021 2896 4084 et
2945 4021 3014 4083 2⁰
3046 4019 3132 4083 di·

666 4119 919 4183 stinctio
954 4120 1295 4203 explicatur
1326 4120 1487 4185 inter
1519 4120 1775 4184 dubium
1810 4120 2264 4202 speculativum
2298 4123 2360 4184 et
2391 4121 2752 4202 practicam.

756 4221 993 4284 Auctor
1040 4223 1251 4304 paucis
1300 4225 1360 4284 et
1408 4223 1557 4286 bene
1605 4222 1818 4286 definit
1865 4221 2149 4285 Dubium
2195 4241 2304 4305 pro
2352 4225 2753 4303 scesloensefone
2800 4243 3128 4288 assensus:

669 4322 965 4386 nonnulla
1007 4322 1305 4387 addamus
1338 4323 1415 4388 ad
1446 4325 1535 4388 rei
1567 4324 1918 4389 claritatem
1950 4326 2012 4389 in
2046 4345 2110 4390 re
2143 4326 2307 4390 tanti
2339 4328 2658 4392 momenti.

758 4424 1031 4487 Dubium
1077 4425 1308 4507 itaque,
1344 4429 1531 4509 prout
1579 4427 1642 4491 in
1690 4447 1975 4511 praesens
2024 4432 2085 4493 et
2133 4430 2377 4512 proprie
2425 4431 2744 4514 accipitur,
2787 4450 2930 4496 cum
2963 4431 3129 4495 dicat

661 4527 1127 4605 suspensionem
1158 4549 1471 4603 assensus,
1500 4549 1621 4595 non
1656 4531 1989 4614 opponitur
2021 4531 2225 4595 solnm
2256 4531 2622 4596 certitudini
2653 4533 2756 4597 sed
2788 4534 2984 4598 etiam
3007 4533 3131 4597 cui-
