3529 5158
329 379 431 458 [35]
984 394 1070 434 nn
1106 394 1582 436 mvonun‘ranro.
1622 394 1987 442 Quowrnax
2024 397 2134 438 asa·
2719 384 2792 439 31

325 488 616 574 languide
649 492 713 554 et
761 489 948 570 quasi
978 489 1190 571 aliqua
1236 509 1379 554 cum
1409 491 1822 557 haesitatione
1869 493 2076 575 pravis
2107 494 2382 559 motibus
2412 495 2650 559 resistit
2683 498 2794 560 aut

326 592 621 657 molestas
674 591 877 676 abigit
923 592 1355 677 cogitationes.
1389 593 1623 658 Verum
1670 594 1907 659 scilicet
1951 595 2443 661 involuntarium
2491 598 2791 679 postulat,

327 696 397 759 ut
440 694 798 759 resistentia
844 694 929 758 sit
977 694 1156 770 seria,
1206 695 1421 759 efficax
1466 698 1529 760 et
1574 714 1989 778 perseveram,
2037 700 2112 761 ut
2158 716 2489 763 consensus
2545 717 2795 782 prorsus

330 796 691 861 excludatur
737 796 929 860 etiam
989 816 1096 879 per
1141 796 1486 863 decursum.
1535 797 1627 862 Ex
1673 798 1771 863 his
1819 801 2031 863 autem
2092 799 2371 884 dignosci
2416 802 2666 883 poterit,
2717 821 2796 866 an

329 900 551 982 aliquis
598 899 874 964 defectus
921 902 1035 965 aut
1080 900 1576 965 semideliberata
1622 902 1805 984 culpa
1851 903 2040 967 fuerit
2083 904 2148 967 in
2195 904 2535 970 resistendo
2598 907 2796 970 tenta-

328 1002 604 1067 tionibus
650 1003 1017 1086 praesertim
1061 1002 1350 1080 invidiae,
1386 1003 1530 1080 odii,
1564 1004 2008 1087 impudicitiae.
2050 1003 2410 1071 Cavendum
2453 1010 2684 1086 tamen,
2721 1029 2794 1075 ne

328 1124 431 1188 per
476 1104 630 1168 haec
675 1104 1075 1186 scrupulosus
1120 1104 1306 1168 nimis
1352 1109 1639 1189 angatur.

412 1208 528 1271 Inv
538 1206 925 1271 oluntarium
940 1205 1308 1285 simpliciter
1330 1208 1729 1272 coniunctum
1752 1228 1895 1273 cum
1912 1194 2264 1276 voluntario
2288 1212 2627 1277 secundum
2641 1214 2799 1294 quid

326 1310 513 1374 hahes
543 1309 609 1373 in
658 1312 826 1384 actU,
860 1327 985 1389 quo
1017 1309 1157 1391 quis
1190 1329 1247 1373 v.
1283 1330 1375 1394 gr.
1414 1310 1612 1375 ferens
1643 1311 2011 1395 suffragium
2043 1331 2152 1393 pro
2186 1313 2482 1379 electione
2514 1314 2793 1380 canonici

330 1411 615 1476 dissentit
646 1411 727 1474 ab
772 1410 1054 1495 eligendo
1100 1430 1215 1477 suo
1262 1412 1737 1496 consanguineo.
1771 1413 2009 1478 Electio
2042 1413 2213 1480 illius
2243 1414 2665 1481 involuntaria
2697 1419 2793 1481 est

333 1514 714 1596 simpliciter,
747 1513 895 1578 licet
940 1514 1295 1595 placuisset.

416 1617 507 1680 De
530 1616 789 1697 reliquis
818 1616 1225 1680 involuntarii
1256 1616 1662 1681 divisionibus
1688 1617 1828 1682 vide
1852 1616 2076 1682 Suarez
2108 1618 2172 1682 in
2201 1621 2258 1683 1.
2279 1620 2339 1682 2.
2358 1621 2541 1684 tract.
2563 1621 2623 1682 2.
2650 1619 2708 1682 d.
2730 1621 2790 1683 2.

334 1720 475 1783 sect.
517 1720 575 1781 1.
610 1718 720 1799 qui
751 1717 1024 1782 ostendit
1054 1719 1377 1801 plerasque
1408 1718 1750 1783 voluntarii
1780 1720 2148 1801 partitiones
2179 1738 2302 1784 non
2335 1722 2558 1785 habere
2587 1721 2797 1785 locum

334 1819 534 1903 quoad
576 1820 1090 1885 involuntarium.

1347 2043 1619 2109 CAPUT
1668 2046 1784 2109 III.

508 2217 588 2263 DF.
638 2216 734 2277 115,
770 2214 935 2273 QUAE
985 2214 1431 2262 VOLUNTARIUM
1478 2214 1756 2262 TOLLUX'I'
1803 2215 1924 2262 Am*
1971 2215 2258 2263 MINUUNT
2305 2216 2380 2265 Ac
2427 2218 2616 2265 PRIMO

1305 2316 1383 2363 DE
1432 2316 1828 2364 IGNORANTLA.

436 2510 575 2563 xlv.
615 2508 737 2562 Cum
776 2509 838 2560 ad
881 2505 1214 2561 voluntarium
1253 2503 1530 2569 requiratur
1568 2510 1670 2557 tuni
1709 2502 1922 2568 cognitio
1961 2503 2238 2558 intellectus
2277 2512 2377 2558 tum
2417 2506 2686 2560 voluntatis
2722 2508 2792 2562 in·

334 2593 546 2656 clinati0,
575 2599 838 2660 propterca
881 2591 1119 2657 quidquid
1157 2592 1445 2644 alterutrum
1487 2595 1569 2641 aut
1606 2589 1733 2642 toltit
1773 2596 1857 2642 aut
1893 2589 2083 2655 minuit,
2110 2605 2169 2643 eo
2207 2590 2316 2657 ipso
2359 2591 2487 2645 tollit
2513 2598 2595 2645 aut
2621 2591 2792 2647 minuit

336 2677 680 2732 voluntarium.
718 2680 870 2731 Porro
911 2675 1238 2740 cognitionem
1277 2673 1471 2739 quidem
1508 2673 1780 2736 ignorantia
1821 2681 1868 2727 et
1906 2675 2317 2741 concupiscentia,
2361 2676 2627 2731 voluntatis
2668 2692 2790 2732 vero

337 2761 690 2815 inclinationem
730 2759 808 2814 vis
843 2766 892 2813 et
928 2766 1087 2813 metus
1125 2766 1211 2813 aut
1249 2760 1426 2812 tollunt
1459 2757 1656 2824 penitus
1690 2764 1776 2812 ant
1812 2758 2050 2814 minuunt.
2079 2761 2154 2813 De
2192 2759 2269 2813 his
2306 2775 2423 2826 ergo
2458 2764 2702 2827 agendum
2749 2772 2797 2819 et

338 2846 499 2915 primo
535 2849 594 2901 de
631 2845 927 2911 ignorantia.

442 2933 559 2985 XV.
586 2933 891 2985 lasciuum
928 2937 1004 2983 est
1041 2928 1255 2997 privatio
1294 2928 1544 2996 scientiae,
1570 2943 1713 2995 quam
1752 2928 1861 2994 quis
1899 2935 2042 2982 natus
2081 2935 2155 2982 est
2192 2933 2387 2984 habere.
2417 2931 2592 2986 Diffcrt
2630 2940 2794 2986 autem

336 3022 437 3069 tum
473 3031 501 3067 a
526 3030 840 3079 assemani,
870 3029 997 3081 quae
1024 3013 1294 3082 simplicem
1321 3012 1624 3077 negationem
1652 3012 1883 3067 scientiae
1914 3013 2163 3079 importat,
2197 3021 2300 3068 tum
2326 3017 2387 3067 ab
2413 3031 2626 3078 annona,
2653 3017 2795 3071 cuius

336 3108 408 3153 est
443 3102 722 3167 approbare
759 3101 880 3153 falsa
918 3114 1006 3166 pro
1035 3098 1181 3152 veriS.
1209 3101 1279 3152 lta
1308 3113 1347 3151 s,
1377 3099 1594 3151 Thomas
1620 3096 1685 3150 de
1704 3096 1872 3159 Malo,
1893 3112 1938 3163 q.
1959 3100 2008 3150 3.
2029 3112 2073 3149 a.
2093 3099 2143 3151 7.
2166 3105 2214 3151 et
2241 3101 2284 3150 t.
2306 3101 2354 3150 2.
2374 3115 2418 3164 q.
2440 3100 2526 3151 76.
2547 3114 2573 3152 a
2596 3102 2647 3153 2.

420 3232 545 3306 35.
584 3237 806 3317 Itaque
840 3253 889 3298 s.
924 3233 1198 3300 Thomas
1243 3234 1379 3297 loco
1427 3233 1628 3316 priore
1675 3232 1869 3297 citato
1917 3232 2067 3295 haec
2113 3232 2327 3294 habet:
2369 3257 2404 3290 «
2435 3231 2798 3311 Dicendum,

336 3339 499 3421 quod
531 3338 737 3403 differt
769 3337 1126 3414 nescientia,
1159 3335 1517 3421 ignorantia
1550 3337 1613 3398 et
1660 3353 1845 3398 error.
1879 3332 2231 3397 Nescientia
2264 3333 2428 3397 enim
2459 3333 2802 3416 simplicem

338 3439 733 3524 negationem
779 3439 1070 3503 scientiae
1129 3438 1450 3520 importat.
1501 3436 1864 3521 Ignorantia
1927 3454 2068 3500 vero
2131 3435 2500 3518 quandoque
2552 3436 2802 3518 quidem

342 3543 652 3628 significat
676 3542 972 3607 scientiae
1004 3541 1415 3625 privationem
1440 3541 1503 3604 et
1534 3542 1682 3604 tunc
1706 3538 2062 3623 ignorantia
2086 3539 2242 3604 nihil
2267 3540 2439 3606 aliud
2469 3543 2585 3619 est,
2611 3562 2802 3624 quam

342 3664 542 3709 carere
588 3644 874 3719 scientia,
911 3663 1100 3724 quam
1146 3642 1286 3724 quis
1317 3644 1504 3706 natus
1551 3643 1647 3706 est
1677 3641 1935 3718 habere;
1970 3641 2085 3706 hoc
2116 3642 2279 3707 enim
2310 3645 2406 3709 est
2451 3644 2525 3709 de
2561 3645 2805 3711 ratione

340 3747 709 3831 privationis
732 3745 1084 3810 cuiuslibet.
1111 3743 1492 3826 Quandoque
1516 3747 1727 3809 autem
1750 3745 2104 3829 ignorantia
2131 3749 2226 3810 est
2251 3747 2488 3830 aliquid
2512 3749 2805 3813 scientiae

339 3851 744 3924 contrarium,
780 3867 940 3929 quae
986 3847 1213 3912 dicitur
1242 3847 1598 3933 ignorantia
1643 3865 1962 3930 perversae
1999 3847 2441 3930 dispositionis,
2475 3852 2630 3933 puta
2663 3870 2806 3916 cum

339 3953 475 4034 quis
506 3952 703 4016 habet
750 3950 1038 4014 habitum
1069 3950 1370 4017 falsorum
1399 3949 1842 4032 principiorum
1888 3952 1949 4013 et
1980 3949 2281 4014 faisarum
2319 3952 2700 4035 opinionum,
2735 3974 2808 4018 ex

340 4054 566 4136 quibus
613 4051 957 4134 impeditur
986 4071 1024 4116 a
1056 4052 1314 4117 scientia
1362 4052 1663 4117 veritatis.
1690 4051 1877 4115 Error
1907 4053 2119 4116 autem
2151 4053 2246 4116 est
2278 4053 2617 4136 approbare
2648 4053 2807 4120 falsa

343 4174 451 4239 pro
514 4156 718 4221 veris:
767 4153 930 4218 unde
976 4153 1150 4218 addit
1209 4159 1421 4220 actum
1465 4153 1795 4236 quemdam
1856 4172 2039 4236 super
2097 4153 2553 4238 ignorantiam;
2602 4159 2810 4241 potest

339 4259 503 4323 enim
534 4277 673 4323 esse
721 4257 1077 4340 ignorantia
1108 4257 1238 4321 sine
1269 4257 1385 4322 hoc
1416 4257 1582 4339 quod
1613 4255 1840 4338 aliquis
1871 4255 1944 4320 de
1975 4256 2207 4342 ignotis
2239 4259 2612 4325 sententiam
2651 4260 2809 4327 ferat

344 4363 413 4422 et
438 4365 587 4425 tunc
618 4360 923 4445 ignorans
952 4361 1047 4423 est
1077 4362 1140 4423 et
1185 4377 1307 4424 non
1339 4379 1573 4424 errans:
1608 4358 1713 4423 sed
1744 4357 1990 4440 quando
2022 4357 2247 4424 falsam
2277 4359 2404 4424 iam
2436 4363 2810 4429 sententiam

343 4465 467 4529 fert
494 4466 567 4532 de
614 4465 739 4538 his,
776 4482 936 4544 quae
983 4465 1193 4542 nescit,
1226 4469 1375 4529 tunc
1420 4465 1661 4549 proprie
1693 4465 1922 4529 dicitur
1952 4485 2170 4531 errare.
2197 4465 2277 4529 Et
2309 4466 2457 4549 quia
2491 4470 2812 4551 peccatum

341 4566 404 4630 in
453 4572 601 4633 actu
649 4564 965 4640 consistit,
1013 4585 1179 4631 error
1223 4568 1546 4632 manifeste
1591 4568 1779 4632 habet
1823 4568 2128 4632 rationem
2177 4569 2441 4651 peccati;
2490 4589 2614 4636 non
2646 4571 2809 4635 enim
