3529 5158
713 314 821 368 602
1216 330 1426 371 1111161.
1466 331 1545 371 1v.
1588 330 1670 369 nn
1707 329 2013 370 moeurs.
2052 329 2250 369 CAPUT
2286 329 2351 370 11.
2388 329 2531 370 nun.
2571 330 2662 370 111.
3033 315 3186 390 [6941

713 424 871 487 mali
912 426 1186 507 periculo
1235 426 1522 508 peccandi
1571 445 1868 509 exponere
1917 450 1977 489 ».
2027 425 2110 490 Et
2156 424 2465 491 Cardenas
2511 427 2554 489 l.
2603 446 2655 491 c.
2704 447 2838 510 cap.
2881 429 2941 492 2.
2974 449 3034 492 n.
3075 429 3180 492 17.

712 548 846 591 ecce
877 528 1211 604 contendit,
1246 527 1509 606 formale
1540 529 1885 611 periculum
1932 529 2164 607 haberi,
2200 530 2445 611 quando
2485 530 2602 594 hoc
2634 532 2730 595 est
2747 530 3081 611 probabile
3119 532 3183 595 et

711 629 846 695 ideo
880 649 1015 694 ecce
1052 631 1301 694 Lessius
1331 631 1493 695 inter
1524 634 1820 714 patronos
1868 632 2054 695 huius
2093 632 2452 696 sententiae.
2488 632 2684 714 Atqui
2716 633 2879 697 alius
2904 632 3181 718 negabit,

698 732 1026 811 probabile
1063 733 1226 797 idem
1258 752 1388 798 esse
1428 753 1499 797 ac
1529 732 1785 806 morale,
1826 734 1993 815 quod
2023 734 2233 816 potius
2271 735 2366 798 est
2398 732 2723 798 nwraliter
2752 738 3007 798 certum.

799 836 979 912 Item,
1014 856 1146 918 cap.
1198 836 1258 900 6.
1292 856 1351 900 n.
1404 838 1508 899 63.
1559 837 1764 901 utitur
1809 837 1926 900 hoc
1975 838 2378 920 argumento:
2421 860 2457 895 «
2490 836 2696 901 Homo
2730 838 2980 901 tenetur
3012 856 3182 919 prae-

710 941 886 1021 cepto
935 958 1220 1003 securum
1266 958 1330 1003 se
1375 938 1684 1015 reddendi,
1733 941 2041 1019 quantum
2070 940 2284 1018 possit
2324 937 2671 1013 moraliter,
2706 939 2784 1004 ab
2829 940 3182 1004 incursione

711 1041 1023 1125 gehennae
1048 1041 1288 1123 (reapse
1314 1042 1412 1105 1116
1436 1044 1531 1105 est
1565 1041 1705 1106 finis
1737 1042 2050 1124 praecepti
2080 1042 2290 1124 potius
2315 1061 2504 1123 quam
2536 1044 2967 1125 praeceptum:
3006 1061 3182 1126 prae·

713 1145 961 1227 ceptum
999 1146 1111 1219 est,
1148 1162 1223 1207 ne
1255 1145 1620 1226 peccemus).
1662 1144 1829 1228 Ergo
1878 1144 2123 1208 tenetur
2169 1163 2240 1208 ex
2278 1147 2603 1227 praecepto
2636 1162 2925 1209 securum
2954 1163 3018 1208 se
3049 1143 3184 1208 red-

713 1245 853 1309 dere
902 1247 978 1309 ab
1025 1246 1372 1309 incursione
1428 1245 1662 1329 peccati
1718 1246 2025 1321 mortaIiS,
2075 1246 2208 1327 (sed
2256 1265 2293 1310 a
2340 1265 2464 1327 qua
2511 1246 2908 1311 incursione?
2956 1247 3022 1310 et
3067 1246 3184 1310 sub

713 1349 969 1432 gravine
1018 1368 1052 1412 a
1101 1348 1380 1430 qualibet
1396 1352 1472 1431 ἶν’).

805 1446 977 1519 694.
1018 1449 1179 1529 Quid
1211 1470 1353 1514 vero
1387 1450 1504 1514 sibi
1551 1470 1599 1514 3.
1650 1450 2005 1533 Alphonsus
2039 1450 2210 1527 velit,
2246 1470 2368 1515 non
2402 1450 2554 1516 adeo
2589 1450 2828 1515 clarum
2866 1454 2979 1515 est.
3012 1449 3182 1514 Nam

712 1572 854 1616 cum
892 1553 1318 1635 quaestionem
1356 1553 1570 1617 fecerit
1599 1552 1672 1616 de
1710 1572 1802 1630 e0,
1837 1553 1946 1635 qui
1976 1572 2041 1616 se
2087 1553 2337 1636 exponit
2372 1554 2645 1637 periculo
2687 1558 2935 1617 tantam
2949 1553 3182 1634 proba-

712 1654 844 1727 bili,
878 1658 1095 1737 postea
1142 1655 1579 1719 difficultatem
1625 1655 1966 1737 expedienS‚
2005 1654 2335 1739 respondet
2381 1654 2547 1737 quod
2592 1656 2656 1720 in
2704 1675 2774 1720 eo
2823 1675 2994 1733 casu,
3033 1655 3180 1719 licet

708 1758 1029 1840 peccatum
1062 1758 1146 1821 sit
1175 1757 1500 1833 incertum,
1537 1777 1614 1820 an
1654 1757 1740 1821 sit
1775 1776 1963 1821 necne
1999 1756 2536 1835 committendum,
2571 1760 2808 1820 certum
2840 1759 3057 1822 tamen
3087 1758 3180 1821 est

696 1859 1052 1938 per-iculum
1083 1858 1408 1939 peccandi.
1458 1859 1656 1941 Atqui
1703 1860 1916 1943 agitur
1961 1859 2325 1944 hypothesis
2374 1858 2632 1942 periculi
2680 1878 2800 1924 non
2849 1860 3025 1937 certi,
3076 1858 3179 1923 sed

707 1964 958 2026 tantum
991 1961 1349 2044 probabilia.
1386 1961 1607 2025 Voluit
1636 1961 1798 2026 forte
1831 1961 2055 2026 dicere:
2092 1962 2325 2025 certam
2359 1980 2491 2025 esse
2537 1960 3052 2044 probabilitatem
3083 1981 3181 2045 pe-

705 2063 921 2139 riculi;
972 2063 1078 2127 sed
1121 2064 1274 2128 haec
1318 2082 1461 2127 cum
1509 2064 1593 2128 sit
1639 2063 1776 2146 ipsa
1822 2063 2204 2148 hypothesiS,
2244 2063 2308 2127 111
2340 2083 2464 2145 qua
2496 2063 2820 2145 quaeritur
2852 2082 2932 2127 an
2970 2065 3177 2146 peccet

708 2185 894 2231 necne
943 2165 1296 2230 mortaliter
1343 2167 1452 2247 qui
1506 2166 1600 2230 illi
1658 2166 1931 2248 periculo
1980 2185 2045 2230 se
2091 2166 2360 2248 exponit,
2410 2165 2628 2248 nequit
2674 2183 2807 2230 esse
2853 2165 3018 2229 ratio
3065 2184 3178 2248 pro

707 2271 883 2353 parte
915 2270 1283 2333 affirmante.
1322 2269 1555 2332 Deinde
1586 2268 1920 2333 concedens
1968 2269 2133 2351 quod
2182 2270 2382 2353 possit
2410 2268 2551 2350 quis
2582 2286 2648 2332 se
2686 2286 2978 2351 exponere
3023 2267 3176 2331 huic

706 2373 1012 2455 probabili
1049 2373 1342 2455 perierim,
1384 2373 1437 2436 31
1468 2374 1639 2436 iusta
1661 2391 1854 2436 causa
1887 2372 2068 2451 adsit,
2103 2373 2409 2438 rationem
2439 2371 2676 2449 reddit3
2712 2372 2854 2454 quia
2889 2373 3040 2435 tunc
3071 2390 3176 2453 pe-

702 2475 971 2539 riculum
1002 2475 1353 2557 proximum
1389 2475 1462 2538 fit
1495 2477 1839 2539 remotum:
1876 2475 2122 2558 perinde
2170 2495 2315 2560 ergo
2362 2474 2611 2538 videtur
2657 2493 2787 2538 esse
2825 2493 2874 2537 s.
2914 2472 3178 2537 Doctori

702 2577 1020 2662 probabile
1045 2577 1387 2660 periculum
1412 2576 1701 2661 peccandi
1725 2577 1790 2642 et
1813 2577 2156 2660 periculum
2188 2578 2560 2662 proximum.
2579 2576 2786 2659 Atque
2810 2575 2903 2640 ita
2929 2595 3176 2659 quoque

702 2681 777 2745 A.
825 2681 1125 2762 loquitur,
1160 2681 1269 2761 qui
1299 2681 1365 2744 iu
1396 2699 1552 2763 resp.
1591 2683 1648 2744 5.
1672 2681 2040 2760 proximum
2058 2679 2414 2760 perieulum
2459 2698 2601 2744 mox
2647 2681 2834 2744 vocat
2866 2682 2999 2741 tam
3033 2699 3179 2758 pro-

704 2783 906 2848 babile
925 2782 1299 2862 periculum.
1335 2784 1505 2847 Haec
1529 2804 1675 2868 ergo
1700 2784 1962 2849 redeunt
2002 2783 2079 2848 ad
2117 2803 2509 2849 communem
2545 2783 2896 2849 doctrinam
2929 2782 3005 2845 de
3027 2781 3175 2847 obli-

701 2887 956 2971 gatione
1004 2886 1280 2970 fugiendi
1328 2887 1709 2950 occasionem
1756 2873 2121 2970 proximam.¹

793 2986 965 3060 695.
994 2988 1054 3054 S.
1082 2989 1267 3072 Alph.
1293 2989 1402 3053 lib.
1424 2990 1484 3052 4.
1504 3010 1563 3052 n.
1590 2991 1691 3053 12.
1712 2990 1985 3071 quaerit;
2014 3014 2048 3048 «
2072 2990 2170 3054 An
2203 2990 2466 3072 quilibet
2488 2988 2865 3053 christianus
2897 2988 3176 3073 graviter

699 3095 925 3176 peccet,
962 3093 1014 3156 si
1045 3094 1353 3174 proponat
1389 3091 1778 3157 committere
1828 3092 2036 3157 omnia
2081 3093 2369 3157 venialia.
2404 3091 2796 3157 Affirmative
2843 3090 3175 3174 respondet

698 3193 969 3258 Sanchez
1019 3193 1259 3257 Moral.
1311 3193 1417 3257 lib.
1473 3195 1529 3257 1.
1580 3212 1712 3276 cap.
1766 3195 1825 3257 5.
1876 3215 1936 3257 n.
1987 3195 2047 3258 4.
2098 3196 2162 3258 et
2207 3194 2501 3259 Bonacin.
2542 3193 2616 3256 de
2662 3191 2850 3256 Pecc.
2900 3192 3060 3276 disp.
3111 3193 3171 3254 2.

699 3299 939 3378 quaest.
975 3298 1036 3360 3.
1071 3299 1281 3379 punct.
1325 3298 1384 3360 5.
1424 3317 1483 3359 n.
1524 3296 1624 3359 17.
1663 3321 1722 3359 ».
1750 3294 1812 3359 S.
1846 3296 2204 3380 Alphonsus
2249 3298 2474 3375 censet,
2515 3294 2899 3379 probabilius
2948 3314 3173 3380 negan-

699 3399 849 3463 dum
887 3419 1030 3462 cum
1077 3398 1217 3462 aliis
1264 3400 1328 3461 et
1356 3397 1520 3461 idem
1566 3397 1718 3461 dicit
1763 3397 1938 3482 Gury
1971 3401 2124 3463 tom.
2165 3401 2222 3462 1.
2258 3401 2316 3482 ξ.
2361 3399 2529 3477 154.,
2565 3398 2794 3463 addens
2843 3399 3076 3474 tamen,
3109 3396 3172 3460 in

697 3500 871 3582 praxi
916 3519 1051 3562 rem
1095 3499 1418 3579 difficilem
1464 3503 1524 3561 et
1565 3499 1838 3563 arduam
1882 3521 2054 3578 esse,·
2091 3502 2243 3582 quia
2286 3500 2566 3581 facilitas
2609 3499 3037 3565 committendi
3081 3520 3175 3562 ve-

697 3604 904 3669 mazia
927 3604 1215 3668 debilitat
1240 3605 1541 3681 animum,
1568 3609 1642 3667 ut
1671 3604 1928 3684 facilius
1957 3610 2285 3685 superetur
2318 3605 2781 3672 tentationibus.
2807 3604 2954 3670 Alio
2986 3604 3172 3669 modo

698 3709 909 3773 tamen
947 3727 996 3772 3.
1036 3708 1219 3789 Alph.
1261 3727 1401 3772 cum
1450 3705 1739 3784 Sanchez,
1777 3709 1898 3773 alio
1938 3709 2122 3774 modo
2154 3711 2446 3793 proponit
2492 3709 2925 3792 quaestionem
2974 3707 3166 3790 Gury.

696 3811 805 3892 qui
828 3811 1075 3892 quaerit
1111 3810 1315 3874 solum
1339 3834 1374 3867 «
1390 3830 1477 3872 an
1506 3811 1788 3890 yraviter
1796 3815 2104 3890 peccaret,
2131 3813 2242 3893 qui
2270 3811 2407 3877 sola
2435 3811 2734 3876 mortalia
2764 3812 2970 3874 vita-re
2994 3809 3173 3874 vellet

694 3917 757 3974 et
783 3911 857 3975 de
896 3912 1252 3975 omittendis
1298 3909 1647 3975 venialibus
1683 3911 1848 3975 nihil
1887 3919 2139 3977 curaret
2169 3941 2229 3978 ».
2263 3914 2427 3979 Nam
2460 3914 2744 3997 quaestio
2776 3933 2848 3978 ex
2896 3911 3168 3977 Sanchez

693 4015 758 4079 et
789 4035 837 4079 s.
864 4014 1048 4096 Alph.
1077 4013 1252 4077 addit
1283 4033 1546 4095 pravum
1571 4014 1883 4096 quoddam
1914 4017 2332 4100 propositum3
2360 4037 2432 4081 ex
2458 4015 2631 4101 Gury
2665 4015 2936 4100 praefert
2966 4015 3165 4078 solam

694 4116 1143 4202 negligentiam
1174 4117 1238 4180 et
1268 4116 1405 4180 ideo
1430 4117 1699 4181 severior
1723 4120 1818 4182 est
1848 4120 2113 4198 notatio,
2141 4140 2330 4202 quam
2363 4119 2572 4184 subdit
2603 4138 2754 4184 suae
2777 4114 3163 4184 resolutioni.

784 4220 1021 4283 Iuverit
1066 4219 1201 4283 heic
1248 4219 1546 4283 subiicere
1592 4219 1938 4285 doctrinam
1986 4219 2165 4286 Card.
2202 4222 2402 4308 Lugo,
2443 4223 2551 4305 qui
2598 4222 2905 4306 sapienter
2949 4221 3169 4284 monet

693 4318 767 4383 de
791 4319 1042 4383 Poenit.
1074 4319 1228 4403 disp.
1264 4321 1363 4383 15.
1392 4340 1451 4383 n.
1479 4321 1608 4398 49.‚
1628 4320 1842 4387 docere
1867 4323 2238 4409 Theolog05‚
2266 4349 2300 4383 «
2318 4325 2709 4389 voluntatem
2735 4321 3166 4389 committendi

692 4421 959 4486 venialia
983 4423 1185 4486 multa
1219 4441 1341 4486 non
1367 4442 1497 4486 6336
1527 4424 1879 4502 mortalem,
1907 4425 2012 4489 sed
2035 4427 2359 4492 venialem.
2387 4428 2614 4493 Fateor
2637 4427 2911 4509 quidem,
2938 4427 3165 4510 inquit,

693 4542 907 4588 curam
954 4544 1026 4588 ac
1063 4525 1454 4608 diligentiam
1494 4525 1655 4590 circa
1689 4526 1954 4592 venialia
1989 4529 2242 4594 vitanda
2274 4549 2404 4595 esse
2435 4529 2710 4595 medium
2754 4529 3164 4598 utilissimum
