3529 5158
695 380 767 434 68
1227 387 1439 429 ‘rnAc‘n
1479 388 1517 427 1.
1553 386 1640 426 mn
1676 384 1934 428 Acrmus
1969 385 2259 427 numme.
2300 384 2499 427 cunr
2535 387 2594 428 v.
3036 372 3145 448 [71]

695 493 1000 573 stuprum,
1020 488 1074 553 si
1092 487 1461 561 invasorem,
1480 503 1622 548 cum
1645 484 1873 566 posset,
1890 500 2012 546 non
2035 481 2337 564 repudiat.
2352 483 2514 546 Item
2537 483 2890 547 voluntaria
2916 484 3153 548 ablatio

618 634 621 637 -
693 594 779 658 rei
821 592 940 657 erit
978 589 1240 666 custodi,
1281 589 1333 652 si
1374 605 1516 651 cum
1561 587 1771 669 posset
1817 584 2159 649 violentum
2207 603 2632 670 aggressorem
2677 587 2988 669 repellere,
3031 605 3154 651 non

694 694 950 759 restitit.

779 795 872 860 Ne
918 796 1127 859 tamen
1174 792 1308 857 heic
1355 809 1645 865 erremus,
1693 788 2060 866 notandum,
2109 789 2348 853 evenire
2393 807 2591 871 posse,
2632 792 2707 853 ut
2752 790 2892 871 quis
2938 790 3157 871 utique

688 897 977 981 repellere
1003 895 1213 976 aliquo
1236 892 1419 957 modo
1446 893 1633 973 queat
1666 891 1812 967 vim,
1836 891 1889 955 si
1925 891 2087 955 ratio
2112 891 2327 955 illatae
2351 892 2445 955 vis
2470 890 2532 955 in
2566 910 2629 955 se
2660 894 2990 973 spectetur,
3019 911 3160 956 con-

691 999 974 1065 sideratis
1006 997 1240 1062 scilicet
1269 994 1523 1067 viribus,
1550 1012 1705 1074 quas
1735 992 1935 1075 possit
1967 1009 2297 1075 opponere:
2338 993 2444 1057 sed
2476 994 2663 1057 simul
2700 993 2834 1058 fieri
2870 1013 3051 1076 posse
3081 997 3157 1058 ut

691 1124 728 1168 a
772 1101 1111 1167 resistendo
1142 1100 1309 1164 certa
1346 1097 1616 1180 quadam
1652 1097 1893 1161 ratione
1930 1095 2328 1161 deterreatur.
2365 1098 2469 1161 Ita
2513 1102 2724 1180 posset
2770 1100 2980 1163 custos
3026 1119 3157 1163 rem

690 1205 918 1288 eripere
950 1203 1090 1279 furi,
1125 1202 1229 1266 sed
1267 1202 1434 1265 certa
1472 1200 1526 1264 ei
1559 1218 1725 1263 mors
1762 1199 2113 1262 immineret
2145 1201 2256 1263 aut
2288 1201 2450 1263 certe
2486 1199 2708 1263 domus
2743 1200 2877 1264 eius
2910 1203 3023 1264 aut
3055 1200 3160 1265 do-

688 1306 841 1371 mini
863 1304 1141 1369 incendio
1168 1303 1410 1386 periret.
1438 1301 1611 1365 Tunc
1642 1301 1906 1365 habetur
1929 1301 2138 1383 potius
2170 1302 2408 1365 coactio
2433 1302 2688 1366 moralis
2721 1304 2784 1367 et
2821 1321 3158 1368 consensus

687 1427 759 1473 ex
799 1409 989 1471 metu.
1030 1405 1263 1470 Idcirco
1308 1401 1651 1468 revocanda
1698 1405 1846 1466 sunt
1892 1402 2189 1485 principia
2238 1403 2394 1467 alias
2432 1404 2832 1486 praestituta,
2867 1404 3156 1470 videlicet

686 1512 825 1575 tum
870 1510 1075 1574 solum
1117 1507 1347 1572 censeri
1392 1507 1550 1570 113110
1582 1504 1978 1569 omissionem
2024 1506 2463 1580 voluntariam,
2497 1506 2742 1587 quando
2801 1525 2925 1570 non
2970 1506 3158 1571 modo

683 1611 933 1697 physice
965 1628 1218 1693 possum
1264 1608 1411 1690 quid
1460 1626 1658 1692 agere,
1722 1605 1827 1671 sed
1875 1610 2190 1689 praeterea
2223 1608 2467 1671 teneor:
2509 1607 2758 1689 quando
2809 1627 2932 1672 non
2969 1608 3157 1675 modo

684 1716 952 1801 physice,
986 1713 1092 1777 sed
1123 1715 1185 1777 et
1216 1711 1537 1776 moraliter
1570 1709 1885 1793 possibilis
1918 1711 2013 1774 est
2047 1710 2230 1775 actio.

776 1814 878 1886 71.
905 1814 1225 1880 Cornelius
1260 1832 1295 1877 a
1326 1812 1557 1895 Lapide
1580 1812 1669 1892 (in
1696 1811 2022 1875 Danielem
2051 1830 2183 1893 cap.
2212 1811 2388 1886 XIII,
2415 1831 2475 1875 v.
2505 1812 2610 1875 23.
2638 1810 2866 1875 melius
2889 1815 2984 1875 est
3005 1811 3163 1875 mihi

685 1920 916 1999 absque
962 1937 1140 1997 opere
1184 1915 1458 1978 incidere
1508 1916 1574 1977 in
1620 1933 1846 1977 manus
1891 1917 2150 1986 vestras,
2190 1934 2377 1994 quam
2409 1934 2672 1993 peccare
2717 1915 2791 1977 in
2835 1920 3162 1995 conspectu

689 2019 981 2101 Domine)
1019 2019 1143 2082 ait:
1176 2019 1486 2099 peccasset
1517 2015 1680 2080 enim
1718 2014 2004 2079 Susanna
2040 2015 2473 2081 consentiendo
2506 2019 2571 2081 01
2602 2018 3008 2100 cooperando.
3046 2019 3163 2084 Po-

689 2122 915 2186 tuisset
959 2122 1169 2184 tamen
1214 2118 1279 2182 in
1316 2119 1495 2182 tanto
1528 2117 1799 2200 periculo
1831 2117 2123 2182 infamiae
2155 2119 2218 2181 et
2255 2119 2475 2182 mortis
2507 2120 2797 2203 negative
2829 2139 2894 2184 30
2931 2121 3157 2186 habere

691 2226 756 2289 et
786 2223 1137 2306 permittere
1184 2239 1399 2286 eorum
1442 2221 1505 2284 in
1552 2240 1615 2285 se
1660 2219 1998 2296 libidinem,
2033 2220 2216 2285 modo
2264 2220 2505 2285 interno
2558 2225 2702 2286 actu
2738 2223 2802 2286 in
2850 2242 2987 2287 eam
3037 2242 3156 2288 non

686 2325 1109 2401 consensisset,
1151 2324 1256 2389 sed
1293 2342 1431 2388 eam
1477 2322 1787 2387 detestata
1835 2325 1899 2387 et
1944 2325 2256 2387 exsecrata
2303 2321 2563 2399 fuisset3
2605 2325 2756 2407 quia
2803 2326 3008 2391 11131113
3056 2327 3160 2391 bo·

690 2448 840 2492 num
885 2430 979 2492 est
1023 2427 1191 2492 fama
1236 2428 1299 2491 et
1336 2426 1489 2502 vita,
1523 2444 1710 2506 quam
1755 2424 2089 2507 pudicitia3
2125 2425 2284 2489 unde
2331 2426 2488 2489 hanc
2536 2445 2644 2509 pro
2700 2426 2812 2491 illa
2860 2447 3158 2510 exponere

686 2530 897 2596 licet...
938 2528 1109 2610 Quod
1159 2546 1304 2593 vero
1335 2526 1791 2603 exclamavit...,
1828 2528 2005 2592 actus
2037 2526 2157 2591 fuit
2195 2527 2456 2612 insignis
2495 2530 2686 2611 atque
2734 2528 3014 2595 heroicae
3060 2549 3161 2594 ca-

689 2633 959 2708 stitati33
994 2633 1141 2696 talis
1175 2631 1269 2694 est
1300 2631 1462 2694 enim
1498 2630 1700 2713 magis
1732 2629 1891 2693 velle
1922 2631 2100 2706 mori,
2137 2648 2325 2712 quam
2368 2631 2567 2712 pollui
2603 2656 2664 2695 ».

777 2734 1058 2797 Taberna
1082 2731 1244 2815 apud
1269 2729 1451 2795 Croix
1474 2731 1580 2794 lib.
1610 2732 1669 2793 3.
1697 2751 1754 2813 p.
1788 2731 1844 2793 1.
1863 2750 1923 2794 11.
1952 2730 2101 2794 916.
2129 2735 2448 2796 enumerat
2482 2733 2585 2796 50.
2613 2732 2966 2816 scriptoreS,
2997 2735 3161 2800 inter

689 2854 843 2917 quos
891 2837 985 2899 031
1030 2853 1079 2898 3.
1112 2833 1482 2909 Α111011111113,
1523 2832 1826 2906 docentes,
1877 2833 2149 2914 puellam
2195 2852 2317 2898 non
2365 2854 2631 2917 peccare,
2682 2835 2735 2899 si
2784 2835 2861 2900 ob
2909 2837 3160 2902 evidens

687 2936 1030 3020 periculum
1072 2935 1295 3000 mortis
1340 2935 1438 2998 vel
1483 2933 1753 3018 ingentis
1799 2934 2091 3000 infamiae
2129 2954 2252 3000 non
2299 2936 2591 3002 adhibeat
2648 2937 2856 3002 omnia
2903 2941 3158 3006 omnino

687 3038 890 3103 media
928 3037 1006 3101 ad
1041 3035 1467 3120 depellendum
1511 3035 1879 3112 invasorem,
1921 3057 1979 3099 v.
2014 3057 2105 3121 gr.
2141 3037 2195 3100 si
2240 3038 2422 3114 hunc,
2457 3058 2600 3102 cum
2631 3043 2866 3122 posset,
2907 3060 3032 3106 non
3067 3061 3164 3108 oc-

687 3140 871 3217 cidat,
892 3139 945 3204 si
967 3158 1089 3203 non
1113 3138 1405 3203 inclamet
1429 3137 1738 3212 viciniam,
1767 3137 1870 3201 sed
1895 3156 2060 3201 mere
2085 3139 2365 3220 patiatur
2389 3140 2646 3216 coitum,
2677 3141 2918 3206 secluso
2945 3144 3161 3209 tamen

689 3246 858 3311 omni
902 3244 1171 3329 periculo
1218 3261 1567 3307 001130113113.
1610 3238 1792 3306 Croix
1840 3243 2049 3306 tamen
2098 3241 2376 3318 adnotat,
2413 3263 2534 3307 non
2584 3244 2867 3327 expedire
2915 3247 3161 3328 publice

686 3350 844 3414 hanc
889 3349 1234 3413 doctrinam
1278 3364 1647 3429 proponere3
1688 3345 1836 3426 quia
1875 3348 2021 3428 apta
2070 3348 2165 3410 est
2210 3365 2463 3411 causare
2501 3347 2753 3424 abusus,
2790 3350 3158 3430 praesertim

691 3450 854 3533 apud
884 3450 1090 3514 rudes,

774 3547 900 3619 72.
936 3549 1112 3629 Quod
1158 3567 1300 3613 vero
1349 3549 1576 3612 attinet
1624 3548 1701 3612 ad
1733 3549 1923 3612 aliam
1971 3550 2386 3632 acceptionem
2433 3549 2763 3615 violentiae
2817 3552 3160 3616 secundum.

685 3651 842 3734 quid
874 3651 1117 3734 quando
1149 3649 1383 3714 scilicet
1419 3668 1540 3714 11011
1572 3651 1808 3714 invitus
1840 3650 1979 3732 quis
2019 3651 2145 3714 vim
2183 3651 2427 3715 illatam
2458 3652 2715 3734 patitur,
2749 3655 2907 3717 utut
2936 3653 3054 3719 illa
3091 3655 3156 3719 in

685 3774 748 3819 30
786 3754 1073 3819 absoluta
1108 3753 1192 3817 sit
1230 3771 1300 3816 ac
1344 3751 1735 3826 invincibilis,
1772 3753 2026 3833 planum
2073 3755 2186 3828 est,
2219 3771 2342 3817 non
2389 3754 2529 3818 tolli
2562 3754 2650 3817 sic
2687 3753 3142 3832 voluntarium,

685 3856 917 3920 scilicet
949 3856 1157 3920 adesse
1204 3854 1593 3919 voluntatem
1640 3854 1735 3917 sin
1783 3853 1988 3917 minus
2037 3854 2296 3918 actionis
2344 3856 2412 3918 at
2442 3857 2603 3918 certe
2639 3855 2967 3937 passionis.
3003 3857 3145 3920 Huc

682 3959 921 4024 faciunt
966 3977 1122 4040 (11130
1168 3957 1355 4021 habet
1401 3956 1671 4021 Thomas
1718 3957 1759 4019 l.
1801 3976 1886 4020 c.:
1922 3981 1956 4014 «
1993 3955 2436 4020 Voluntarium
2483 3958 2700 4038 potest
2748 3957 2988 4039 aliquid
3037 3959 3158 4023 dici

683 4061 1025 4143 dupliciter.
1058 4060 1199 4125 Uno
1237 4053 1428 4124 modo'
1459 4058 1794 4123 secundum
1843 4058 2166 4135 actionem,
2200 4061 2355 4141 puta
2392 4077 2533 4122 cum
2580 4058 2818 4140 aliquis
2856 4061 3000 4124 vult
3050 4061 3162 4125 ali-

682 4162 830 4243 quid
878 4182 1075 4246 agere.
1115 4161 1256 4225 Alio
1302 4161 1486 4225 modo
1520 4160 1853 4224 secundum
1888 4160 2255 4242 passionem,
2297 4160 2529 4224 scilicet
2561 4178 2704 4223 cum
2751 4161 2979 4242 aliquis
3017 4163 3158 4227 vult

685 4263 817 4344 pati
866 4264 941 4326 ab
980 4263 1122 4326 alio.
1163 4262 1337 4327 Unde
1375 4281 1513 4326 cum
1549 4263 1710 4326 actio
1740 4263 2003 4326 infertur
2036 4263 2112 4325 ab
2145 4263 2354 4343 aliquo
2402 4262 2709 4340 exteriori,
2745 4269 3043 4329 manente
3092 4266 3158 4330 in

682 4384 772 4440 eo,
800 4365 907 4447 qui
938 4365 1196 4447 patitur,
1222 4367 1547 4430 voluntate
1579 4364 1872 4446 patiendi,
1900 4383 2021 4428 non
2057 4368 2149 4428 est
2187 4364 2551 4447 simpliciter
2589 4365 2980 4438 violentumz
3007 4367 3161 4449 quia

683 4467 828 4531 licet
858 4467 962 4532 ille
1000 4468 1106 4549 qui
1142 4468 1400 4550 patitur,
1435 4486 1555 4530 non
1589 4466 1864 4530 conferat
1902 4467 2157 4550 agendo,
2185 4468 2421 4532 confert
2452 4471 2660 4533 tamen
2697 4468 2960 4534 volendo
3000 4471 3158 4553 pati.

688 4569 864 4634 Unde
900 4589 1022 4634 non
1054 4572 1259 4652 potest
1290 4569 1409 4632 dici
1440 4568 1935 4632 involuntarium
1969 4595 2029 4633 ».
