3529 5158
372 361 519 437 1483]
801 377 952 425 Qum
989 379 1330 423 »memrot«.
1371 382 1455 422 ΑΝ
1493 382 1804 422 nmirum·
1840 382 1881 420 A
1919 381 2138 435 cunm,
2174 382 2216 422 A
2254 381 2423 422 uAno
2725 368 2834 424 457

371 493 637 557 quorum
667 475 986 542 distinctio
1022 478 1298 561 apprime
1329 479 1670 556 retinenda,
1710 479 1841 543 scil.
1878 477 2169 557 defectus,
2205 478 2460 554 malunt,
2485 483 2832 559 peecatum,

371 575 573 658 culpa.

455 675 643 750 482.
678 680 767 745 Ut
804 700 841 745 a
871 683 1360 766 generalioribus
1405 684 1619 765 itaque
1666 684 2056 767 incipiamus,
2089 683 2360 762 defectus
2395 686 2460 748 et
2502 682 2739 748 malum
2767 685 2830 749 in

368 801 439 847 eo
471 783 867 861 conveniunt,
902 785 1068 865 quod
1114 788 1450 868 utrumque
1488 785 1657 850 dicat
1689 786 2039 850 absentiam
2076 786 2340 850 alicuius
2375 786 2521 850 boni
2552 805 2589 850 a
2625 806 2710 863 re,
2757 787 2831 851 de

366 903 489 967 qua
531 887 772 970 agitur:
821 887 885 950 in
931 906 1004 952 eo
1038 906 1182 952 vero
1220 888 1531 963 differunt,
1568 888 1733 969 quod
1773 887 2045 966 defectus
2089 888 2256 952 dicat
2288 888 2633 951 absentiam
2662 888 2826 965 boni,

366 988 533 1069 quod
570 1006 667 1051 res
699 1006 822 1052 non
854 991 951 1053 est
979 992 1132 1053 nata
1163 990 1387 1054 habere
1418 1010 1527 1054 seu
1558 991 1724 1072 quod
1761 1009 1886 1055 non
1916 990 2098 1053 debet
2127 989 2377 1063 habere;
2416 988 2654 1053 malum
2684 1009 2826 1056 vero

363 1088 532 1153 dicat
565 1090 911 1154 absentiam
941 1091 1107 1168 boni,
1147 1092 1313 1174 quod
1350 1111 1446 1156 res
1493 1096 1647 1156 nata
1695 1094 1792 1156 est
1847 1092 2087 1156 habere.
2136 1092 2237 1155 Ita
2284 1090 2449 1173 quod
2481 1092 2666 1157 homo
2704 1111 2825 1157 non

362 1192 593 1256 habeat
623 1192 757 1256 alas
789 1194 886 1257 est
918 1212 1127 1258 merus
1159 1193 1469 1270 defectus3
1504 1195 1675 1276 quod
1713 1213 1858 1258 vero
1892 1198 2101 1257 careat
2131 1193 2291 1267 visu,
2318 1195 2413 1258 est
2441 1195 2699 1258 malum.

452 1293 660 1375 Atque
698 1295 840 1359 hinc
875 1295 1094 1372 elucet,
1142 1296 1454 1378 quomodo
1503 1297 1750 1360 differat
1798 1316 2013 1361 sensus
2058 1315 2283 1360 vocum
2313 1298 2561 1378 neyatio
2607 1299 2671 1362 et
2682 1298 2826 1377 pri-

358 1397 525 1459 vatio
544 1416 566 1473 ,·
599 1396 798 1479 prima
829 1398 993 1460 enim
1039 1397 1126 1462 de‘
1159 1417 1328 1462 mero
1361 1397 1621 1476 defectu,
1663 1399 1865 1463 altera
1897 1398 1971 1463 de
2000 1397 2166 1461 malo
2197 1397 2443 1474 dicitur,
2484 1399 2684 1482 prima
2727 1419 2826 1464 ca-

356 1500 628 1564 rentiam
658 1500 804 1563 boni
835 1518 956 1564 non
988 1499 1181 1565 debiti
1214 1500 1546 1584 significat,
1582 1501 1853 1565 secunda
1884 1502 2226 1565 carentiam
2255 1502 2401 1565 boni
2424 1502 2637 1566 debiti.
2660 1502 2824 1567 Hinc

358 1603 636 1684 apparet,
662 1620 772 1665 cur
786 1602 1060 1665 carentia
1093 1602 1347 1666 visionis
1379 1602 1699 1667 beatificae
1715 1603 1780 1666 in
1813 1602 2049 1666 infante
2080 1605 2478 1685 praemortuo
2510 1603 2821 1685 baptismo

352 1704 600 1768 dicatur
611 1705 910 1783 privatio,
936 1704 1096 1767 unde
1120 1707 1184 1768 et
1205 1703 1442 1767 mcum
1465 1704 1587 1768 dici
1618 1705 1818 1782 debet,
1845 1705 2027 1770 videl.
2052 1704 2290 1768 malum
2306 1724 2582 1783 poenae‚·
2606 1706 2819 1770 eadem

356 1808 566 1871 autem
599 1807 874 1871 carentia
897 1806 961 1871 in
1009 1807 1343 1891 hypothesi
1386 1807 1655 1872 hominis
1695 1825 1817 1871 non
1855 1807 2082 1871 elevati
2114 1807 2191 1870 ad
2226 1806 2500 1871 ordinem
2532 1827 2821 1891 superna-

351 1908 622 1971 turalem
653 1928 764 1972 seu
793 1909 855 1973 in
889 1911 1065 1992 puris
1095 1910 1506 1986 naturalibuS,
1542 1910 1627 1973 sit
1672 1928 1843 1972 mera
1874 1909 2124 1990 neyatio
2161 1911 2225 1974 et
2255 1910 2483 1973 habeat
2512 1910 2815 1974 rationem

351 2009 724 2074 conditionis
755 2013 1083 2076 naturalis.

438 2110 904 2177 Advertendum
929 2116 1143 2177 autem
1166 2116 1279 2190 est,
1307 2132 1518 2177 vocem
1542 2110 1836 2189 defectae,
1864 2114 2230 2194 usurpatam
2254 2112 2443 2177 fuisse
2468 2112 2545 2177 ad
2577 2114 2817 2178 utrum-

354 2232 472 2294 que
502 2216 812 2279 carentiae
849 2216 1105 2280 modum
1151 2214 1644 2300 significandum,
1696 2214 1907 2298 prouti
1944 2232 2160 2297 nempe
2198 2215 2307 2279 illa
2339 2234 2455 2279 vox
2486 2217 2601 2279 aut
2630 2236 2816 2297 περα-

357 2316 471 2379 tive
504 2320 618 2382 aut
635 2319 949 2397 privative
980 2319 1419 2402 usurpabatur.

438 2418 521 2483 Et
552 2419 643 2483 ita
675 2421 925 2502 quidem
955 2441 1005 2485 s.
1041 2421 1313 2486 Thomas
1361 2422 1434 2485 de
1467 2440 1613 2485 voce
1659 2419 1933 2499 defectus
1965 2422 2026 2483 2.
2065 2420 2209 2484 dist.
2246 2421 2349 2483 35.
2385 2439 2443 2500 q.
2489 2422 2545 2484 1.
2579 2422 2698 2484 art.
2753 2422 2809 2485 1.

348 2520 426 2586 ad
468 2522 565 2586 1.:
631 2546 666 2582 α
699 2522 938 2588 Nomen
985 2522 1260 2589 defectus
1307 2525 1515 2607 potest
1561 2524 1727 2588 sumi
1775 2522 1873 2587 vel
1905 2522 2193 2607 negative
2231 2521 2328 2586 vel
2373 2522 2698 2605 privative.
2745 2521 2813 2588 Si

350 2627 642 2690 sumatur
685 2628 988 2707 neqative,
1027 2628 1115 2691 sic
1161 2646 1280 2691 non
1330 2646 1529 2703 omne,
1564 2626 1729 2709 quod
1760 2627 1950 2690 habet
1979 2625 2286 2690 defectum
2335 2625 2598 2691 alicuius
2643 2626 2809 2705 boni,

346 2728 644 2793 continuo
675 2727 914 2792 malum
947 2730 1076 2802 θείη
1112 2729 1259 2810 quia
1307 2729 1546 2793 malum
1572 2729 1855 2808 privatio
1887 2729 2009 2792 est:
2060 2727 2221 2791 unde
2258 2746 2378 2792 non
2410 2728 2507 2792 est
2549 2728 2669 2792 nisi
2714 2729 2813 2793 de-

345 2829 546 2895 fectus
591 2831 747 2908 eiua,
795 2830 960 2913 quod
1006 2831 1146 2913 quis
1192 2833 1379 2895 natus
1412 2833 1508 2895 est
1539 2833 1603 2895 et
1640 2830 1822 2895 debet
1853 2830 2094 2895 habere.
2146 2829 2210 2894 Si
2243 2832 2456 2895 autem
2473 2832 2806 2910 privative,

344 2933 435 2997 sic
456 2934 653 3016 patet,
688 2932 853 3014 quod
876 2951 997 2998 non
1024 2952 1221 3009 omne,
1249 2933 1413 3014 quod
1445 2935 1615 2997 caret
1647 2934 1857 3014 aliquo
1892 2933 2072 3009 bono,
2099 2931 2405 2996 defectum
2437 2933 2652 3006 habet;
2685 2953 2809 2998 non

343 3036 507 3100 enim
540 3037 638 3100 est
672 3035 945 3101 defectus
976 3036 1107 3101 scil.
1128 3036 1444 3115 privative
1477 3037 1537 3099 in
1570 3035 1795 3117 lapide,
1829 3035 1995 3116 quod
2028 3053 2148 3098 non
2185 3033 2354 3098 videt
2385 3060 2446 3095 ».

428 3138 574 3203 Non
608 3138 759 3203 item
783 3138 1107 3204 dicendum
1138 3139 1212 3202 de
1245 3157 1390 3201 voce
1422 3136 1676 3199 malma.
1707 3135 1879 3200 Unde
1911 3155 1960 3198 s,
1996 3135 2216 3198 Thom.
2256 3135 2312 3196 1.
2347 3154 2405 3214 q.
2440 3135 2547 3198 48.
2588 3137 2705 3199 art.
2740 3139 2802 3200 3.

351 3266 388 3298 ‹
424 3241 672 3304 Malum
717 3241 1022 3324 importat
1065 3240 1474 3305 remotionem
1520 3238 1686 3302 boni.
1737 3236 1878 3299 Non
1928 3237 2138 3298 autem
2184 3235 2498 3315 quaelibet
2542 3237 2804 3301 remotio

342 3342 494 3406 boni
540 3343 777 3407 malum
822 3342 1069 3407 dicitur.
1118 3342 1337 3405 Potest
1383 3340 1546 3404 enim
1580 3338 1771 3421 accipi
1819 3336 2081 3401 remotio
2116 3336 2356 3400 boniet
2391 3335 2696 3419 privative
2741 3340 2807 3402 et

342 3443 655 3530 negative.
694 3444 984 3510 Remotio
1030 3444 1229 3528 igitur
1275 3441 1438 3518 boni,
1488 3440 1772 3522 neyative
1820 3439 2072 3521 accepti,
2121 3437 2273 3502 mali
2318 3438 2624 3527 rationem
2682 3459 2805 3505 non

339 3549 594 3612 habet...
615 3545 732 3610 Sed
755 3547 1018 3611 remotio
1045 3545 1190 3609 boni
1204 3544 1518 3624 privative
1536 3545 1786 3625 accepta
1812 3540 2046 3605 malum
2070 3540 2316 3619 dicitur,
2342 3540 2507 3606 sicut
2535 3542 2804 3624 privatio

336 3650 511 3714 visus
550 3648 815 3712 caecitas
847 3648 1076 3712 dicitur
1100 3673 1162 3710 ».

427 3752 520 3815 Ex
553 3749 780 3832 quibus
804 3751 1000 3833 patet,
1033 3748 1343 3831 quomodo
1376 3747 1648 3828 defectus
1678 3747 1767 3810 sit
1794 3748 1864 3810 in
1881 3746 2037 3826 plus
2067 3768 2253 3827 quam
2285 3746 2539 3809 malum.
2566 3747 2805 3830 Quippe

335 3855 509 3918 notio
546 3852 840 3928 defectus,
875 3853 1096 3935 utpote
1119 3871 1277 3934 quae
1310 3850 1744 3933 complectitur
1774 3850 2180 3914 remotionem
2214 3848 2356 3913 boni
2380 3849 2508 3911 sive
2542 3848 2805 3911 indebiti

338 3956 468 4020 sive
516 3953 730 4032 debiti,
780 3956 969 4036 prout
1015 3954 1315 4037 accipitur
1361 3954 1640 4034 neyative
1689 3953 1788 4017 vel
1834 3952 2170 4031 privative,
2225 3950 2633 4013 universalior
2686 3953 2801 4030 est,

334 4077 528 4140 quam
561 4056 736 4121 notio
769 4055 944 4129 mali,
978 4075 1137 4137 quae
1170 4055 1414 4121 ambitu
1458 4073 1571 4118 suo
1619 4054 2055 4136 complectitur
2099 4055 2347 4117 tantum
2393 4053 2800 4116 remotionem

331 4161 476 4225 boni
523 4159 740 4222 debiti.

419 4257 605 4332 483.
632 4260 690 4324 N
696 4279 813 4325 unc
838 4257 1172 4324 videndum
1196 4263 1310 4336 est,
1338 4259 1646 4342 quomodo
1664 4257 1901 4321 malum
1917 4257 2080 4321 sitin
2097 4257 2235 4340 plus
2253 4276 2440 4339 quam
2452 4259 2799 4336 peceatum.

418 4365 504 4429 Et
545 4364 664 4427 hoc
700 4362 882 4427 facile
913 4360 1309 4446 intelligitur,
1343 4362 1510 4425 facta
1541 4360 1936 4425 distinctione
1973 4360 2142 4422 inter
2170 4379 2303 4422 rem
2333 4360 2692 4441 quampiam
2735 4362 2803 4425 et

331 4468 611 4533 eiusdem
643 4466 740 4528 rei
769 4464 1207 4544 operationem.
1243 4466 1461 4546 ltaque
1507 4484 1650 4528 cum
1687 4463 1956 4545 privatio
1995 4462 2138 4526 boni
2171 4481 2279 4526 seu
2315 4463 2554 4526 malum
2601 4463 2800 4546 possit

332 4570 551 4636 haberi
580 4573 722 4634 tum
750 4569 814 4631 in
862 4585 930 4631 re
976 4566 1131 4649 ipsa,
1179 4569 1318 4631 tum
1348 4568 1412 4630 in
1446 4567 1802 4648 operatione
1847 4567 1998 4642 eine,
2033 4566 2193 4629 unde
2224 4584 2554 4648 possumus
2600 4566 2798 4631 dicere
