3529 5158
720 300 830 354 338
1262 306 1472 347 1111161.
1515 305 1603 345 111.
1642 305 1726 346 nr:
1766 305 2041 347 Lamnus,
2082 305 2280 348 cAPu'r
2319 307 2357 346 1.
2396 306 2539 348 nun.
2577 307 2657 347 ιν.
3046 290 3193 366 [325]

811 406 989 480 325.
1026 408 1446 472 Nihilominus
1497 405 1808 469 affirmare
1846 404 1992 468 licet
2028 405 2095 466 1⁰
2132 424 2273 468 cum
2307 404 2483 488 Lugo
2515 404 2559 467 l.
2594 423 2645 467 6.
2696 424 2755 467 11.
2797 406 2903 467 40.
2939 422 3061 468 11011
3094 424 3191 468 16-

723 531 1017 596 pugnare,
1053 514 1127 575 ut
1173 511 1271 574 lex
1309 510 1690 573 tributorum
1717 527 1787 572 eo
1827 510 2008 591 paeto
2035 507 2271 572 feratur
2302 507 2399 571 vel
2439 507 2882 572 consuetudine
2905 507 3189 591 legitima

721 615 813 678 ita
862 615 1260 696 temperetur,
1311 614 1383 675 ut
1431 630 1554 676 non
1604 611 1841 695 obliget
1887 610 1966 673 ad
2013 609 2378 673 solvendum
2424 609 2754 684 tributum,
2805 609 2924 672 nisi
2974 609 3028 672 si
3074 609 3189 672 hoc

724 717 1030 798 exigatur.
1067 714 1229 778 Nam
1278 733 1346 778 ex
1395 733 1518 778 una
1569 717 1743 796 parte
1794 733 2059 794 aequum
2108 711 2371 788 videtur,
2429 712 2483 775 si
2537 711 2903 795 praesertim
2949 712 3188 775 tributa

729 837 853 882 non
901 836 1125 900 parum
1173 818 1299 881 sint
1348 821 1553 891 aucta,
1590 819 1663 879 ut
1710 834 1832 880 non
1881 815 2214 878 iubeantur
2261 813 2496 878 subditi
2541 833 2605 877 se
2652 815 2820 896 ipsos
2862 817 3081 896 sponte
3128 834 3189 877 re

725 941 838 986 sua
879 921 1180 1004 spoliare:
1232 939 1303 984 ex
1352 919 1476 982 alia
1525 921 1700 1001 parte
1732 917 2075 1002 legislator,
2128 918 2471 980 instructus
2510 917 2858 980 ministerio
2906 917 3004 979 tot
3050 934 3190 978 exa-

725 1027 990 1100 ctorum,
1025 1024 1230 1087 certus
1271 1041 1401 1086 esse
1440 1024 1666 1103 potest,
1701 1040 1764 1083 se
1797 1019 1961 1101 quod
1994 1020 2406 1084 necessarium
2453 1022 2548 1082 est
2595 1019 2842 1102 publico
2889 1019 3051 1082 bono
3099 1037 3191 1082 as—

726 1128 1106 1189 secuturum.
1134 1123 1525 1205 Quapropter
1571 1122 1667 1185 lex
1716 1123 1831 1186 hoc
1878 1125 2061 1204 pacto
2109 1123 2261 1196 lata,
2312 1122 2461 1185 dum
2499 1141 2562 1185 se
2619 1123 2996 1204 attemperat
3027 1121 3191 1184 infir-

725 1227 941 1291 mitati
987 1226 1328 1300 hominum,
1380 1225 1648 1289 consulit
1696 1225 1888 1288 etiam
1935 1225 2089 1287 satis
2137 1224 2451 1288 communi
2498 1224 2885 1287 necessitatis
2932 1241 3191 1304 vereque

725 1330 903 1392 utilis
951 1331 1065 1393 est.
1115 1328 1280 1411 Ergo
1329 1329 1534 1409 potest
1581 1327 1908 1410 legislator
1952 1328 2069 1389 hac
2116 1327 2231 1390 sub
2278 1325 2629 1390 conditione
2676 1327 2833 1389 ferre
2869 1325 3038 1410 leges
3086 1326 3193 1389 tri—

580 1476 598 1492 .
725 1433 1023 1496 butorum
1061 1430 1159 1494 vel
1191 1430 1553 1505 consentire,
1589 1432 1660 1492 ut
1694 1429 1925 1492 subditi
1975 1430 2090 1493 hoc
2137 1429 2321 1493 modo
2356 1447 2459 1492 eas
2505 1430 3011 1511 interpretentur.

817 1533 992 1597 Licet
1016 1533 1327 1597 affirmare
1352 1533 1421 1596 2⁰
1453 1532 1676 1596 merito
1703 1530 1897 1594 videri
1920 1531 2087 1615 leges
2126 1531 2508 1595 tributorum
2539 1531 2656 1595 hac
2679 1529 3030 1595 conditione
3061 1549 3191 1595 esse

725 1636 890 1699 latas
939 1636 1001 1698 in
1048 1635 1356 1700 modernis
1403 1635 1608 1718 regnis
1657 1637 1718 1698 et
1766 1634 2060 1715 imperiis,
2112 1631 2210 1697 Sic
2258 1633 2421 1697 enim
2468 1635 2531 1698 et
2587 1633 2732 1697 boni
2779 1633 3192 1697 communiter

723 1741 1216 1821 interpretantur
1261 1738 1416 1801 istas
1463 1738 1650 1820 legeS,
1704 1741 1776 1800 ut
1823 1736 2181 1800 nullatenus
2215 1738 2436 1818 putent
2468 1755 2531 1799 se
2563 1736 2725 1799 male
2774 1755 2958 1821 agere
2981 1736 3036 1800 si
3071 1755 3190 1800 non

725 1843 993 1916 solvant,
1028 1860 1170 1904 cum
1210 1841 1286 1904 ab
1333 1840 1421 1903 eis
1469 1840 1777 1902 tributum
1826 1858 1947 1902 non
1995 1839 2284 1922 exigitur.
2326 1837 2484 1902 Sane
2533 1857 2602 1901 eo
2652 1838 2806 1921 ipSO,
2857 1837 3022 1920 quod
3070 1857 3191 1902 non

724 1946 1067 2021 receptores
1113 1943 1383 2018 tantum,
1435 1941 1538 2004 sed
1587 1944 1905 2004 maerores
1936 1941 2320 2005 tributorum
2351 1941 2841 2016 constituuntur,
2877 1940 3028 2005 haec
3064 1961 3194 2006 esse

728 2045 973 2109 videtur
1003 2044 1267 2107 intentio
1301 2043 1754 2126 legislatorum,
1791 2046 1864 2106 ut
1896 2044 2045 2106 haec
2070 2044 2153 2105 sit
2192 2043 2520 2107 methodus
2551 2045 2884 2108 solutionis
2924 2064 3031 2128 per
3062 2065 3194 2108 exa-

727 2150 930 2212 ctores
969 2147 1203 2210 scilicet
1241 2149 1304 2210 et
1349 2146 1574 2210 idcirco
1614 2147 1845 2211 solutio
1895 2165 2015 2210 non
2064 2151 2387 2211 censeatur
2432 2147 2662 2225 debita,
2713 2147 2834 2212 nisi
2884 2149 3189 2233 exigatur.

727 2252 851 2315 Lex
884 2270 1028 2315 vero
1062 2250 1346 2334 obligans
1378 2253 1631 2314 tantum
1669 2249 1745 2312 ad
1780 2250 2173 2326 solutionem,
2210 2250 2264 2313 si
2302 2250 2607 2335 exigatur,
2649 2270 2772 2316 non
2803 2251 3032 2319 idcirco
3067 2271 3195 2334 per-

728 2354 932 2418 mittit
979 2353 1224 2417 fraudes
1271 2356 1344 2417 ut
1391 2353 1499 2435 qui
1547 2372 1653 2434 per
1700 2352 1979 2417 fraudem
2028 2373 2091 2416 se
2139 2353 2531 2417 subtraheret
2587 2354 2665 2418 ab
2725 2354 3044 2419 exactione
3097 2353 3191 2417 vel

728 2458 1034 2539 deciperet
1064 2457 1432 2530 exactorem,
1467 2473 1588 2519 non
1615 2455 1797 2518 cadat
1831 2456 1944 2518 sub
1976 2456 2196 2538 legem.
2217 2453 2475 2534 Quando
2493 2457 2657 2520 enim
2688 2457 2787 2521 lex
2819 2458 2960 2521 vult
2989 2458 3191 2522 solum

728 2560 1006 2643 obligare
1037 2557 1319 2623 subditos
1359 2557 1436 2621 ad
1470 2556 1833 2621 solvendum
1858 2557 2128 2641 exigenti
2160 2557 2489 2635 tributum,
2530 2560 2760 2625 statuit
2792 2559 3045 2642 quidem
3066 2579 3193 2624 mo-

726 2663 895 2736 dum,
931 2680 1053 2742 quo
1103 2660 1405 2743 obligatio
1455 2660 1798 2723 executioni
1848 2659 2196 2723 mandanda
2244 2664 2356 2737 est,
2407 2661 2512 2725 sed
2560 2680 2680 2726 non
2730 2662 2901 2726 tollit
2960 2663 3192 2746 obliga-

725 2764 961 2828 tionem
998 2762 1185 2843 (quae
1223 2762 1662 2825 conscientiam
1696 2762 1917 2841 afficit)
1958 2762 2266 2827 solvendi:
2303 2765 2519 2827 contra
2544 2783 2680 2828 eam
2720 2767 2933 2828 autem
2963 2765 3191 2829 directe

726 2865 899 2938 facit,
940 2864 1048 2946 qui
1095 2863 1309 2928 fraude
1356 2862 1579 2939 utitur,
1616 2866 1688 2927 ut
1736 2866 2118 2929 exactionem
2156 2866 2417 2949 effugiat
2451 2866 2547 2929 rel
2601 2866 2783 2930 fallat
2821 2870 3188 2931 exactorem.

815 2968 903 3032 At
950 2967 1004 3031 si
1048 2967 1145 3031 lex
1192 2967 1275 3030 sit
1307 2967 1540 3030 iniusta
1581 2967 1678 3030 vel
1711 2986 1782 3030 ex
1814 2966 2055 3031 defectu
2086 2968 2404 3051 legitimae
2431 2969 2827 3033 auctoritatis
2860 2968 2959 3032 vel
2990 2969 3191 3033 iustae

728 3090 953 3135 causae
1002 3073 1113 3134 aut
1158 3069 1312 3133 iusti
1357 3069 1544 3143 modi,
1581 3069 1856 3152 profecto
1890 3089 2009 3133 non
2052 3070 2330 3152 obligato
2379 3089 2488 3134 nec
2525 3070 2645 3133 nisi
2678 3070 2754 3134 ad
2792 3070 3060 3136 maiores
3099 3090 3192 3134 ca-

730 3174 959 3238 vendas
997 3172 1352 3238 vexationes
1387 3172 1699 3254 oportebit
1745 3173 1981 3236 solvere
2021 3176 2234 3235 exacta
2282 3172 2541 3236 tributa.

819 3273 997 3347 326.
1039 3275 1200 3355 Quid
1248 3275 1300 3338 si
1348 3274 1668 3338 dubitetur
1705 3274 1778 3337 de
1817 3275 2062 3338 iustitia
2094 3275 2364 3339 tributi?
2411 3274 2477 3338 Si
2522 3275 2781 3339 dubium
2826 3277 2912 3340 sit
2959 3279 3195 3362 negati⁴

731 3398 900 3455 vum,
949 3375 1466 3459 praesumendum
1513 3376 1826 3440 videretur
1873 3376 1935 3439 in
1984 3377 2257 3440 favorem
2289 3376 2466 3461 legis,
2501 3377 2582 3440 Et
2625 3378 2718 3441 ita
2764 3397 2978 3461 reapse
3026 3398 3195 3462 prae-

729 3476 1102 3544 sumendum
1148 3477 1482 3540 decernunt
1528 3477 1783 3558 quidam
1830 3498 1971 3541 cum
2017 3479 2250 3551 Lessio,
2300 3498 2455 3561 quos
2488 3479 2645 3543 citat
2677 3479 2854 3565 Lugo
2893 3479 3049 3564 disp.
3084 3481 3191 3544 cit.

727 3602 788 3645 n.
841 3580 969 3655 86„
1019 3579 1127 3660 qui
1159 3580 1368 3641 tamen
1418 3580 1628 3643 subdit
1683 3580 1944 3643 alteram
1979 3581 2352 3645 sententiam
2382 3582 2505 3646 fere
2539 3601 2931 3646 communem
2970 3602 3196 3667 negare

722 3685 788 3747 in
837 3683 954 3746 hac
999 3681 1329 3765 hypothesi
1375 3682 1820 3766 obligationem
1869 3683 2166 3747 solvendi.
2201 3685 2592 3767 Argumenta
2626 3686 2855 3761 tamen,
2890 3704 3051 3766 quae
3082 3703 3194 3768 pro

722 3804 794 3851 ea
843 3784 1185 3848 afferuntur
1216 3802 1287 3846 ex
1319 3784 1502 3847 certis
1552 3784 1827 3866 antiquis
1867 3786 2109 3869 legibus
2148 3790 2210 3849 et
2243 3805 2401 3867 quae
2433 3785 2638 3863 videre
2670 3787 2815 3850 licet
2862 3787 3027 3870 apud
3051 3806 3197 3851 eun·

648 3965 652 3969 .
721 3888 858 3951 dem
905 3886 1107 3970 Lugo,
1144 3889 1291 3950 sunt
1325 3887 1478 3949 satis
1516 3886 1785 3950 infirma.
1813 3888 2112 3965 Quocirca
2153 3887 2330 3972 Lugo
2379 3888 2538 3952 hanc
2570 3889 2945 3953 sententiam
2977 3889 3196 3972 proba-

721 3992 1006 4055 biliorem
1054 3989 1304 4070 quidem
1353 3990 1559 4059 habet.
1595 3990 1699 4053 sed
1746 3991 1862 4054 hoc
1895 3994 2077 4073 pacto
2112 3993 2545 4074 temperatam,
2574 3991 2836 4055 scilicet:
2878 4018 2911 4049 «
2946 3992 3193 4075 quando

722 4094 889 4158 facta
937 4092 1145 4156 debita
1196 4091 1525 4175 diligentia
1578 4091 1655 4155 ad
1702 4092 1961 4156 dubium
2008 4093 2451 4176 expellendum,
2486 4094 2630 4159 sciri
2676 4114 2799 4159 non
2847 4098 3055 4178 potest
3084 4116 3197 4160 1166

726 4195 988 4261 iudicari
1037 4195 1228 4258 etiam
1274 4194 1679 4276 probabiliter
1725 4196 2036 4259 tributum
2083 4215 2213 4260 esse
2258 4196 2517 4273 iustum,
2566 4215 2688 4262 non
2752 4197 2998 4263 videtur
3045 4198 3198 4263 obli-

730 4298 972 4382 gandus
998 4296 1286 4361 subditus
1313 4295 1390 4360 ad
1415 4296 1570 4360 illud
1590 4298 1956 4362 solvendum
1973 4323 2033 4362 ».
2056 4299 2388 4364 Rationem
2412 4300 2655 4364 subdit:
2684 4324 2719 4357 <‹
2743 4301 2893 4381 quia
2916 4301 2977 4365 in
3004 4301 3196 4366 dubio

731 4420 970 4483 semper
1004 4419 1158 4464 onus
1192 4399 1492 4482 probandi
1525 4400 1830 4466 incumbit
1868 4402 1924 4466 ei
1972 4403 2081 4484 qui
2117 4403 2275 4486 petit
2308 4427 2369 4466 ».
2405 4401 2522 4467 Sed
2561 4422 2759 4467 nonne
2795 4404 2859 4468 in
2897 4403 3086 4469 dubio
3119 4405 3197 4469 de

732 4504 978 4568 iustitia
1002 4503 1178 4583 legiS‚
1208 4504 1718 4584 praesumendum
1746 4508 1840 4569 est
1875 4525 1981 4587 pro
2008 4506 2183 4589 lege?
2210 4506 2561 4588 Respondet
2592 4506 2780 4571 idem:
2824 4534 2857 4565 ε(
2882 4526 3199 4590 praesum-
