3529 5158
678 359 748 413 14
1119 368 1331 409 macr.
1371 369 1410 407 1.
1449 370 1535 408 nn
1570 367 1826 410 ac'rmus
1863 369 2155 410 nunnius.
2194 367 2392 410 CAPUT
2429 368 2494 407 11.
2533 355 2584 423 ξ.
2623 354 2674 407 2.
3027 356 3134 430 [17]

675 467 884 532 10011111
914 466 1308 549 imperfectus
1354 484 1701 540 consensus»,
1736 464 1857 528 nisi
1903 484 1975 529 ex
2019 464 2376 546 imperfecta
2422 463 2775 548 cognitione
2820 466 2884 528 et
2912 464 3139 531 delibe-

675 569 955 641 ratione;
1005 587 1151 631 nam
1194 567 1590 649 imperfectus
1645 583 1976 630 consensus
2022 584 2094 630 ex
2150 566 2390 631 defectu
2444 566 2659 649 plenae
2712 566 3136 634 inclinationis

678 670 872 734 animi
920 669 1186 752 pertinet
1233 667 1442 750 potius
1492 668 1569 731 ad
1615 671 1972 748 sequentem
2019 669 2437 750 partitionem.

764 772 1200 854 Imperfectum
1224 774 1320 835 est
1355 771 1796 847 voluntarium,
1824 771 1878 834 si
1907 770 2239 835 imminuta
2270 774 2335 835 et
2363 771 2719 851 imperfecta
2744 771 2829 835 sit
2858 773 3134 856 cognitio

675 876 739 938 et
771 892 892 937 non
926 873 1104 955 plena
1137 872 1517 936 deliberatio.
1547 872 1618 935 Id
1643 891 1787 936 vero
1811 872 2076 936 maxime
2101 872 2410 956 contingit
2437 872 2503 934 in
2531 872 2868 954 repentinis
2901 875 3137 940 eventis

678 996 733 1039 v.
769 997 861 1061 gr.
888 976 952 1038 in
984 976 1206 1039 timore
1240 974 1519 1049 incendii,
1548 974 1611 1037 in
1646 974 1794 1057 fuga
1829 993 1864 1038 a
1898 974 2203 1055 periculis,
2237 976 2301 1039 111
2329 974 2541 1039 subita
2572 974 2691 1038 ira:
2727 975 2887 1039 unde
2919 976 3140 1042 condo-

676 1081 863 1142 natur
910 1078 1009 1141 vel
1052 1077 1357 1141 minuitur
1402 1077 1467 1139 in
1513 1076 1784 1140 humano
1832 1076 2059 1140 iudicio
2114 1095 2310 1159 poena
2354 1076 2582 1141 marito
2639 1080 2751 1140 aut
2797 1078 2981 1159 patri,
3030 1078 3140 1159 qui

677 1200 930 1245 uxorem
975 1180 1246 1243 filiamve
1293 1179 1728 1261 deprehensam
1776 1178 1840 1241 in
1888 1178 2191 1243 adulterio
2241 1179 2497 1244 occidat.
2547 1179 2878 1261 Multiplex
2926 1183 3140 1245 autem

675 1302 749 1346 ea
794 1283 857 1346 in
906 1301 967 1345 re
1014 1282 1278 1345 habetur
1323 1280 1610 1365 gradatio
1658 1282 1722 1343 et
1768 1280 2125 1362 saepissime
2172 1281 2357 1344 homo
2406 1280 2620 1344 sedata
2667 1280 2860 1344 animi
2906 1283 3138 1364 tempe-

674 1386 840 1447 state
888 1403 995 1447 seu
1042 1383 1374 1465 pleniorem
1424 1402 1494 1445 ac
1540 1381 2035 1463 tranquilliorem
2082 1382 2170 1445 rei
2214 1381 2630 1465 cognitionem
2686 1381 2965 1464 adeptus,
3001 1402 3140 1464 poe-

676 1486 973 1550 nitentiae
1006 1505 1253 1549 sensum
1300 1484 1609 1566 experitur
1654 1502 1840 1564 seque
1886 1483 2340 1565 imprudentem
2385 1483 2573 1547 fuisse
2621 1483 2935 1560 clamitat3
2971 1479 3138 1565 quod

673 1589 925 1673 signum
972 1590 1065 1652 est
1109 1586 1463 1660 identidem,
1500 1586 1926 1650 voluntarium
1973 1586 2162 1649 fuisse
2209 1585 2656 1667 imperfectum.

781 1712 829 1782 c)
863 1714 911 1764 ln
939 1709 1269 1764 voluntarium
1308 1724 1617 1763 smmmrsn
1658 1715 1706 1763 et
1742 1708 1792 1762 in
1833 1707 2161 1762 voluntarium
2199 1723 2462 1761 3110οΝ01111
2503 1724 2634 1770 Quin.
2662 1711 2797 1761 Hanc
2835 1708 3127 1763 divisionem

674 1796 760 1851 alii
784 1795 924 1850 aliter
951 1801 1257 1861 proponunt:
1285 1793 1447 1862 aptius
1472 1800 1633 1846 autem
1660 1792 1730 1846 illi
1752 1797 1911 1846 facere
1940 1792 2179 1855 videntur,
2207 1791 2304 1857 qui,
2334 1792 2416 1845 ubi
2445 1792 2570 1846 adsit
2608 1806 2876 1846 consensus
2901 1795 2990 1847 sed
3015 1809 3127 1847 cum

676 1882 835 1946 aliqua
857 1878 1189 1945 repugnantia,
1212 1885 1371 1931 actum
1393 1880 1638 1944 appellant
1659 1876 1988 1930 voluntarium
2014 1874 2302 1943 simpliciter
2320 1890 2407 1930 seu
2434 1878 2658 1930 absolute
2678 1884 2725 1930 et
2745 1876 3127 1931 involuntarium

676 1968 941 2020 secundum
968 1966 1115 2033 quid;
1148 1973 1333 2030 contra,
1362 1966 1405 2019 si
1431 1973 1631 2030 negetur
1659 1981 1928 2020 consensus
1954 1966 2027 2020 rei
2055 1981 2180 2032 quae
2200 1965 2386 2032 alioqui
2411 1969 2586 2033 placet,
2609 1973 2768 2021 actum
2799 1966 2970 2022 dicunt
2991 1967 3133 2023 invo-

678 2050 935 2106 luntarium
968 2050 1253 2118 simpliciter
1290 2065 1379 2104 seu
1420 2054 1659 2115 absolute,
1705 2050 2035 2106 voluntarium
2075 2066 2189 2104 vcro
2229 2053 2495 2105 secundum
2534 2051 2667 2117 quid.

768 2169 865 2242 17.
902 2173 1212 2236 Nimirum
1260 2191 1379 2237 non
1428 2172 1640 2236 eodem
1686 2172 1869 2236 modo
1920 2172 1996 2235 ab
2046 2173 2330 2237 omnibus
2360 2173 2511 2236 haec
2557 2173 2873 2239 distinctio
2922 2193 3140 2258 propo-

678 2275 865 2338 nitur.
898 2275 1028 2338 Alii
1074 2274 1237 2341 enim
1284 2274 1668 2338 confundunt
1712 2274 1872 2338 hanc
1916 2274 2376 2338 distinctionem
2422 2294 2563 2337 cum
2609 2275 3025 2357 praecedente,
3066 2279 3140 2340 ut

678 2377 1102 2441 voluntarium
1159 2376 1521 2458 simpliciter
1576 2375 1660 2440 sit
1715 2375 2140 2440 voluntarium
2203 2376 2540 2458 perfectum
2595 2380 2659 2440 et
2712 2378 3139 2443 voluntarium

675 2478 1010 2542 secundum
1057 2478 1207 2559 quid
1253 2479 1339 2541 sit
1382 2478 1809 2541 voluntarium
1855 2477 2302 2559 imperfectum.
2336 2477 2461 2541 Alii
2509 2480 2674 2555 sunt,
2708 2479 2818 2560 qui
2847 2478 3140 2544 volunta-

676 2585 836 2648 rium
886 2585 1248 2667 simpliciter
1294 2585 1506 2648 dicunt
1550 2584 1727 2661 illud,
1779 2585 1944 2666 quod
1991 2584 2264 2666 procedit
2297 2605 2332 2648 a
2364 2584 2544 2668 plena
2590 2585 2936 2651 voluntatis
2967 2587 3139 2651 incli-

678 2686 926 2750 natione
958 2687 1087 2749 sine
1119 2687 1249 2749 ulla
1295 2687 1726 2770 repugnantia,
1762 2686 2186 2750 voluntarium
2219 2706 2359 2750 vero
2394 2687 2728 2751 secundum
2762 2688 2909 2770 quid
2942 2689 3138 2772 (quod

674 2788 925 2870 quidem
956 2787 1169 2851 dicunt
1216 2788 1406 2851 etiam
1451 2788 1745 2870 mixtum)
1778 2787 1933 2850 illud
1980 2792 2224 2865 vocant,
2259 2790 2423 2871 quod
2461 2789 2734 2873 procedit
2781 2791 3030 2873 quidem
3069 2813 3142 2857 ex

679 2890 1021 2954 voluntatis
1078 2889 1478 2971 propensione
1536 2889 1824 2970 quadam,
1876 2889 1978 2953 sed
2034 2908 2174 2953 011111
2232 2891 2440 2973 aliqua
2487 2893 2916 2977 repugnantia.
2967 2893 3138 2973 Quae

674 2991 923 3072 quidem
980 2989 1305 3073 explicatio
1363 2990 1565 3054 differt
1613 3011 1648 3054 a
1696 2990 2131 3073 praecedente3
2183 2992 2406 3075 quippe
2460 2995 2872 3077 repugnantia
2929 2995 3141 3060 adesse

678 3096 901 3177 potest,
950 3093 1058 3156 ubi
1106 3092 1462 3176 plenissima
1518 3093 1602 3156 sit
1656 3092 1972 3177 cogniti03
2025 3093 2182 3156 unde
2230 3093 2540 3158 differrent
2596 3096 3025 3179 imperfectum
3074 3101 3135 3161 et

675 3197 1011 3260 secundum
1059 3195 1226 3277 quid.

764 3298 997 3362 Verum
1046 3298 1226 3361 aliter
1272 3316 1334 3361 se
1382 3297 1569 3360 habet
1616 3297 1966 3362 scholarum
2010 3294 2357 3361 'communis
2403 3316 2573 3371 113113,
2611 3317 2646 3360 a
2693 3318 2814 3379 quo
2863 3320 2981 3363 usu
3017 3321 3140 3366 non

676 3405 771 3465 est
800 3401 1220 3464 recedendum.
1248 3399 1414 3464 Usus
1447 3400 1798 3465 scholarum
1823 3401 2034 3482 itaque
2060 3403 2172 3476 est,
2200 3403 2272 3463 ut
2295 3400 2406 3462 isti
2429 3400 2677 3463 termini
2710 3401 3137 3480 adhibeantur,

676 3503 783 3566 ubi
829 3500 989 3564 idem
1024 3504 1200 3564 actus
1246 3502 1433 3564 habet
1466 3502 1699 3583 aliquid
1747 3503 2086 3566 voluntarii
2118 3504 2180 3566 et
2226 3503 2412 3568 simul
2460 3502 2694 3584 aliquid
2731 3503 3142 3570 involuntarii

675 3606 740 3668 et
770 3603 1016 3686 quidem
1065 3622 1135 3666 ex
1183 3605 1356 3684 parte
1389 3603 1596 3684 potius
1643 3604 2062 3668 inclinationis
2111 3603 2455 3669 voluntatis
2488 3623 2677 3687 quam
2723 3625 2792 3670 ex
2832 3609 3006 3688 parte
3040 3628 3137 3673 co·

674 3707 994 3792 gnitioniS.
1022 3704 1218 3771 Casus
1250 3707 1446 3790 igitur
1478 3709 1589 3783 est,
1617 3707 1862 3788 quando
1896 3707 2119 3789 duplex
2150 3708 2514 3790 proponitur
2547 3709 2855 3773 obiectum
2888 3710 3142 3794 (duplex

678 3811 891 3874 autem
939 3808 1247 3874 obiectum
1296 3808 1488 3885 adest,
1539 3809 1786 3872 etiamsi
1835 3811 2060 3894 agatur
2107 3810 2311 3873 solum
2357 3809 2428 3873 de
2475 3829 2598 3874 una
2645 3830 2709 3875 re
2758 3812 2994 3896 agenda
3043 3814 3144 3878 vel

676 3932 800 3978 non
833 3911 1069 3997 agenda
1102 3931 1211 3975 seu
1259 3911 1331 3975 de
1361 3910 1650 3976 libertate
1698 3911 2231 3995 contradictionis)
2257 3913 2319 3977 et
2367 3912 2657 3977 voluntas
2690 3912 2961 3978 afficitur
2992 3933 3142 3999 erga

678 4018 1053 4096 utrumque;
1105 4015 1210 4079 sed
1256 4034 1397 4078 cum
1445 4016 1779 4095 utrumque
1843 4014 2130 4096 amplecti
2193 4034 2313 4077 non
2367 4014 2583 4095 possit,
2634 4034 2828 4079 unum
2873 4017 3144 4098 praefert

676 4117 892 4180 alteri:
946 4118 1081 4180 vult
1128 4120 1481 4199 utrumque,
1531 4117 1636 4181 sed
1680 4116 1775 4180 ita
1822 4120 1896 4179 ut
1944 4115 2094 4180 velit
2126 4135 2322 4180 unum
2351 4116 2574 4199 magis,
2608 4117 2772 4198 quod
2818 4119 3143 4200 propterea

683 4217 880 4300 eligit,
933 4217 1101 4280 aliud
1146 4218 1370 4294 minus,
1406 4220 1568 4301 quod
1616 4218 1842 4282 idcirco
1891 4219 2220 4301 posthabet
2266 4220 2328 4282 et
2374 4218 2701 4300 relinquit:
2752 4239 2899 4305 erga
2945 4240 3144 4286 unum

683 4319 974 4383 voluntas
1023 4320 1294 4405 assurgit
1342 4321 1688 4397 efficaciter,
1739 4340 1886 4403 erga
1935 4321 2200 4384 alterum
2247 4320 2643 4385 inefficaciter
2688 4322 2750 4385 et
2794 4321 2930 4386 ideo
2979 4323 3142 4388 circa

681 4439 874 4483 unum
907 4420 1170 4485 habetur
1218 4423 1523 4498 voluntas,
1559 4421 1720 4485 circa
1767 4421 1938 4485 aliud
1983 4421 2284 4499 velleii-as,
2319 4423 2381 4486 in
2428 4441 2622 4487 unum
2667 4423 2862 4487 fertur
2895 4423 3140 4490 animus

684 4522 984 4600 absolute,
1017 4524 1081 4588 in
1130 4525 1396 4590 alterum
1442 4523 1885 4600 conditionate,
1912 4524 2031 4588 nisi
2078 4524 2310 4590 scilicet
2355 4523 2526 4608 prius
2573 4525 2658 4589 sit
2704 4525 3139 4591 amittendum.

680 4623 841 4689 Hinc
871 4625 1059 4690 dictio
1109 4625 1445 4690 voluntatis
1490 4625 1810 4690 absolutae
1839 4645 1949 4691 scu
1993 4626 2296 4707 sinwlicis
2328 4630 2390 4691 et
2427 4625 2768 4692 voluntatis
2802 4627 3144 4692 secundum
