3529 5158
1334 344 1679 386 PRAEFATIO
1716 344 2004 385 Enl‘roms
2837 342 2904 381 lx

529 450 881 528 Quoniam,
913 452 994 510 ut
1025 448 1155 509 iam
1188 446 1583 524 monuimus,
1612 446 1802 522 Opus
1833 442 2155 505 Ballerini
2190 448 2294 504 est
2325 447 2694 520 perpetuus
2726 458 2903 502 com-

440 566 808 627 mentarius
855 565 1173 625 Medullae
1220 563 1689 638 Busembaum,
1733 561 1995 623 edimus
2042 578 2182 621 una
2226 578 2375 621 cum
2425 560 2560 637 illo,
2613 557 2904 634 singulis

444 682 581 742 suis
618 680 800 758 10018,
833 683 1095 741 textmn
1128 695 1392 756 quoque
1423 679 1624 739 huius
1658 678 1998 755 AuctoriS,
2033 678 2289 739 minore
2320 678 2703 737 charactere
2733 675 2904 735 suis-

445 814 574 873 que
629 796 917 872 propriis
970 794 1266 856 numeris
1312 794 1724 857 distinctum.
1778 794 1953 868 Quia
2005 811 2165 856 vero
2224 793 2290 853 in
2356 793 2559 852 huius
2616 791 2902 851 Medulla

445 912 907 973 desiderantur
936 914 1078 972 tum
1130 912 1480 972 Tractatus
1517 912 1591 970 de
1620 911 1888 971 Actibus
1919 910 2244 970 Humanis
2292 916 2433 970 tum
2488 926 2642 985 pars
2693 909 2908 985 prima

448 1030 797 1090 Tractatus
843 1029 918 1087 de
963 1027 1233 1087 Iustitia
1280 1033 1338 1087 et
1386 1026 1563 1103 Iure,
1606 1042 1836 1087 eorum
1884 1025 2133 1087 idcirco
2179 1026 2517 1103 synopsim
2559 1025 2646 1086 ad
2692 1025 2907 1111 instar

448 1144 798 1221 Medullae,
840 1144 1109 1204 seorsim
1161 1142 1482 1203 Ballerini
1528 1141 1907 1203 confecerat
1952 1148 2022 1203 et
2052 1142 2354 1203 ediderat
2384 1146 2585 1217 atque
2635 1141 2907 1217 utrique

449 1262 737 1339 synopsi,
765 1278 897 1322 non
924 1280 1114 1324 secus
1144 1279 1222 1323 ac
1257 1261 1477 1322 textui
1500 1260 1971 1337 Busembaum,
1999 1276 2155 1320 suos
2179 1258 2687 1320 commentarios
2719 1262 2908 1333 apta-

451 1382 657 1439 verat.
680 1378 823 1438 Has
847 1394 1005 1455 ergo
1029 1394 1350 1455 synopses
1380 1394 1501 1438 suo
1525 1378 1666 1438 loco
1689 1393 1814 1437 nos
1836 1375 2098 1437 edimus
2123 1391 2245 1436 nec
2268 1391 2438 1450 opus
2466 1374 2596 1434 erit
2620 1373 2908 1448 amplius

452 1510 735 1569 monere,
759 1498 1020 1555 textum
1043 1495 1412 1556 minoribus
1443 1494 1937 1555 characteribus
1976 1509 2360 1569 expressum
2396 1492 2465 1552 in
2492 1493 2810 1552 Tractatu
2835 1492 2910 1551 cle

449 1609 713 1669 Actibus
745 1608 1067 1670 Humanis
1099 1613 1167 1671 et
1212 1611 1285 1670 in
1331 1612 1543 1686 prima
1589 1614 1781 1687 parte
1826 1610 1902 1669 (18
1947 1608 2220 1669 Iustitia
2266 1614 2324 1667 et
2374 1607 2411 1666 1
2423 1625 2548 1685 ure,
2584 1625 2717 1667 non
2765 1623 2910 1667 esse

451 1724 916 1803 Busembaum,
958 1726 1133 1786 sicut
1178 1726 1250 1785 in
1297 1726 1556 1803 ceteris,
1592 1724 1708 1786 sed
1756 1724 2102 1785 Ballerini.

543 1841 760 1902 Semel
806 1842 1009 1902 etiam
1057 1843 1442 1902 Tractatum
1489 1858 1526 1901 e
1572 1842 1716 1902 loco
1750 1839 2104 1917 movimus,
2140 1855 2336 1913 quem
2386 1836 2601 1898 eidem
2634 1839 2911 1897 Busem-

454 1956 648 2017 baum
675 1957 1008 2018 tribuerat
1043 1960 1112 2017 et
1141 1957 1273 2017 alio
1305 1957 1793 2017 transtulimus.
1817 1956 2199 2017 Tractatum
2228 1969 2465 2027 nempe
2497 1953 2572 2012 de
2604 1951 2906 2030 Peccatis,

455 2088 648 2147 quem
684 2073 1129 2133 Busembaum
1164 2071 1590 2133 Tractatibus
1621 2071 1702 2132 de
1736 2070 2143 2147 Praeceptis,
2178 2069 2293 2130 ubi
2334 2068 2615 2144 proinde
2653 2067 2735 2128 de
2775 2069 2910 2128 sin-

454 2189 631 2266 gulis
676 2188 967 2265 peccatis
1013 2188 1258 2266 agitur,
1299 2188 1692 2263 subiecerat,
1742 2187 1958 2246 veluti
1998 2186 2358 2264 epilogum,
2400 2202 2522 2246 nos
2568 2184 2911 2246 revocavi-

454 2321 602 2365 mus
656 2305 964 2381 superius
1018 2304 1196 2365 inter
1248 2306 1602 2365 Tractatus
1657 2301 2020 2379 generaleS,
2069 2301 2185 2360 ubi
2241 2302 2386 2361 iure
2442 2302 2663 2361 sedem
2721 2318 2908 2361 suam

454 2420 757 2482 obtinere
786 2436 979 2481 nemo
1010 2420 1303 2498 negabit.
1326 2419 1618 2480 Tandem
1652 2436 1802 2479 cum
1836 2416 2287 2477 Balleriuiana
2310 2416 2696 2477 adversa-ria
2732 2417 2910 2477 evol-

455 2541 692 2598 ventes
723 2537 791 2597 in
831 2537 1190 2598 nonnullas
1221 2534 1652 2597 inciderimus
1684 2533 2192 2595 dissertationes
2221 2531 2306 2594 de
2343 2548 2413 2593 re
2454 2532 2706 2610 morali,
2742 2548 2912 2609 qnae

456 2654 1063 2714 maxime-idoneae
1099 2654 1284 2714 visae
1330 2657 1490 2713 sunt
1521 2651 1721 2712 certis
1752 2650 2263 2727 quaestionibus
2309 2649 2744 2727 elucidandis,
2792 2651 2915 2710 has

456 2769 542 2831 ad
588 2770 834 2830 calcem
879 2769 1261 2847 voluminis,
1300 2770 1371 2829 in
1411 2784 1544 2845 quo
1589 2785 1705 2829 eae
1751 2767 2182 2843 quaestiones
2227 2771 2545 2844 aguntur,
2578 2782 2914 2842 apponere

458 2904 592 2947 non
638 2885 1116 2946 dubitavimus.

552 3002 756 3063 Utere
802 3018 979 3078 erg0‚
1019 3001 1191 3061 bone
1225 3001 1452 3077 lector,
1490 3000 1714 3062 fructu
1746 3000 2120 3061 studiorum
2153 2999 2388 3076 optimi
2433 3000 2658 3060 Patris
2703 3015 2915 3075 eoque

455 3118 681 3178 animo
728 3119 891 3178 haec
935 3117 1101 3195 lege,
1141 3133 1275 3193 quo
1323 3116 1572 3192 scripta
1618 3119 1800 3192 sunt,
1834 3120 1915 3176 ut
1960 3116 2218 3176 scilicet
2249 3116 2389 3176 suis
2435 3116 2723 3190 propriis
2762 3115 2917 3175 soli-

454 3234 697 3310 disque
742 3232 1200 3294 fundamentis
1232 3233 1466 3293 innixa
1511 3231 1876 3306 Theologia
1923 3231 2197 3290 Moralis
2243 3246 2355 3288 eas
2401 3231 2668 3304 regulas
2700 3235 2920 3290 certas

457 3349 889 3430 suppeditare
911 3350 1154 3427 valeat,
1189 3349 1435 3425 quibus
1462 3344 1874 3407 Sacramenti
1901 3343 2369 3404 Poenitentiae
2402 3342 2719 3420 Ministri,
2748 3343 2920 3402 laxis

457 3465 711 3543 pariter
755 3484 831 3527 ac
877 3467 1113 3543 rigidis
1159 3463 1591 3541 opinionibus
1635 3460 1948 3539 dimissis,
1981 3460 2053 3520 in
2101 3460 2374 3520 iudiciis
2406 3459 2700 3521 ferendis
2732 3462 2803 3520 et
2848 3458 2916 3518 in

460 3585 891 3646 conscientiis
935 3583 1246 3660 regendis
1292 3598 1415 3658 pro
1460 3580 1792 3658 dignitate
1828 3581 2129 3639 utantur.
