3529 5158
683 306 791 361 396
1190 319 1402 359 rarior.
1442 318 1533 358 111.
1574 317 1657 356 nn
1694 314 1972 357 nmmos.
2012 314 2210 355 cunr
2248 315 2328 355 1v.
2366 315 2509 356 nnn.
2548 316 2628 356 ιν.
3000 302 3147 378 [4oe]

683 417 890 494 rebuS‚
929 435 1090 497 quae
1121 414 1474 497 frequenter
1505 414 1865 478 occurrant:
1913 411 2003 476 ita
2050 411 2365 494 dispensat
2408 411 2473 475 in
2522 411 2976 491 impedimentis
3022 435 3144 477 ma-

686 518 989 590 trimonii,
1021 518 1088 581 in
1119 515 1720 598 irreyularitatibus,
1770 514 1833 578 in
1881 515 2037 577 votis
2082 513 2417 577 reservabis
2453 516 2518 578 et
2562 515 2884 580 eiusmodi.
2934 516 3141 591 Ratio,

535 603 558 629 ¹
685 620 912 702 inquit,
940 640 987 683 s,
1021 620 1208 702 Alph.
1242 640 1299 682 n.
1340 620 1508 695 190„
1543 619 1691 701 quia
1721 617 1786 681 id
1818 616 2059 700 expedit
2089 616 2167 680 ad
2198 616 2432 681 bonum
2460 634 2785 681 commune
2817 636 2889 681 ac
2919 618 3143 684 damna

685 724 1108 804 sequerentur,
1158 722 1211 785 si
1258 720 1697 786 recurrendum
1752 719 1829 784 ad
1876 719 2253 802 superiorem
2298 718 2476 783 foret.
2525 718 2609 782 Et
2651 718 2901 801 quidem
2955 720 3141 785 etiam

683 825 747 889 in
795 825 891 888 his
939 825 1228 907 Episcopi
1272 824 1599 889 censentur
1641 822 1994 905 dispensare
2038 821 2172 885 iure
2218 819 2584 896 ordinario,-
2631 821 2779 902 quia
2825 822 2976 887 talis
3020 823 3142 887 iuis

682 927 952 991 facultas
998 927 1297 1011 competit
1340 926 1580 991 ratione
1612 924 1820 999 officii,
1854 924 1956 988 cui
1986 924 2081 987 est
2110 925 2406 1006 perpetuo
2440 923 2672 987 adnexa
2719 924 2785 988 et
2828 923 2967 989 ideo
3012 944 3144 1009 pos-

684 1032 834 1094 sunt
879 1049 1017 1094 eam
1063 1030 1364 1114 delegare.

775 1133 857 1195 Et
889 1132 1139 1214 quidem
1183 1131 1504 1215 Episcopis
1536 1130 1685 1195 haec
1715 1129 1984 1193 facultas
2015 1129 2330 1211 competit,
2366 1132 2437 1192 ut
2475 1131 2657 1193 notat
2692 1127 2845 1193 bene
2876 1148 2926 1193 s.
2960 1128 3140 1213 Alph.

686 1235 730 1297 1.
763 1252 837 1307 c.,
877 1234 1126 1299 etiamsi
1159 1234 1434 1316 alioquin
1472 1232 1670 1296 facilis
1705 1231 1862 1297 foret
1893 1250 2176 1296 recursus
2198 1250 2321 1297 non
2353 1231 2602 1313 quidem
2634 1231 2711 1296 ad
2740 1234 3140 1315 superiorem,

687 1336 819 1399 scil.
857 1336 1242 1412 Pontificem,
1275 1335 1381 1399 sed
1428 1336 1507 1399 ad
1553 1335 1908 1416 quempiam
1944 1334 2159 1406 alium,
2193 1335 2303 1415 qui
2339 1353 2411 1398 ex
2454 1334 2780 1419 privilegio
2817 1335 3144 1400 Pontificio

688 1437 1055 1502 facultatem
1087 1438 1316 1502 habeat
1347 1436 1756 1521 dispensandi,
1792 1456 1850 1500 v.
1884 1457 1977 1520 gr.
2015 1435 2092 1500 ad
2123 1436 2461 1520 Regulares
2488 1436 2930 1502 menfficanteS.

776 1542 1008 1607 Eadem
1040 1541 1114 1606 de
1151 1559 1360 1613 causa,
1399 1540 1508 1604 ubi
1537 1539 1736 1603 facilis
1768 1557 1891 1603 non
1924 1540 2099 1621 patet
2129 1558 2411 1603 recursus
2443 1538 2519 1603 ad
2550 1539 2947 1623 Episcopum,
2980 1541 3145 1606 licite

689 1647 753 1708 et
797 1644 1001 1709 valide
1048 1643 1301 1727 parochi
1345 1642 1703 1724 dispensant
1747 1641 1848 1713 (ex
1895 1641 2174 1705 omnium
2205 1641 2540 1724 sententia)
2585 1660 2731 1705 cum
2765 1643 2895 1706 suis
2928 1644 3143 1711 ovibus

688 1747 752 1810 in
799 1747 1124 1830 praecepto
1169 1745 1385 1810 ieiunii
1431 1747 1495 1808 et
1541 1744 1951 1809 abstinentiae
1999 1746 2186 1825 atque
2234 1743 2624 1807 observantia
2670 1744 2992 1823 festorum,
3041 1748 3145 1828 qui

687 1853 1013 1933 propterea
1058 1848 1342 1932 delegare
1398 1846 1581 1911 alteri
1624 1847 1783 1910 hanc
1844 1846 2208 1910 facultatem
2262 1847 2325 1910 et
2376 1845 2497 1928 ipsi
2550 1847 2867 1929 poterunt,
2922 1850 3143 1932 quippe

684 1971 845 2035 quae
891 1952 1042 2033 ipsis
1088 1949 1384 2032 competit
1430 1948 1671 2014 ratione
1713 1948 1902 2013 officii
1933 1950 2120 2030 atque
2151 1947 2302 2013 adeo
2350 1950 2446 2012 est
2491 1947 2819 2027 ordinaria,
2854 1954 2931 2015 ut
2967 1953 3144 2016 notat

689 2075 738 2118 s.
773 2054 1130 2137 Alphonsus
1159 2073 1220 2116 n.
1259 2053 1405 2115 192.
1440 2051 1505 2115 in
1534 2050 1639 2115 fin.
1680 2049 1801 2132 (Cf.
1836 2052 2043 2115 tamen
2076 2051 2155 2114 tr.
2196 2050 2305 2113 IX.
2347 2069 2398 2114 c.
2441 2052 2503 2114 2.
2536 2071 2593 2115 11.
2629 2052 2779 2115 328.
2814 2052 2880 2115 in
2912 2052 3068 2138 fin.).

777 2156 892 2221 Sed
939 2156 1296 2220 notavimus
1340 2156 1590 2238 insuper
1620 2175 1755 2238 sup.
1790 2175 1849 2218 n.
1887 2156 1975 2230 2⁰,
2009 2174 2079 2218 ex
2110 2154 2552 2219 consuetudine
2584 2155 2743 2220 hanc
2778 2156 3139 2222 facultatem

692 2258 976 2341 parochis
1007 2258 1161 2331 fieri,
1195 2258 1442 2322 etiamsi
1479 2257 1677 2321 facilis
1716 2256 1795 2320 ad
1826 2257 2198 2339 Episcopum
2229 2275 2509 2322 recursus
2541 2258 2773 2340 pateat.

869 2364 956 2426 5¹¹¹
989 2364 1085 2425 est
1115 2359 1518 2426 consuetudo.
1553 2361 1644 2424 De
1680 2358 2122 2424 consuetudine
2167 2359 2293 2422 iam
2325 2359 2611 2437 diximus,
2645 2360 2794 2442 quid
2828 2362 3142 2427 tribuatur

686 2484 743 2527 v.
780 2483 874 2548 gr.
907 2462 1230 2546 parochis:
1263 2462 1426 2527 idem
1458 2481 1640 2544 porro
1680 2461 2053 2526 servandum
2087 2460 2293 2542 quoad
2338 2461 2496 2526 alios
2540 2462 2858 2529 inferiores
2905 2468 3143 2547 praeter

688 2567 1009 2651 parochos.
1043 2567 1146 2631 Ita
1194 2564 1457 2648 amplior
1503 2564 1770 2629 facultas
1802 2585 1873 2629 ex
1903 2563 2344 2629 consuetudine
2389 2564 2554 2629 facta
2587 2566 2682 2630 est
2712 2552 3143 2650 praelatis‘Ec-

688 2670 1013 2735 elesiarum
1061 2670 1221 2732 ritus
1257 2688 1292 2732 a
1323 2668 1521 2732 latino
1554 2667 1799 2744 diversi,
1833 2688 1890 2731 v,
1925 2687 2017 2752 gr.
2052 2668 2322 2751 graecis:
2363 2669 2427 2732 et
2458 2669 2574 2732 hac
2609 2668 2684 2733 de
2715 2689 2905 2734 causa
2941 2673 3141 2756 graeci

690 2773 754 2835 in
787 2771 973 2835 Statu
1021 2770 1434 2854 Neapolitano
1482 2769 1772 2854 degentes
1818 2769 2078 2833 mallent
2124 2769 2222 2833 sui
2267 2769 2425 2833 ritus
2473 2771 2788 2852 praelatis⁹
2822 2792 3015 2854 quam
3059 2774 3140 2838 la-

684 2872 834 2937 tinis
880 2873 1117 2936 subiici.

867 2975 952 3037 6¹¹¹
987 2995 1129 3039 cum
1161 2975 1506 3052 dubitatur,
1547 2994 1625 3037 an
1656 2988 1836 3038 casus
1874 2974 2150 3058 indigeat
2197 2974 2669 3057 dispensatione.
2703 2978 2878 3042 Tunc
2908 2979 3139 3043 Auctor

683 3077 836 3143 dicit
871 3078 1211 3162 dispensari
1247 3096 1424 3161 posse
1455 3077 1532 3141 ab
1562 3076 1848 3140 inferiore
1877 3077 1943 3140 in
1974 3075 2161 3142 dubio
2192 3080 2498 3158 neyativo,
2531 3079 2613 3143 Et
2643 3098 2690 3143 s.
2725 3081 2911 3163 Alph.
2944 3082 3052 3145 lib.
3083 3084 3135 3145 1.

685 3199 742 3245 n.
783 3182 929 3247 192.
966 3181 1311 3257 confirmat,
1353 3205 1389 3238 «
1421 3179 1584 3262 quod
1631 3179 1760 3243 sive
1807 3179 2066 3242 dubium
2097 3179 2183 3243 sit
2211 3180 2549 3262 positivum
2597 3182 2726 3246 sive
2755 3183 3133 3267 negativum,

685 3286 892 3368 potest
954 3283 1242 3349 subditus
1289 3282 1387 3347 uti
1431 3300 1545 3346 sua
1603 3280 1894 3346 libertate
1926 3306 1987 3345 ».
2022 3283 2258 3346 Auctor
2304 3285 2516 3349 autem
2567 3284 2723 3348 nihil
2784 3284 3026 3350 dixerat
3068 3285 3141 3351 de

685 3387 875 3450 dubio
908 3387 1220 3466 positivoe
1267 3387 1415 3468 quia
1459 3385 1578 3450 hoc
1620 3384 1935 3467 supponit,
1977 3385 2358 3467 probabilem
2404 3385 2615 3451 adesse
2660 3387 2987 3464 rationem,
3036 3409 3143 3453 cur

683 3507 865 3554 casus
913 3489 1300 3554 existimetur
1343 3507 1465 3553 non
1512 3487 1944 3570 comprehendi
1988 3488 2145 3572 lege,
2195 3490 2305 3552 aut
2352 3508 2463 3552 cur
2506 3490 2648 3572 quis
2693 3493 3024 3554 excusetur
3067 3490 3143 3555 ab

689 3590 1067 3656 observanda
1114 3590 1284 3675 lege3
1335 3592 1441 3671 qui
1488 3609 1666 3655 casus
1712 3589 2314 3673 comprehenduntur
2349 3592 2567 3676 regula
2614 3592 2888 3677 generali
2920 3594 2994 3659 de
3025 3613 3141 3658 usu

682 3692 1004 3776 Opinionis
1049 3694 1404 3777 probabilis,

773 3794 966 3859 Addit
1011 3799 1220 3861 tamen
1254 3813 1302 3859 s.
1335 3794 1519 3877 Alph.
1553 3793 1737 3857 ibid:
1778 3818 1814 3852 «
1846 3794 2191 3859 consultius
2229 3814 2359 3859 esse
2392 3796 2539 3860 tunc
2585 3796 2753 3861 adire
2790 3798 3140 3880 praelatum

684 3899 792 3980 qui
839 3899 1110 3963 declaret
1156 3898 1254 3962 vel
1301 3898 1701 3980 dispenset».
1743 3895 1868 3960 Ubi
1915 3895 2163 3960 adverte
2209 3897 2328 3961 dici
2366 3898 2710 3963 com-ultius
2755 3901 2946 3982 atque
2993 3900 3137 3964 adeo

686 4019 816 4065 rem
861 4020 994 4067 esse
1039 3999 1309 4073 consilii,
1349 4018 1472 4065 non
1502 4018 1645 4064 vero
1678 3999 2008 4081 praecepti.
2057 3997 2235 4077 Quod
2281 4000 2499 4081 utique
2536 4000 2865 4065 consilium
2914 4001 3138 4067 bonum

684 4105 1047 4186 praesertim
1095 4105 1189 4168 est
1235 4123 1345 4187 pro
1391 4103 1674 4178 indoctis,
1725 4102 1835 4184 qui
1871 4101 2051 4166 facile
2096 4102 2465 4167 hallucinari
2511 4107 2781 4186 possent.

770 4205 1038 4271 Attende
1064 4209 1273 4270 autem
1297 4204 1602 4270 rationem
1634 4205 1895 4270 allatam
1921 4225 1956 4268 a
1989 4205 2241 4288 s.A1ph,
2268 4205 2446 4270 ibid.:
2481 4231 2515 4264 «
2534 4205 2690 4271 Cum
2722 4207 2785 4271 in
2812 4208 2931 4272 tali
2954 4208 3135 4273 dubio

680 4308 832 4372 bene
868 4309 1066 4391 possit
1112 4309 1301 4372 etiam
1347 4306 1662 4389 praelatus
1707 4307 1960 4372 inferior
2005 4307 2354 4391 dispensare
2401 4309 2531 4373 sine
2575 4310 2968 4374 concessione
2995 4311 3139 4396 legi-

679 4411 933 4476 slatoris
967 4436 1027 4473 ».
1062 4410 1199 4486 Sed,
1246 4413 1322 4473 ut
1367 4409 1612 4482 videtis,
1645 4409 1882 4476 Auctor
1926 4411 2178 4486 indicat,
2213 4412 2315 4476 via
2362 4413 2721 4496 expeditiori
2767 4413 2926 4478 alios
2974 4432 3138 4497 repo-

680 4514 899 4587 suisse,
925 4512 989 4573 in
1016 4530 1164 4575 casu
1194 4511 1368 4575 nulla
1395 4529 1547 4594 opus
1573 4531 1703 4577 esse
1734 4513 2208 4596 dispensatione.
2242 4514 2325 4577 Et
2347 4534 2486 4579 vere
2509 4515 2783 4598 lepidum
2808 4515 3134 4589 videbitur,
