3529 5158
693 344 798 399 184
1157 354 1369 395 macr.
1414 354 1475 394 11.
1512 354 1599 394 nn
1636 352 2054 395 couscnm'rm.
2092 354 2290 395 CAPUT
2327 352 2393 392 11.
2430 351 2573 392 nne.
2614 352 2678 391 11.
3009 335 3161 411 [186]

689 456 896 518 menta
949 454 1025 516 ab
1073 452 1387 534 aliquibus
1420 451 1903 516 auctoritatibus
1935 449 2395 533 scripturarum
2443 448 2602 513 forte
2642 449 2863 512 adduci
2895 449 3156 531 possint,

690 576 847 638 quae
889 557 1096 618 tamen
1129 572 1251 617 non
1284 553 1485 617 lucide
1524 553 1855 617 veritatem
1890 553 2223 617 ostendunt
2256 578 2316 616 ».

782 654 933 728 186.
962 656 1181 736 Quoad
1204 656 1622 719 extrinsecam
1653 656 2159 739 probabilitatem
2197 652 2621 737 perpendenda
2667 654 3008 736 propositio
3044 654 3162 717 27·

688 761 983 824 damnata
1032 760 1109 824 ab
1146 758 1493 822 Alexandro
1541 758 1685 821 VII.
1726 757 1803 821 Si
1832 757 1991 821 libe-r
2027 759 2112 820 sit
2139 756 2412 821 alicu-ius
2442 757 2715 819 iunioras
2759 760 2821 818 et
2854 755 3156 833 moderni,

686 862 863 925 (lebet
890 862 1099 941 ope‘m‘o
1132 862 1375 924 censeri
1399 859 1777 939 probabilis,
1812 859 1959 923 dum
1996 881 2124 923 non
2155 863 2409 935 constet,
2444 860 2735 922 reiectam
2768 878 2898 921 esse
2927 878 2970 920 a
3002 857 3160 921 Sede

687 964 1054 1045 ,apostolica
1091 969 1391 1044 tanquam·
1415 962 1902 1042 improbabilmn.

779 1067 918 1131 Non
951 1069 1046 1131 est-
1075 1066 1211 1130 heic
1248 1065 1634 1139 damnatum,
1676 1065 1842 1146 quod
1893 1065 2159 1129 occurrit
2206 1065 2438 1147 passim
2478 1064 2639 1147 apud
2675 1064 3023 1147 theologos,
3072 1062 3162 1127 ni-

689 1171 920 1234 mirum
967 1168 1338 1232 sententiam
1370 1185 1547 1249 posse
1594 1167 1979 1248 probabilem
2026 1166 2358 1248 aliquando
2392 1166 2607 1231 haberi
2652 1167 2901 1249 propter
2950 1169 3162 1231 aucto—

689 1273 940 1335 ritatem
989 1272 1173 1334 unius
1221 1269 1511 1335 doctoris.
1541 1268 1847 1332 Videatur
1894 1269 2053 1332 Viva
2103 1269 2179 1332 ad
2229 1287 2400 1352 prop.
2442 1269 2802 1353 allegatam,
2841 1269 2949 1333 ubi
2982 1289 3042 1333 n.
3100 1271 3157 1332 1.

691 1377 923 1446 narrat,
958 1391 1081 1454 quo
1129 1372 1314 1437 modo
1362 1372 1664 1448 nonnulli,
1706 1370 2158 1453 praetermissis
2196 1371 2672 1449 conditionibuS,
2721 1390 2880 1453 quae
2925 1371 3162 1453 passim

693 1475 771 1538 ab
804 1475 942 1538 aliis
993 1474 1070 1537 ad
1117 1474 1179 1537 id
1226 1473 1649 1556 exigebantur,
1686 1473 1992 1555 putarunt
2037 1472 2336 1550 sufficere,
2372 1472 2537 1554 quod
2568 1472 2775 1556 opinio
2814 1472 3162 1554 reperiatur

691 1577 757 1639 in
791 1578 999 1658 aliquo
1034 1577 1306 1652 auctore,
1340 1594 1463 1640 non
1509 1575 1757 1656 quidem
1807 1575 2099 1656 antiqu03
2139 1575 2285 1657 quia
2332 1575 2541 1658 posset
2593 1575 2738 1638 talis
2787 1574 2995 1657 opinio
3028 1594 3162 1639 esse

694 1679 1022 1760 antiquata
1070 1679 1169 1742 vel
1216 1679 1424 1760 aliquo
1458 1678 1721 1753 decreto,
1772 1677 1937 1759 quod
1986 1677 2325 1761 ignoretur,
2373 1676 2632 1740 reiecta:
2683 1676 2788 1740 sed
2833 1675 2897 1740 in
2947 1677 3159 1759 aliquo

692 1782 932 1846 iuniore
980 1801 1087 1846 nec
1135 1782 1218 1845 sit
1265 1781 1628 1863 proscripta.
1665 1779 1858 1859 Quasi
1904 1799 2121 1863 nempe
2155 1780 2423 1862 praecise
2454 1798 2525 1843 ex
2556 1779 2691 1854 hoc,
2726 1778 2890 1860 quod
2924 1798 2995 1843 ea
3037 1799 3161 1845 non

692 1885 778 1948 sit
809 1886 1033 1948 reiecta
1082 1884 1160 1947 ab
1206 1882 1566 1965 Apostolica
1614 1881 1785 1957 Sede,
1835 1883 2011 1946 cuius
2044 1883 2137 1945 est
2171 1882 2383 1945 noxias
2431 1880 2747 1963 opiniones
2793 1882 3157 1958 convellere,

693 1985 977 2048 videatur
1023 1986 1248 2049 habere
1295 1984 1606 2048 sufficiens
1653 1984 1893 2066 pondus
1941 1984 2017 2048 ad
2051 1984 2365 2047 externam
2412 1981 2935 2064 probabilitatem.
2987 1982 3160 2063 Quae

690 2087 942 2168 quidem
966 2088 1128 2152 ratio
1152 2087 1386 2153 nullius
1425 2089 1518 2151 est
1554 2087 1875 2152 momenti.
1910 2085 2073 2150 Nam
2098 2086 2368 2149 Ecclesia
2400 2103 2523 2149 non
2555 2084 2814 2168 configit
2838 2086 3160 2168 opiniones

691 2189 881 2253 falsas
931 2190 1150 2254 statim
1190 2210 1259 2253 ac
1291 2190 1614 2272 prodeunt,
1652 2192 1789 2253 tum
1835 2189 1982 2271 quia
2014 2207 2135 2252 non
2169 2188 2387 2252 statim
2420 2187 2496 2253 ad
2530 2187 2661 2251 eius
2694 2187 2971 2251 tribunal
3002 2188 3161 2253 defe-

692 2293 918 2355 runtur
965 2296 1100 2357 tum
1148 2293 1294 2376 quia
1328 2294 1478 2357 haec
1511 2312 1632 2357 non
1673 2292 1875 2356 solent
1903 2291 2036 2356 fieri
2065 2291 2186 2355 nisi
2231 2291 2419 2375 longo
2470 2292 2534 2355 et
2578 2292 2828 2355 maturo
2875 2292 3155 2370 consilio,

690 2396 1054 2475 praesertim
1087 2416 1229 2459 cum
1261 2395 1432 2460 virus
1457 2414 1637 2477 saepe
1669 2394 1871 2458 verbis
1903 2394 2183 2476 implexis
2218 2394 2619 2475 proponatur.

780 2498 921 2560 Huc
946 2500 1203 2581 spectat,
1231 2497 1396 2579 quod
1421 2497 1816 2561 Innocentius
1840 2496 1949 2559 XI.
1978 2498 2041 2559 et
2070 2495 2415 2560 Alexander
2447 2495 2622 2558 VIII.
2648 2496 2709 2559 in
2736 2496 2866 2560 suis
2898 2495 3160 2562 decretis

690 2602 964 2676 monent,
999 2618 1122 2664 non
1169 2599 1500 2664 censendas
1532 2618 1661 2663 esse
1696 2598 2069 2681 approbatas
2111 2599 2265 2662 alias
2313 2598 2764 2681 propositiones
2794 2598 2859 2662 in
2906 2599 3191 2665 damna*

693 2700 880 2763 tionis
915 2702 1157 2766 decreto
1184 2721 1305 2766 non
1331 2719 1664 2783 expressaS,
1705 2701 1953 2765 etiamsi
1984 2701 2291 2766 exhibitae
2323 2700 2555 2764 fuerint
2585 2719 2632 2764 s.
2675 2699 2834 2777 Sedi,
2885 2703 2959 2765 ut
2989 2702 3162 2769 dam-

696 2805 1009 2866 narentur.
1045 2801 1269 2868 Confer
1300 2804 1461 2866 Viva
1495 2803 1572 2866 ad
1599 2804 1783 2885 Prop.
1821 2804 1924 2866 27.
1958 2803 2291 2867 Alexandri
2322 2804 2465 2867 VII.
2506 2823 2566 2867 n.
2600 2805 2661 2868 4.

782 2904 951 2969 Haec
999 2907 1206 2970 tamen
1255 2925 1375 2970 non
1408 2905 1756 2988 impediunt
1802 2906 2133 2986 quominus
2177 2906 2516 2970 illiteratus
2564 2908 2762 2989 possit
2807 2909 2979 2990 sequi
3029 2929 3161 2976 sen-

693 3006 955 3071 tentiam
987 3008 1084 3072 sui
1132 3007 1545 3091 praeceptoris
1592 3008 1690 3071 vel
1739 3008 1996 3072 alterius
2044 3007 2162 3072 viri
2208 3009 2297 3091 pii
2342 3010 2406 3073 et
2450 3009 2619 3074 docti
2665 3012 2778 3074 aut
2822 3013 3159 3094 quominus

691 3110 909 3173 rustici
934 3111 1175 3193 possint
1211 3111 1593 3192 acquiescere
1634 3110 1999 3174 auctoritati
2031 3111 2283 3193 parochi
2315 3113 2429 3174 aut
2457 3112 2833 3190 confessarii,
2862 3133 2899 3178 a
2930 3116 3159 3196 quibus

690 3214 946 3277 consilia
978 3215 1288 3295 quaerunt
1318 3213 1392 3277 de
1431 3212 1874 3291 contractibus,
1910 3212 1983 3276 de
2023 3213 2413 3276 testamentis
2451 3214 2567 3277 etc.
2617 3213 2806 3278 Ratio
2845 3216 2959 3292 est,
3010 3217 3159 3298 quia

690 3316 935 3396 quando
983 3316 1322 3399 discipulus
1370 3319 1484 3380 aut
1528 3315 1726 3380 idiota
1773 3314 2212 3380 invincibiliter
2257 3315 2508 3400 ignorat
2554 3315 2926 3381 sententiam
2958 3318 3157 3397 illam,

691 3436 878 3497 quam
927 3421 1282 3501 praeceptor
1329 3420 1442 3482 aut
1489 3417 1796 3499 parochus
1845 3420 1957 3480 aut
2003 3418 2099 3481 vir
2132 3418 2269 3499 pius
2316 3420 2381 3482 et
2425 3417 2644 3482 doctus
2682 3421 2987 3504 suggerit,
3039 3423 3161 3487 sin-

690 3523 972 3605 gularem
1018 3523 1177 3587 forte
1223 3542 1353 3588 esse
1391 3525 1455 3587 et
1498 3525 1715 3588 contra
1761 3542 2151 3588 communem
2197 3524 2541 3600 doctorum,
2575 3526 2782 3607 potest
2827 3544 2961 3590 eam
3014 3528 3159 3590 tuto

690 3625 891 3705 sequi;
942 3644 1115 3689 secus
1161 3627 1224 3690 in
1272 3626 1531 3709 oppidiS,
1582 3626 1687 3690 ubi
1735 3646 1897 3690 unus
1928 3627 2023 3690 est
2052 3627 2374 3709 parochus
2402 3647 2581 3692 nemo
2614 3629 2825 3711 posset
2854 3628 2989 3694 eius
3021 3648 3161 3694 con-

690 3727 846 3791 siliis
887 3729 1000 3803 uti,
1042 3728 1144 3791 sed
1192 3729 1440 3793 deberet
1486 3729 1563 3792 ad
1611 3729 1940 3793 veritatem
1971 3729 2387 3814 indagandam
2434 3729 2830 3814 peregrinari.
2882 3729 2964 3793 Et
3011 3749 3161 3796 sane

690 3831 852 3894 sicut
901 3831 995 3894 vir
1041 3830 1260 3895 doctus
1309 3834 1372 3895 et
1418 3832 1647 3915 probus
1697 3832 1907 3914 potest
1953 3833 2126 3914 sequi
2172 3851 2350 3897 suam
2385 3832 2754 3915 opinionem,
2790 3832 3041 3913 quando
3072 3834 3162 3898 in·

691 3934 1064 3997 vincibiliter
1112 3932 1360 4018 ignorat
1406 3953 1544 3998 eam
1591 3953 1721 3998 esse
1769 3933 2182 4018 singularem:
2232 3935 2321 3998 ita
2371 3936 2434 3997 et
2462 3933 2800 3998 illiteratus
2846 3935 3060 4016 potest
3095 3937 3159 4000 in

690 4037 901 4100 eadem
947 4037 1302 4119 ignorantia
1353 4037 1704 4119 opinionem
1753 4037 1929 4118 sequi
1976 4036 2094 4100 viri
2140 4035 2306 4100 docti
2345 4039 2457 4100 aut
2502 4036 2774 4119 parochi.
2810 4035 3159 4118 Siquando

690 4139 897 4201 tamen
948 4139 1250 4215 advertat,
1286 4158 1421 4202 eam
1454 4158 1584 4202 esse
1631 4140 1848 4203 contra
1894 4155 2278 4202 communem
2329 4137 2693 4214 doctrinam,
2733 4139 2909 4221 sequi
2954 4139 3157 4222 ipsam

688 4257 810 4302 non
843 4241 1067 4320 potest,
1104 4240 1207 4304 sed
1240 4240 1423 4304 debet
1453 4241 1783 4305 veritatem
1831 4239 2158 4321 inquirere.
2195 4239 2350 4303 Vide
2393 4240 2553 4304 Viva
2584 4241 2627 4303 l.
2662 4260 2711 4305 c.
2746 4261 2805 4304 n.
2844 4243 2904 4305 5.

777 4341 1104 4404 Praeterea
1168 4341 1323 4404 nihil
1387 4341 1596 4405 obstat
1649 4341 1982 4423 quominus
2031 4343 2105 4405 ut
2151 4342 2486 4424 probabilis
2526 4341 2899 4407 admittatur
2948 4345 3157 4428 opinio

687 4443 880 4506 etiam
943 4443 1124 4505 unius
1185 4442 1474 4516 doctoris,
1530 4443 1676 4508 licet
1728 4443 1781 4506 is
1839 4443 2132 4509 adversus
2180 4462 2569 4509 communem
2616 4444 2865 4521 sentiat,
2907 4447 3154 4528 quoties

689 4563 904 4626 nempe
938 4545 1155 4607 auctor
1186 4546 1279 4608 est
1326 4545 1492 4609 omni
1525 4545 1876 4626 exceptione
1910 4546 2127 4622 maior,
2165 4546 2326 4610 idest
2358 4544 2534 4610 valde
2567 4546 2803 4628 peritus
2827 4546 2983 4612 iuris
3018 4549 3154 4612 tum
