3529 5158
340 338 454 414 [19]
1167 351 1544 394 vomita-Amr
1582 352 1983 397 pann-mouns
2736 344 2805 398 15

346 450 520 533 quid,
546 469 765 533 nempe
789 449 1124 514 secundum
1155 448 1424 529 aliquem
1456 452 1801 532 respectum
1827 451 1955 514 sive
1988 450 2262 532 aliquam
2294 453 2806 534 complacentiam

344 553 745 618 inefficacem.
791 552 1087 635 Exempla
1140 552 1426 633 prostant
1469 550 1535 615 111
1580 554 1939 629 mercatore,
1989 553 2094 634 qui
2141 554 2387 636 proiicit
2429 574 2660 620 merces
2717 556 2807 619 in-

344 664 554 728 stante
599 660 911 744 naufragii
957 662 1149 736 metu,
1183 658 1248 723 in
1293 677 1385 736 00,
1419 659 1528 741 qui
1574 660 1863 741 pecunias
1910 660 2019 725 dat
2064 661 2314 736 latroni,
2349 664 2420 726 ut
2465 663 2664 727 vitam
2696 666 2808 727 aut

344 783 527 829 suam
571 766 683 827 aut
717 761 974 827 alterius
1021 764 1255 825 servet:
1290 761 1352 824 in
1400 779 1492 837 00,
1526 762 1636 842 qui
1667 762 1857 825 vellet
1886 762 2041 827 duos
2088 763 2257 828 cibos
2289 765 2386 827 vel
2431 763 2586 828 duos
2617 764 2807 829 libros

345 867 465 931 sibi
510 883 891 948 comparare,
941 882 1083 927 cum
1127 862 1387 945 pecunia
1431 882 1546 926 sua
1592 882 1702 945 pro
1751 864 2054 929 alterutro
2102 867 2352 929 tantum
2398 866 2689 930 sufficiat.

432 969 571 1033 Vox
602 965 869 1046 simplex
915 985 1024 1030 seu
1053 964 1425 1045 simpliciter
1452 965 1518 1029 in
1562 965 1660 1029 his
1690 984 1815 1030 non
1859 966 2171 1049 significat
2200 967 2665 1049 impermixtum
2701 987 2810 1032 seu

350 1088 596 1153 purum,
646 1071 719 1131 ut
778 1067 1033 1149 quidam
1094 1066 1428 1131 oscitanter
1486 1066 1940 1145 intellexerunt,
1990 1069 2094 1132 sed
2154 1070 2466 1153 significat
2510 1070 2809 1144 absolute,

348 1171 707 1254 efficaciter,
734 1169 1043 1249 complete,
1070 1189 1226 1241 vere,
1252 1168 1528 1232 realiter.
1556 1169 1802 1235 Indoles
1832 1173 1928 1234 est
1957 1171 2209 1253 proinde
2240 1172 2428 1237 huius
2452 1174 2808 1250 voluntarii,

347 1276 421 1337 ut
450 1273 721 1337 mixtum
769 1272 853 1336 sit
884 1291 956 1335 ex
1003 1271 1354 1336 voluntario
1388 1274 1451 1335 et
1496 1271 1937 1347 involuntario,
1971 1274 2065 1337 ita
2111 1276 2184 1337 ut
2214 1274 2428 1339 eadem
2475 1276 2638 1340 actio
2670 1276 2814 1341 sim-

355 1376 595 1458 pliciter
640 1375 725 1438 sit
754 1373 1109 1439 voluntaria
1155 1375 1218 1436 et
1264 1374 1599 1438 secundum
1644 1373 1793 1455 quid
1837 1375 2293 1453 involuntaria3
2329 1378 2472 1441 volo
2518 1378 2811 1459 proiicere

350 1478 461 1542 has
506 1495 756 1551 11101003,
791 1476 1022 1541 11οΠ0111
1068 1475 1358 1558 proiicere
1405 1495 1526 1540 eas.

454 1597 508 1660 d)
534 1597 586 1648 ln
614 1608 870 1647 1111111οτ1111
907 1601 956 1646 et
994 1607 1317 1647 mmnscruu.
1347 1593 1558 1647 Primum
1597 1595 1794 1661 dicitur,
1818 1598 1946 1661 quod
1975 1603 2051 1649 est
2088 1611 2116 1649 a
2153 1598 2420 1659 voluntate,
2450 1598 2662 1663 positive
2694 1612 2807 1663 ope·

349 1687 505 1734 rante:
532 1682 743 1733 alterum
768 1692 905 1741 vere,
932 1679 1064 1743 quod
1088 1683 1292 1732 catenus
1329 1684 1404 1732 est
1442 1694 1469 1731 a
1508 1682 1778 1748 voluntate,
1802 1687 2043 1745 quatenus
2080 1694 2227 1746 agere
2260 1680 2457 1745 omittit,
2499 1696 2611 1736 cum
2649 1689 2808 1736 tamen

350 1778 491 1829 agere
527 1761 686 1832 possit
723 1777 779 1816 ac
816 1764 1007 1815 debeat.

446 1873 543 1946 18.
568 1875 734 1941 Audi
767 1895 815 1939 s,
849 1876 1155 1943 Thomam
1191 1876 1248 1938 1.
1285 1878 1344 1939 2.
1379 1896 1437 1957 q.
1475 1877 1534 1939 6.
1571 1879 1688 1940 art.
1723 1878 1807 1940 3.:
1848 1902 1882 1933 «
1917 1877 2358 1943 Voluntarium
2389 1878 2616 1943 dicitur
2646 1879 2812 1960 quod

357 1980 453 2043 est
486 1997 523 2042 a
556 1978 913 2042 voluntate:
949 1978 1027 2041 ab
1075 1978 1285 2058 aliquo
1332 1980 1543 2043 autem
1574 1978 1802 2043 dicitur
1847 1998 1978 2043 esse
2010 1979 2244 2061 aliquid
2291 1980 2638 2062 dupliciter.
2670 1980 2811 2045 Uno

354 2079 537 2146 modo
583 2080 830 2156 directe,
858 2080 1021 2161 quod
1070 2079 1303 2145 scilicet
1333 2080 1607 2162 procedit
1654 2081 1731 2145 ab
1779 2081 2007 2163 aliquo,
2042 2082 2106 2144 in
2138 2086 2444 2164 quantum
2475 2085 2571 2147 est
2601 2089 2810 2167 agene,

353 2182 519 2247 sicut
563 2181 885 2246 calefactio
919 2200 955 2246 a
1002 2182 1222 2246 calore.
1270 2182 1411 2246 Alio
1456 2182 1641 2247 modo
1688 2182 2001 2260 indirecte,
2036 2203 2107 2248 ex
2153 2184 2270 2248 1100
2313 2185 2448 2267 ipso
2495 2185 2661 2266 quod
2690 2203 2812 2251 non

354 2284 507 2369 agit,
555 2284 719 2348 sicut
764 2282 1104 2348 submersio
1166 2283 1341 2348 navis
1394 2283 1622 2348 dicitur
1667 2304 1797 2349 esse
1845 2306 1881 2349 a
1926 2286 2357 2369 gubernatore,
2391 2286 2456 2350 in
2509 2289 2814 2371 quantum

358 2386 606 2451 desistit
653 2406 690 2451 a
734 2385 1131 2469 gubernando
1166 2409 1228 2448 ».
1260 2385 1397 2450 Hoc
1442 2388 1625 2467 pacto
1672 2387 1901 2451 directe
1947 2387 2372 2452 voluntarium
2425 2390 2520 2453 est
2578 2388 2816 2459 homini

356 2488 568 2571 (patri,
602 2487 811 2562 matri,
846 2486 1225 2571 paedagogO,
1259 2487 1562 2571 magistro
1610 2490 1674 2552 et
1703 2490 1985 2570 quisquis
2032 2490 2115 2553 sit
2160 2490 2269 2570 qui
2314 2509 2524 2554 curam
2558 2491 2815 2555 alterius

356 2591 547 2676 gerit)
576 2590 733 2654 illud
779 2592 1035 2665 malum,
1070 2591 1236 2671 quod
1281 2590 1512 2655 faciant
1560 2591 1669 2654 alii
1700 2592 1904 2674 (pueri
1948 2592 2046 2656 vel
2090 2592 2320 2674 quique
2367 2593 2478 2657 alii
2521 2594 2635 2657 sub
2666 2612 2815 2657 cura

361 2692 768 2775 exsistentes),
802 2692 936 2774 ipso
967 2693 1307 2776 instigante
1341 2693 1438 2757 vel
1468 2693 1856 2776 impellente:
1887 2694 2182 2762 indirecte
2213 2715 2356 2760 vero
2389 2697 2815 2762 voluntarium

361 2796 418 2860 si
450 2795 837 2860 subditorum
882 2794 1320 2877 impudentiae,
1353 2796 1560 2877 pravis
1592 2795 1817 2860 studiis
1864 2798 1928 2860 et
1971 2797 2169 2879 culpis
2200 2817 2321 2862 non
2351 2797 2623 2876 resistat,
2649 2818 2815 2864 mere

357 2898 647 2982 negative
677 2915 742 2962 se
772 2897 1030 2973 habens;
1065 2896 1421 2961 huiusmodi
1467 2898 1629 2963 0111111
1660 2898 1898 2966 1113111111
1929 2899 2151 2981 pendet
2197 2900 2275 2964 ab
2307 2919 2379 2964 ea
2409 2900 2603 2965 libera
2635 2900 2816 2966 omis-

346 3002 517 3067 sione
566 3003 745 3066 actus
789 3000 1001 3066 debiti.

438 3103 604 3167 Sunt
636 3102 744 3183 qui
773 3102 931 3166 hanc
962 3102 1360 3184 partitionem
1392 3103 1572 3168 aliter
1603 3104 1925 3186 explicent,
1952 3105 2039 3167 sic
2069 3105 2383 3180 nimirum,
2409 3109 2483 3167 ut
2515 3106 2816 3168 directum

353 3206 565 3270 dicant
609 3202 891 3284 fommle,
924 3204 1292 3269 indirectum
1323 3223 1465 3269 vero
1497 3205 2056 3283 interpremtivum.
2089 3205 2162 3267 Id
2192 3205 2372 3285 plane
2419 3204 2817 3268 arbitrarium

352 3312 466 3374 ost.
500 3305 669 3371 Nam
716 3325 856 3371 cum
902 3305 1165 3385 formale
1211 3306 1453 3371 dicatur
1502 3306 1755 3386 aliquid,
1799 3304 2134 3372 secundum
2178 3305 2344 3386 quod
2389 3306 2452 3368 in
2500 3323 2572 3370 00
2617 3304 2817 3369 forma

362 3409 669 3492 quaedam
700 3427 809 3474 seu
842 3409 1108 3473 essentia
1139 3408 1227 3473 rei
1273 3407 1545 3482 obtinet3
1580 3407 1838 3472 formale
1875 3406 2301 3472 voluntarium
2331 3408 2595 3471 habetur
2624 3406 2816 3471 etiam

359 3513 426 3575 in
472 3511 822 3576 voluntario
870 3509 1185 3586 indirecto,
1218 3509 1444 3592 quippe
1490 3528 1597 3592 per
1642 3509 1799 3574 inud
1843 3527 2089 3590 quoque
2134 3509 2275 3573 volo
2322 3511 2388 3573 et
2431 3509 2494 3574 in
2533 3508 2816 3573 effectum

367 3614 703 3688 consentio,
737 3611 884 3676 licet
928 3613 1091 3676 hunc
1137 3612 1422 3676 effectum
1470 3612 1782 3676 obtineam
1828 3611 2033 3676 solum
2077 3611 2443 3676 removendo
2489 3609 2817 3694 prohibens

362 3734 468 3780 seu
514 3734 639 3780 non
683 3713 1089 3797 impediendo.
1135 3713 1263 3778 Alii
1308 3713 1691 3778 confundunt
1734 3713 1894 3778 hanc
1939 3713 2339 3795 partitionem
2384 3732 2526 3777 cum
2574 3713 2697 3776 alia
2743 3711 2817 3776 de

367 3818 719 3882 voluntario
750 3818 814 3881 in
847 3835 911 3881 se
942 3817 1006 3882 et
1052 3816 1115 3880 in
1147 3835 1367 3881 causa:
1402 3816 1547 3898 quid
1582 3819 1792 3880 tamen
1823 3815 2107 3880 differant
2137 3834 2249 3880 suo
2280 3817 2417 3880 1000
2451 3814 2814 3879 videbimus

462 3970 511 4034 e)
543 3970 594 4022 ln
633 3981 930 4022 nxrucrruu
969 3973 1017 4020 et
1058 3982 1545 4021 nmnnnnnmrlvvu.
1584 3967 1729 4020 Prius
1763 3970 1988 4024 habetur,
2028 3980 2136 4018 cum
2179 3979 2290 4029 erga
2331 3979 2433 4017 rem
2472 3966 2532 4015 ab
2560 3962 2812 4016 intellectu

361 4052 663 4120 propositam
700 4066 817 4107 vera
854 4050 1114 4106 intercedit
1149 4052 1416 4108 voluntatis
1454 4050 1727 4106 consensio.
1755 4053 1976 4105 Alterum
2016 4064 2152 4112 vero,
2190 4052 2384 4115 quando
2421 4050 2585 4102 nullus
2609 4045 2808 4112 quidem

362 4137 578 4193 interruit
616 4150 886 4192 consensus
923 4134 1144 4190 elicitus:
1184 4138 1324 4191 adest
1358 4135 1439 4204 1110
1478 4145 1637 4191 tamen
1675 4135 1829 4191 veluti
1865 4135 2083 4189 inclusus
2122 4149 2178 4188 ac
2215 4133 2505 4188 delitescens
2530 4132 2579 4187 in
2606 4132 2816 4187 naturali

361 4221 502 4275 animi
525 4219 839 4275 inclinatione
861 4222 924 4272 ob
946 4219 1335 4274 convenientiam
1356 4220 1429 4274 rei
1448 4236 1559 4275 cum
1581 4227 1833 4288 perspecto
1853 4220 2071 4287 appetitu
2098 4218 2339 4284 rationali,
2364 4221 2485 4274 adeo
2513 4225 2583 4283 ut,
2608 4216 2801 4273 obiecto

367 4306 631 4374 proposito,
661 4303 838 4358 merito
876 4309 1156 4358 censeretur
1191 4303 1302 4372 qu1s
1340 4319 1682 4360 consensurus

458 4420 555 4494 19.
582 4425 807 4505 Itaque
841 4422 1110 4506 primum
1139 4424 1401 4488 includit
1422 4424 1716 4488 notitiam
1744 4424 1834 4488 rei
1858 4427 1921 4489 et
1943 4426 2170 4488 realem
2201 4423 2546 4488 voluntatis
2577 4441 2824 4488 consen-

364 4544 501 4590 sum
530 4525 595 4590 in
627 4544 759 4590 rem
807 4524 1142 4608 cognitam.
1178 4524 1276 4590 Sic
1323 4545 1743 4609 quaecumque
1777 4527 2124 4592 voluntarie
2154 4525 2356 4608 reipsa
2391 4523 2673 4601 facimuS,
2708 4524 2826 4590 hoc

369 4628 549 4693 modo
598 4628 779 4692 nobis
825 4626 1178 4692 voluntaria
1226 4631 1391 4707 sunt,
1425 4629 1553 4692 sive
1600 4629 1761 4693 bona
1809 4628 1937 4693 sive
1981 4630 2167 4693 mala.
2216 4626 2693 4709 Interpretative
2723 4643 2829 4688 vo-
