3529 5158
337 364 443 442 [80]
866 360 867 363 ’
932 377 1138 420 nomn
1170 378 1255 418 nx
1290 378 1460 420 mmo
1497 376 1837 419 umanum
1871 377 2040 418 1110111
2077 376 2212 417 mo.
2727 360 2798 416 75

337 476 562 541 tuisset
591 474 799 540 videre
823 478 886 539 et
908 493 1093 557 quem
1116 478 1324 539 tamen
1346 473 1526 538 valde
1549 473 1838 556 cupiebat
1860 473 2084 537 videre.
2110 473 2271 537 Puer
2293 471 2517 538 timore
2547 472 2797 554 pluviae

340 579 449 641 aut
480 596 680 659 aquae
716 576 884 641 viam
919 576 1280 640 inundantis
1304 595 1427 640 non
1458 576 1661 660 pergit
1693 575 1771 639 ad
1802 576 2078 639 scholam
2124 577 2187 639 et
2225 574 2469 639 vacatio
2504 574 2627 656 ipsi
2659 592 2796 657 gra-

336 678 586 745 tissima
633 680 749 743 est.

428 780 716 845 Diximus
762 778 1157 862 reyzdarc‘ter.
1192 777 1350 843 Sane
1389 778 1688 843 obiiciunt
1718 778 1971 860 quidam
2018 778 2116 842 vel
2154 778 2382 843 falsam
2411 796 2541 842 esse
2571 777 2798 841 thesim

340 882 505 965 quod
539 881 965 947 involuntaria
1000 882 1127 946 sint
1156 880 1491 946 secundum
1538 881 1687 963 quid
1732 899 1890 963 quae
1921 880 2082 944 fiunt
2113 899 2183 944 ex
2216 882 2430 956 metu3
2464 899 2607 943 cum
2637 876 2801 943 Con-

339 984 554 1048 cilium
577 983 1008 1048 Tridentinum
1031 983 1452 1060 declaraverit,
1479 983 1752 1048 dolorem
1785 986 2150 1065 conceptum
2181 1001 2252 1047 ex
2282 985 2454 1046 metu
2486 983 2800 1066 gehennae

340 1086 658 1151 excludere
695 1103 873 1170 posse
911 1086 1197 1151 affectum
1242 1104 1390 1170 erga
1427 1087 1777 1168 peccatum:
1812 1085 1927 1161 vel,
1968 1087 2041 1150 ut
2073 1084 2317 1148 malunt
2348 1084 2601 1165 quidam
2631 1084 2804 1147 theo·

339 1190 472 1275 logi
510 1193 652 1273 post
681 1189 1048 1254 Ianseniana
1092 1188 1342 1273 placita,
1391 1188 1747 1254 huiusmodi
1794 1189 2069 1254 dolorem
2115 1207 2240 1252 non
2293 1186 2612 1252 excludere
2661 1186 2803 1250 affe-

342 1295 514 1356 ctum
552 1310 700 1375 erga
737 1293 1056 1374 peccatum
1082 1293 1268 1373 atque
1293 1291 1442 1356 adeo
1474 1311 1595 1357 non
1635 1292 1791 1355 satis
1823 1291 2140 1374 disponere
2170 1290 2486 1355 hominem
2518 1287 2595 1353 ad
2625 1288 2803 1353 iusti-

343 1393 717 1458 ficationem.

432 1493 571 1558 Non
607 1512 817 1559 omnes
855 1494 1068 1559 eodem
1112 1497 1294 1577 pacto
1323 1495 1712 1577 respondent,
1747 1495 1854 1559 sed
1886 1515 2028 1559 vera
2059 1494 2374 1577 responsio
2414 1496 2538 1557 est:
2574 1492 2804 1555 (listin-

341 1615 463 1676 quo
489 1615 511 1670 ‚·
557 1614 717 1676 quae
748 1594 908 1661 fiunt
952 1615 1024 1660 ex
1067 1600 1259 1672 metu,
1309 1599 1456 1661 sunt
1488 1597 1913 1661 involuntaria
1960 1594 2296 1659 secundum
2327 1594 2499 1675 quid,
2551 1594 2801 1674 quando

345 1697 462 1763 hoc
495 1696 988 1762 involuntarium
1020 1717 1141 1764 non
1175 1698 1414 1762 inducit
1442 1700 1699 1774 malum,
1735 1698 1899 1779 quod
1938 1698 2214 1771 timetur,
2248 1695 2541 1772 conced0‚·
2573 1696 2627 1760 si
2659 1714 2802 1760 vero

345 1798 583 1864 inducit
594 1798 857 1873 malum,
877 1798 1039 1881 quod
1057 1799 1333 1877 timetur,
1362 1820 1533 1883 neyo.
1561 1798 1807 1866 Scilicet
1831 1799 2021 1875 timor
2035 1799 2349 1883 gehennae
2373 1797 2510 1862 ideo
2536 1796 2806 1862 excludit

346 1904 409 1966 et
440 1901 620 1966 debet
650 1900 966 1966 excludere
997 1902 1286 1966 affectum
1323 1902 1514 1966 etiam
1543 1902 1920 1966 inefficacem
1943 1920 2090 1985 erga
2115 1903 2456 1983 peccatum,
2490 1899 2640 1981 quia
2674 1918 2805 1982 pec-

342 2005 518 2068 cator
560 2004 683 2069 scit
714 2006 832 2069 aut
874 2007 1041 2068 certe
1073 2004 1227 2069 scire
1263 2004 1463 2080 debet,
1497 2023 1569 2068 ex
1598 2006 1716 2068 hoc
1745 2023 1991 2086 quoque
2039 2004 2264 2068 affectu
2304 2003 2625 2086 provenire
2671 2021 2800 2066 ma·

338 2107 475 2170 lum
504 2104 664 2169 illud
696 2105 861 2189 quod
883 2106 1084 2183 timet,
1111 2124 1327 2190 nempe
1358 2107 1699 2193 gehennam
1732 2109 1794 2171 et
1825 2107 1961 2171 ideo
2008 2106 2173 2171 hunc
2218 2124 2462 2189 quoque
2511 2106 2799 2169 affectum

346 2208 637 2273 excludit.

430 2311 516 2376 Et
539 2313 615 2376 ut
640 2310 857 2397 paucis
893 2311 1043 2377 haec
1072 2312 1573 2396 complectamur,
1610 2311 1879 2387 adverte,
1914 2312 2078 2394 quod
2110 2314 2316 2376 metus
2353 2312 2669 2395 gehennae
2693 2309 2807 2373 im-

346 2413 525 2497 pellit
558 2431 683 2478 non
722 2413 799 2478 ad
837 2415 1155 2479 externum
1187 2417 1398 2479 actum
1429 2413 1789 2488 cavendum,
1824 2413 1927 2478 sed
1976 2412 2054 2477 ad
2099 2412 2468 2478 mutandam
2516 2411 2804 2477 volunta-

342 2519 494 2581 tem.
528 2513 596 2581 Si
626 2516 792 2581 enim
818 2518 1026 2582 metus
1046 2516 1360 2599 impellere
1391 2515 1571 2579 debet
1602 2515 1680 2581 ad
1710 2515 2146 2582 removendam
2181 2514 2335 2579 mali
2366 2514 2668 2599 originem
2691 2515 2805 2578 aut

347 2637 622 2695 causam,
653 2617 928 2702 profecto
959 2637 1100 2682 cum
1130 2636 1318 2682 causa
1346 2618 1499 2681 mali
1531 2619 1614 2682 sit
1643 2620 1984 2701 peccatum,
2012 2619 2336 2701 peccatum
2369 2619 2580 2681 autem
2611 2615 2807 2681 consi-

349 2723 480 2785 stat
526 2720 938 2787 essentialiter
968 2720 1029 2784 in
1062 2738 1256 2803 pravo
1290 2720 1513 2784 affectu
1552 2719 1915 2796 voluntati&
1949 2721 2112 2784 hunc
2141 2719 2340 2805 igitur
2383 2717 2649 2783 maxime
2681 2718 2806 2782 imo

350 2822 559 2888 solum
611 2821 927 2889 excludere
969 2823 1176 2907 potest
1207 2821 1560 2888 huiusmodi
1594 2821 1802 2898 timor,
1842 2822 2147 2905 siquidem
2191 2823 2377 2888 homo
2424 2819 2809 2886 rationabili-

350 2928 449 2990 ter
495 2927 666 3009 agat.

436 3026 617 3107 Quod
658 3027 717 3090 ei
761 3027 905 3110 poet
948 3026 1303 3090 huiusmodi
1363 3026 1636 3091 dolorem
1680 3028 1802 3091 rite
1846 3029 2210 3110 conceptum
2273 3027 2500 3107 aliquis
2548 3026 2804 3089 affectus

347 3132 604 3194 maneat
633 3147 781 3213 erga
826 3128 1059 3211 peccati
1107 3128 1434 3205 obiectum,
1468 3129 1567 3192 hic
1611 3129 1768 3192 nihil
1816 3133 1910 3193 est
1958 3128 2127 3191 aliud
2164 3128 2284 3190 nisi
2320 3128 2558 3209 primus
2596 3128 2808 3188 motus

345 3230 792 3296 indeliberatus
824 3229 921 3293 vel
966 3231 1061 3294 est
1096 3228 1499 3295 indeliberata
1544 3231 1740 3295 motio
1774 3249 1896 3293 non
1943 3227 2192 3310 quidem
2226 3226 2302 3289 ad
2331 3229 2674 3309 peccatum,
2704 3226 2810 3288 sed

344 3333 427 3397 ad
475 3331 731 3414 aliquod
792 3332 1021 3396 bonum
1068 3332 1222 3396 utile
1268 3332 1367 3397 vel
1411 3331 1772 3396 delectabile
1818 3332 1882 3395 et
1934 3331 2085 3394 haec
2130 3328 2380 3410 quidem
2429 3325 2672 3391 affectio
2719 3325 2813 3390 ita
2917 3418 2924 3424 .

347 3434 778 3498 conditionata
824 3436 896 3497 ut
957 3453 1081 3516 qua
1126 3437 1445 3517 peccatum
1492 3435 1604 3508 est,
1654 3432 2011 3515 repudietur
2057 3432 2124 3495 et
2181 3432 2431 3513 propter
2491 3430 2814 3512 peccatum

344 3538 544 3601 etiam
590 3536 823 3600 bonum
868 3535 1023 3598 illud
1069 3537 1502 3600 contemnatur
1548 3539 1610 3599 et
1657 3535 1993 3626 reiiciatur.

454 3710 619 3763 XLV.
645 3709 966 3776 Quandonam
1003 3715 1161 3761 metus
1200 3708 1279 3761 vel
1316 3721 1343 3759 a
1368 3707 1538 3774 poenis
1564 3709 1729 3762 veleb
1761 3706 1968 3761 alicuius
1994 3705 2244 3774 praecepti
2269 3704 2577 3769 obligatione
2613 3702 2813 3767 eximat,

355 3803 435 3849 aut
472 3795 672 3860 quando
709 3799 889 3856 actum,
926 3794 991 3845 ad
1029 3807 1154 3859 quos
1192 3792 1296 3859 ipse
1333 3791 1567 3856 adegerit,
1603 3791 1762 3845 valoti
1807 3791 1954 3853 obsit,
1994 3789 2095 3844 suis
2146 3789 2285 3852 10015,
2327 3789 2411 3842 ubi
2449 3792 2509 3842 de
2552 3786 2710 3848 Votis,
2754 3789 2816 3841 de

348 3877 721 3940 Contraenibur„
760 3879 823 3930 de
861 3876 1185 3942 Matrimonia
1224 3879 1285 3930 de
1322 3876 1552 3932 censuris
1576 3885 1668 3930 etc.
1694 3876 1990 3944 disputatur.

460 3969 512 4017 10
553 3975 795 4029 praesens
826 3959 1045 4015 innuisse
1081 3959 1306 4022 sufficiat,
1346 3964 1409 4014 ob
1448 3969 1628 4014 metum
1667 3962 1776 4028 ipso
1815 3966 1940 4015 racto
1976 3959 2145 4014 irritos
2168 3972 2280 4012 esse
2306 3972 2394 4011 sex
2433 3962 2570 4009 nctus
2597 3953 2675 4007 bis
2702 3967 2810 4006 ver·

350 4046 523 4102 deuiis
560 4047 980 4112 comprehensos:

939 4153 1109 4215 Tutor,
1145 4151 1392 4216 iudicium,
1430 4156 1537 4217 doS‚
1577 4166 1786 4216 sacrum,
1823 4154 2014 4217 copula,
2057 4155 2226 4203 votum

940 4238 1069 4291 Haec
1106 4252 1194 4291 sex
1235 4237 1283 4290 vi
1322 4241 1445 4291 tacta
1481 4239 1542 4290 dc
1579 4236 1686 4290 iure
1724 4235 1853 4289 scias
1893 4239 1996 4289 rore
2034 4234 2168 4290 nulia

939 4318 1113 4374 Cetera
1147 4317 1226 4375 ius
1261 4321 1462 4388 patitur,
1501 4323 1587 4375 sed
1626 4325 1796 4387 postea
1833 4319 2171 4373 restituuntur.

428 4446 561 4520 80.
604 4447 835 4518 Tutor,
866 4443 1026 4512 idest
1071 4447 1271 4512 tutela
1317 4466 1388 4512 ex
1433 4447 1608 4511 metu
1653 4444 1882 4510 collata
1931 4445 2027 4509 vel
2074 4443 2318 4508 extorta
2363 4443 2464 4509 vel
2511 4441 2817 4508 abdicata.

434 4551 785 4621 Iudicium,
825 4545 986 4611 idest
1031 4547 1341 4613 absolutio
1390 4567 1427 4612 a
1473 4565 1748 4611 censura.
